1851 3213
255 213 370 257 1236

253 320 379 352 bantur
400 317 547 351 malefici
575 328 595 349 a
610 316 706 349 furiis
722 321 781 348 aut
806 315 960 347 inanibus

256 375 526 412 peremptorum.
573 370 618 400 Et
644 368 695 398 liis
723 367 857 407 quidem
884 376 961 397 con·

255 421 408 453 scientiae
444 419 572 450 stimuli
615 418 867 454 describuntur,
905 415 962 456 qui

256 472 432 514 quiescere
457 481 522 501 non
550 471 678 508 sinunt,
692 467 751 498 sed
779 467 875 498 velut
892 475 964 497 ver·

255 522 394 554 bei-ibus
422 521 571 552 animum
596 519 784 557 lancinant,
800 526 843 547 ne
871 525 964 547 secu-

256 583 314 604 rus
330 573 375 604 sit
390 572 499 603 ullibi.

301 623 450 663 Facibus]
473 621 588 662 Igneis
605 619 762 651 stimulis.

303 672 488 713 Cingimur]
513 671 539 702 A
547 679 705 701 rmaniur.

302 724 438 755 Facibus
466 722 662 762 nequicquam
695 718 850 757 cingimur
872 716 967 756 atris]

257 775 463 814 Accingimur
478 773 662 802 Thuancns
679 780 685 798 :
699 774 878 807 utrumque
891 776 965 805 pro-

258 825 339 856 bum
376 828 441 854 est.
500 821 671 851 Videatur
704 819 758 848 hic
807 817 968 847 Bartliius

259 885 383 915 magno
400 870 658 904 commentario.
682 869 727 899 D.
747 867 859 897 Heius.

303 928 344 956 50
371 925 457 958 Quas
483 922 612 961 Jupiter
627 922 713 950 arcet
743 917 889 958 Olympo]
911 916 967 947 Sic

258 974 464 1006 veterrimus
475 971 653 1003 Lucensis:
672 969 804 1006 coeteri,
814 979 888 1000 cuni
902 970 971 999 vul-

262 1026 363 1065 gatis,
378 1035 452 1065 quas
466 1024 539 1054 coelo
565 1023 694 1063 Jupiter
719 1025 822 1052 arcet:
847 1020 895 1051 sic
918 1030 968 1051 lv.

266 1076 367 1107 Cous.
393 1075 486 1106 Hon.
509 1074 706 1104 ‘sinceram
734 1072 847 1112 patrio
876 1080 969 1102 men-

261 1131 331 1157 tem
354 1125 489 1157 suratus
503 1125 653 1165 Olympo
671 1123 691 1154 :’
717 1128 752 1154 et
768 1132 859 1163 saepe
877 1121 969 1152 alibi.

261 1176 360 1208 Idem.

305 1230 346 1258 51
373 1225 577 1265 Theudosius]
605 1226 674 1256 Pro
690 1223 915 1255 Theodosius.

306 1282 346 1309 53
374 1280 512 1318 Cumque
531 1277 609 1308 Pide
623 1274 752 1314 Pietas]
776 1275 867 1304 Duae
883 1283 970 1304 soro-

261 1339 313 1359 res
329 1328 496 1365 Jusffitiae,
514 1336 592 1356 nam
617 1330 695 1365 post
712 1333 850 1354 aureum
868 1333 971 1353 saecu-

261 1380 329 1409 lum
348 1388 423 1409 cuni
440 1377 480 1407 iis
499 1377 541 1407 ad
559 1376 682 1406 coelum
711 1374 834 1404 abiisse
859 1374 971 1413 po'etae

260 1428 457 1458 finxerunt:
482 1426 641 1459 Juvenal.
660 1426 733 1456 Sat.
761 1434 832 1455 vn:
858 1425 866 1440 ‘
882 1424 971 1454 Pau-

261 1479 358 1510 latim
376 1477 500 1509 deinde
530 1476 572 1507 ad
601 1485 739 1515 superos
758 1475 894 1506 Astraea
920 1484 971 1505 re-

262 1530 378 1567 cessit,
390 1528 465 1559 Hac
481 1527 620 1567 comite,
636 1530 739 1567 atque
754 1526 827 1557 duae
841 1526 972 1566 pariter

258 1579 381 1620 fugere
399 1578 555 1609 sorores!

305 1631 385 1661 Alta
401 1629 531 1669 cervice]
559 1629 685 1659 Erecto
703 1627 827 1667 animo,
845 1632 880 1658 et
897 1636 970 1658 suc-

261 1682 411 1712 cessibus
429 1691 539 1712 rerum
558 1680 765 1712 confidente.
809 1680 928 1711 Barth.

304 1736 344 1763 55
369 1732 523 1772 Liquiclas
546 1741 602 1772 per
617 1732 724 1771 auras]
758 1731 887 1761 Coelum
911 1740 971 1770 pu-

263 1791 351 1822 rum,
368 1781 457 1822 quod
479 1781 632 1811 invidens
649 1781 753 1811 Furia
770 1789 972 1811 commemo-

262 1837 327 1863 rat.
371 1831 429 1863 Sic
446 1831 568 1862 Horat.
592 1830 601 1846 ‘
615 1831 721 1861 Ferar
734 1830 850 1860 Penna
866 1829 970 1860 bifor-

262 1883 324 1913 mis
341 1891 404 1922 per
423 1881 589 1922 liquidum
607 1879 760 1910 aethera.y
785 1880 883 1910 Idem.

304 1935 347 1963 56
369 1933 399 1963 A
415 1931 528 1972 stirpe]
553 1930 608 1961 Ab
626 1936 661 1961 et
685 1940 761 1961 cum
778 1929 860 1970 ipsis
886 1929 972 1961 radi-

263 1982 375 2015 cibus.
421 1983 520 2013 Idem.

303 2036 344 2064 57
372 2033 537 2064 Tenebroso
556 2043 570 2063 e
586 2031 723 2071 carccre]
756 2032 844 2062 Sane
862 2032 971 2063 Theo-

261 2083 355 2114 dosio
380 2083 536 2122 principe
551 2081 704 2113 refloruit
720 2082 970 2124 quodammodo

265 2134 432 2175 Respubl.
462 2135 635 2165 Romana:
660 2133 750 2164 unde
769 2134 867 2164 alibi:
888 2136 897 2151 ‘
912 2143 971 2175 po-

259 2189 344 2215 nunt
379 2183 555 2215 Caniciem
590 2184 695 2223 leges
735 2183 971 2214 emendantur-

260 2243 326 2275 que
365 2238 530 2274 venustae,
567 2233 819 2275 Acceduntque
850 2233 972 2266 novae.'

262 2284 365 2314 Idem.

307 2332 477 2364 Tenebroso
504 2343 519 2364 e
547 2344 672 2365 carcere
698 2334 795 2374 leges]
842 2335 972 2375 Scripti

261 2392 329 2414 non
361 2389 549 2423 agnoscunt
564 2383 601 2414 τὸ
631 2395 672 2415 e:
697 2385 823 2425 primus
856 2390 971 2416 tamen

260 2434 375 2466 Vatic.
405 2435 530 2475 aliique
557 2436 748 2476 complures
777 2437 810 2466 in
837 2447 970 2468 carcere.

263 2485 306 2516 D.
325 2485 444 2516 Heius.

306 2538 348 2566 58
372 2535 551 2575 Indecores]
585 2535 665 2566 Sine
681 2536 798 2577 vigore
814 2542 874 2569 aut
900 2537 970 2578 glo-

265 2595 328 2617 ria.

307 2639 349 2667 (30
375 2637 460 2672 Quid
481 2636 591 2675 furias
618 2637 740 2677 deceat]
776 2638 871 2669 Mala
897 2638 970 2670 scil.

265 2687 389 2726 omnia,
404 2688 450 2718 nil
467 2688 602 2718 omnino
621 2689 775 2728 probum.

308 2740 348 2769 61
376 2739 546 2779 Conventa]
577 2739 743 2781 Concilio,
770 2750 828 2772 seu
859 2741 971 2782 potius

267 2789 437 2821 conluvie.
463 2790 580 2822 Barth.

501 223 644 254 NOTAE
677 222 945 253 VARIORUM
981 220 1032 251 ΙΝ
1067 220 1143 250 CL.
1176 219 1362 250 CLAUD.
1398 219 1473 250 111.

1056 316 1097 345 62
1121 314 1197 344 Jam
1213 314 1314 354 cupio,
1329 312 1395 352 ssa]
1427 311 1484 342 Sic
1500 310 1622 352 Virgil.
1644 311 1723 343 AEn.

1010 366 1032 396 l.
1047 375 1113 396 vu.
1137 366 1146 382 ‘
1160 366 1214 396 cui
1234 365 1348 396 tristia
1374 364 1463 395 bella
1491 363 1627 404 Iraeque
1643 362 1721 394 insi·

1012 416 1144 456 diaeqne
1160 421 1195 447 et
1212 416 1310 447 noxia
1326 415 1467 446 crimina
1479 413 1598 445 cordi!

1055 470 1096 497 63
1122 467 1216 498 Flata
1233 467 1349 498 violare
1365 464 1462 504 aiem]
1492 462 1640 495 Afflatus
1656 463 1724 494 Fu.

1014 518 1139 549 riarum
1171 523 1230 549 aut
1255 517 1439 548 inferorum
1471 516 1562 546 diem
1593 515 1722 546 violare

1015 568 1228 600 credebatur.
1252 568 1339 600 Vide
1358 567 1438 598 illud
1457 567 1499 597 de
1518 569 1619 606 raptu
1637 565 1723 596 Pro·-

1014 629 1104 659 serp.
1128 621 1135 635 ‘
1150 619 1332 660 afflataque
1350 627 1453 649 curru
1466 616 1588 648 Sidera
1602 615 1722 646 Taena·

1015 670 1090 701 rio.'
1136 672 1263 701 Contra
1290 670 1434 710 afflatum
1460 667 1537 698 lucis
1572 665 1724 696 coelestis

1016 719 1114 749 inferi
1134 729 1198 749 uon
1215 719 1444 759 patiebantur.
1469 716 1585 748 Barth.

1060 774 1100 801 65
1127 772 1170 801 Et
1188 781 1291 801 rerum
1306 770 1541 811 rexarefidem]
1557 769 1613 800 Ita
1629 771 1726 799 recte

1018 819 1220 851 Cluverius:
1245 830 1308 851 nec
1325 820 1445 860 scripti
1472 820 1631 850 meliores
1661 817 1727 849 dis-

1018 870 1184 901 sentiunt.
1230 871 1418 910 Vulgatum
1439 871 1547 901 laxare
1561 869 1644 900 ferri
1662 877 1727 899 non

1018 925 1147 961 potest,
1164 921 1254 961 quod
1273 920 1501 961 praecesserit.
1527 920 1595 950 Alii
1609 920 1730 959 lapsare

1020 981 1082 1011 pro
1100 972 1214 1002 lassare
1231 971 1332 1001 etiam
1351 979 1415 1001 non
1432 970 1531 1001 male.
1568 970 1649 1000 Duo
1662 973 1729 1000 tur-

1020 1022 1091 1053 bare
1100 1034 1109 1052 .·
1119 1022 1281 1053 Barihius
1289 1023 1410 1053 laxare.
1430 1021 1574 1052 Vexamli
1587 1020 1729 1052 verbum

1020 1073 1208 1104 Claudiano
1225 1083 1290 1103 non
1309 1082 1452 1103 novum:
1484 1071 1506 1102 l.
1526 1080 1548 1103 ι.
1567 1072 1602 1102 in
1620 1070 1730 1102 stilic.

1020 1123 1061 1154 de
1078 1123 1178 1153 navi:
1202 1125 1210 1139 ‘
1226 1123 1373 1153 Nubilus
1390 1123 1509 1162 AEgaeo
1537 1130 1637 1162 quam
1663 1124 1733 1151 tur-

1019 1173 1099 1204 bine
1116 1178 1219 1203 vexat
1230 1172 1361 1204 Orion?
1385 1171 1457 1203 Lib.
1471 1180 1513 1202 11.
1536 1172 1545 1187 ‘
1559 1171 1731 1201 Vexatum

1019 1234 1143 1264 corpus
1160 1223 1265 1254 laceri
1277 1222 1386 1263 regni’
1405 1222 1514 1253 dixit:
1540 1222 1596 1252 et‘
1613 1221 1731 1252 urbem

1019 1275 1211 1314 legionibus
1245 1272 1394 1312 vexare‚'
1421 1273 1444 1303 l.
1458 1281 1512 1304 111.
1542 1271 1617 1303 Lib.
1634 1281 1659 1303 1.
1686 1272 1731 1302 de

1020 1325 1127 1364 Rapt.
1151 1326 1160 1341 ⁴
1177 1324 1292 1355 Obvia
1317 1327 1462 1354 centeno
1486 1327 1645 1353 vexasset
1667 1321 1733 1353 ful-

1021 1374 1113 1404 mina
1137 1373 1254 1404 motu.’
1290 1372 1381 1404 Ibid.
1416 1375 1424 1389 ‘
1440 1373 1486 1403 Et
1512 1373 1605 1403 nullo
1631 1372 1733 1413 rigidi

1022 1425 1195 1457 vexabere
1226 1425 1369 1457 vomeris
1401 1424 1499 1456 ictu!
1543 1425 1600 1455 Sic
1632 1429 1732 1456 vetus

1022 1476 1121 1507 liber.
1140 1476 1230 1507 bello
1256 1476 1394 1514 Getico,
1417 1475 1426 1492 ‘
1439 1474 1530 1508 Quid
1548 1475 1683 1514 mirum,
1704 1475 1733 1506 si

1024 1536 1127 1567 regna
1142 1527 1240 1559 labor
1255 1527 1413 1558 mortalia
1427 1531 1529 1558 vexat
1543 1525 1566 1556 ?’
1591 1526 1681 1557 unde
1697 1530 1734 1558 et

1023 1582 1169 1617 apparet
1184 1577 1273 1609 infra
1289 1577 1377 1608 libro
1393 1586 1436 1608 11.
1457 1579 1466 1594 ⁴
1483 1577 1593 1608 Solito
1611 1586 1732 1617 pacem

1023 1637 1150 1658 vexare
1191 1627 1363 1667 tumultu‚'
1397 1638 1512 1659 veram
1550 1627 1734 1659 lectionem

1023 1687 1109 1708 esse.
1153 1679 1313 1710 Adeatur
1331 1678 1373 1710 A.
1397 1679 1531 1710 Gellius
1549 1677 1735 1710 Noct.·At-

1022 1727 1078 1759 tic.
1097 1737 1137 1760 ιι.
1163 1732 1193 1760 G.
1239 1730 1338 1770 plura
1367 1730 1449 1760 alibi
1477 1729 1642 1760 dicemus.
1687 1730 1733 1761 D.

1022 1778 1137 1810 Heius.

1064 1832 1106 1860 66
1133 1831 1175 1860 Et
1200 1833 1299 1861 tortos
1321 1833 1512 1871 serpentum,
1534 1829 1605 1870 ξω]
1641 1829 1732 1861 Vide

1020 1880 1116 1920 Virg.
1131 1881 1261 1912 AEneid.
1273 1890 1323 1912 vr.
1345 1883 1354 1898 ‘
1374 1881 1630 1921 Quinquaginta
1646 1880 1732 1911 atris

1020 1930 1176 1962 immanis
1192 1931 1341 1962 hiatibus
1355 1931 1486 1972 hydra!

1066 1982 1187 2012 Hiatus
1202 1982 1315 2022 tortos]
1340 1983 1408 2012 Pro
1437 1981 1536 2012 tortis
1568 1981 1735 2022 serpenti-

1022 2031 1084 2062 bus
1114 2032 1212 2071 dixit,
1242 2033 1299 2073 qui
1324 2033 1418 2064 hiatu
1448 2031 1556 2064 orium
1585 2033 1733 2064 maxime

1023 2081 1199 2113 timentur.
1246 2082 1364 2112 Barth.

1069 2132 1178 2163 Tortos
1202 2135 1379 2172 serpentum
1404 2132 1508 2163 erexit
1533 2132 1653 2173 hiatus]
1675 2132 1733 2164 Ita

1024 2182 1117 2222 prior
1133 2183 1232 2214 Leid.
1245 2192 1330 2213 unus
1342 2183 1469 2214 Petav.
1484 2187 1521 2214 et
1537 2183 1651 2215 Oxon.
1663 2192 1732 2214 non

1022 2236 1112 2264 totos.
1131 2234 1242 2264 Furiis
1260 2238 1367 2264 tortos
1381 2242 1509 2273 angues
1522 2242 1541 2263 a
1553 2232 1663 2273 potitis
1675 2233 1733 2264 (la-

1023 2283 1051 2313 ri
1066 2283 1214 2314 obvium.
1253 2282 1359 2314 Ovid.
1373 2283 1406 2313 in
1420 2282 1519 2314 Ibin:
1544 2284 1553 2299 ‘
1568 2283 1731 2325 Quasque

1022 2333 1140 2366 ferunt
1165 2339 1257 2365 torto
1285 2335 1420 2366 vittatis
1457 2344 1568 2375 angue
1600 2335 1732 2375 capillis

1022 2384 1179 2416 Carceris
1197 2385 1359 2416 obscuras
1377 2390 1457 2416 ante
1474 2384 1595 2415 sedere
1611 2383 1730 2417 fores!

1022 2436 1067 2466 Et
1078 2435 1210 2466 alibide
1220 2436 1416 2476 Tisiphone,
1433 2438 1441 2452 ‘
1455 2440 1614 2476 tortoque
1626 2436 1732 2467 incin-

1020 2487 1110 2526 gitur
1125 2496 1233 2527 angue
1247 2487 1271 2517 ε’
1291 2486 1462 2527 quomodo
1484 2491 1520 2518 et
1543 2487 1585 2518 de
1609 2488 1730 2520 eadem

1021 2537 1198 2577 Virgilius,
1222 2539 1426 2578 ‘tortosque
1452 2537 1589 2568 sinistra
1612 2539 1732 2570 Inten-
1761 2538 1764 2541 ’

1022 2592 1098 2618 tans
1110 2588 1260 2629 angues‚’
1286 2594 1323 2619 ut
1340 2588 1545 2619 vetustiores
1558 2589 1634 2620 libri
1651 2590 1731 2621 scri·

1022 2638 1118 2670 bunt.
1161 2639 1294 2670 Seneca
1329 2640 1493 2680 Thyeste,
1530 2641 1538 2657 ‘
1554 2640 1644 2673 Quid
1673 2650 1730 2672 ora

1021 2693 1129 2720 terres
1141 2690 1296 2729 verbere,
1321 2698 1355 2721 et
1372 2695 1477 2721 tortos
1502 2690 1600 2722 ferox
1618 2691 1730 2723 Mina-

1022 2741 1067 2771 ris
1092 2751 1219 2782 angues
1232 2741 1254 2772 ?’
1288 2741 1428 2781 Medea,
1452 2743 1461 2759 ‘
1477 2751 1599 2782 agmen
1626 2739 1729 2773 infer-

1022 2801 1103 2823 num
1131 2790 1224 2824 faces
1240 2791 1422 2824 Intentat:
1454 2792 1576 2834 ingens
1609 2792 1732 2835 anguis
