1852 3182
522 203 584 234 DE
618 205 680 234 IV.
713 203 853 234 CONS.
885 206 1069 237 HONOR.

65 294 152 326 nidis
183 305 273 328 νει-ας
311 297 442 337 signum
483 300 519 327 et
554 295 761 335 praesitlium.

68 343 186 376 Barth.

107 395 180 426 Xon
203 395 434 426 circumstantia
458 394 539 434 pila]
576 395 762 428 Nervosius

61 453 160 483 qnam
177 455 230 475 nec
246 445 364 484 scripti
386 445 538 484 potiores
565 454 688 486 magno
705 456 762 478 nu-

62 501 169 525 mero.
194 494 238 524 D.
252 493 365 524 Heius.

102 547 165 574 2⁴3
192 541 422 584 Alternafidcs]
457 543 506 574 Ut
523 549 654 575 ametur
671 546 760 577 enim

58 594 192 633 aliqniS,
220 599 311 625 amet
338 595 408 633 ipse
434 601 604 626 amaturos
621 605 760 628 neccsse

58 648 118 673 cst.
142 644 284 681 Seneca,
297 644 407 684 Epist.
425 653 474 676 ix.
502 647 511 662 ⁴
529 646 662 678 Quaeris
679 658 757 688 quo-

55 692 154 723 modo
167 691 322 724 Amicum
339 695 408 725 cito
423 695 574 727 facturus
590 698 634 729 sis
648 700 658 728 ἓ
687 699 758 730 He-

54 747 152 773 caton
170 743 237 774 ait:
263 744 334 784 Ego
356 745 416 776 tibi
434 748 630 778 monstrabo
655 748 756 780 Ama-

53 793 189 832 toriuin,
216 794 288 825 sine
314 796 578 835 medicamento,
595 799 666 830 sine.
683 799 756 830 her-

54 842 106 880 ba,
121 843 193 874 sine
210 845 309 875 ullius
336 846 500 877 veneticae
517 849 675 880 carmine.
719 850 755 879 Si

52 892 100 923 vis
115 894 232 930 amari,
248 895 348 925 arna?

92 942 233 982 Simplex
255 945 376 985 gratia]
402 947 576 978 Candidus
597 947 752 980 affectus.

49 991 202 1032 Simplrae,
219 993 418 1034 infucatum,
435 997 631 1037 candidum,
647 999 753 1030 sinee-

49 1051 191 1083 rumque
208 1045 308 1075 valet.
332 1045 451 1076 Barth.

80 1095 142 1123 231
170 1094 260 1128 Quod
270 1104 302 1124 se
311 1096 540 1135 pulcherrimus
553 1096 631 1136 ipse]
647 1098 700 1128 Sic
715 1098 751 1128 li-

46 1141 97 1173 bri
120 1147 265 1182 veteres,
281 1153 346 1174 non
364 1146 428 1184 qni.
449 1146 538 1177 unde
560 1157 616 1186 quo
638 1148 750 1187 legen-

46 1192 204 1233 dumjam
227 1194 308 1225 olim
323 1195 405 1232 vidi,
423 1202 457 1226 et
475 1197 652 1229 confirmat
667 1208 750 1230 unus

45 1244 232 1276 Medicens.
260 1254 321 1285 pro
346 1246 410 1286 ipse
427 1247 515 1278 idem
531 1248 616 1279 liber
632 1249 696 1287 ille,
712 1254 750 1280 ut

44 1299 79 1325 et
103 1294 249 1325 Putean.
269 1301 304 1326 et
322 1298 416 1336 prior
435 1298 572 1329 Moreti.
592 1307 747 1331 venuste.

42 1343 132 1376 infra
159 1346 279 1376 ‘velut
308 1347 364 1377 ille
397 1349 520 1379 cariuae
558 1350 748 1390 Longaevns

42 1398 177 1426 κρεῖον]
194 1405 243 1426 Π.
258 1396 357 1428 Cons.
376 1398 466 1429 flou.
485 1401 493 1415 ‘
507 1399 555 1430 sic
571 1401 626 1430 ille
645 1400 747 1432 mina-

41 1455 115 1476 cem
133 1446 288 1485 Trajecit
303 1447 453 1478 Tiberim
471 1449 613 1481 Cocles:
651 1451 746 1481 Bello

42 1495 123 1526 Get.
149 1496 158 1512 ‘
178 1497 225 1526 sic
244 1497 302 1528 ille
320 1498 514 1539 relinquem
530 1501 671 1540 Jejunos
689 1511 746 1531 an-

40 1549 96 1576 tro
127 1547 260 1577 catulos
289 1547 364 1578 leo.‘
397 1558 510 1580 rursus
535 1560 582 1582 vi.
609 1551 745 1582 Consul.

40 1595 170 1628 Honor.
195 1598 282 1629 ‘Cui
313 1599 457 1638 simplex
481 1602 571 1631 calet
599 1602 655 1632 ille
688 1612 746 1642 pu·

38 1646 125 1677 aar!
150 1647 198 1678 ita
226 1648 314 1678 enlin
347 1650 465 1690 scripti
499 1651 649 1691 quidam,
679 1662 744 1683 non

37 1706 99 1728 ore.
123 1697 237 1728 Valer.
263 1698 418 1738 Flaccus,
447 1699 505 1731 lib.
521 1709 555 1730 v.
580 1702 588 1716 ‘
609 1701 660 1731 Ac
675 1702 744 1733 vel-

37 1752 76 1778 ut
91 1747 146 1779 ille
161 1747 274 1788 gregis
300 1749 404 1780 cessit
422 1750 478 1780 cui
493 1750 586 1789 regia
604 1751 743 1784 taurus)

38 1797 145 1828 Plura
175 1799 268 1839 apud
295 1799 416 1840 poetas
444 1802 601 1841 exempla
625 1811 743 1832 occur-

38 1852 116 1879 runt
130 1849 269 1888 passim.
313 1850 452 1880 Servius
476 1849 518 1880 ad
542 1851 616 1881 AEn.
635 1851 690 1882 lib.
706 1860 742 1883 x.

34 1899 200 1942 ‘Antiqui
229 1901 288 1932 Ille
329 1902 381 1932 rel
417 1903 643 1942 magnitudini
689 1904 742 1935 vel

35 1950 207 1981 nobilitati
234 1952 474 1991 assignabant!
499 1951 664 1992 Apuleius
682 1954 741 1985 ini-

34 2000 82 2031 tio
110 2000 348 2033 Milesiorum:
373 2002 382 2018 ⁴
402 2002 555 2042 Originis
577 2008 740 2036 maternae

33 2055 161 2081 nostrae
189 2050 412 2083 fundamenta
443 2063 461 2083 a
483 2054 669 2085 Plutarcho
684 2055 741 2086 illo

34 2100 164 2140 inclyto
203 2102 337 2140 prodita
375 2102 518 2142 gloriam
560 2104 656 2135 nobis
692 2104 740 2135 fn-

33 2150 154 2181 ciunt.'
179 2150 224 2182 D.
239 2151 351 2182 Heius.

74 2203 137 2232 285
163 2202 301 2232 Mundus
323 2211 427 2232 amore
452 2202 545 2242 liget]
572 2202 739 2243 superno-

31 2258 118 2289 rum,
149 2251 364 2291 omniumque
403 2252 549 2282 universi
588 2253 738 2293 corporis

0 2316 1 2346 i
31 2300 260 2331 membrorum
271 2300 471 2332 admiranda
481 2303 680 2342 concordia,
694 2304 737 2334 ad

0 2348 1 2360 ¹
32 2349 241 2381 subditorum
272 2359 423 2382 amorem
459 2351 652 2393 Principem
685 2364 738 2385 co-

30 2398 196 2432 hortatur.
241 2401 290 2432 Ut
316 2406 478 2434 constent
501 2403 590 2434 enim
607 2404 735 2436 minora

29 2450 223 2490 majoribus,
270 2457 438 2483 concentu
487 2457 523 2484 et
562 2454 734 2495 conspira-

31 2499 122 2531 tione
135 2502 285 2533 omnium
300 2512 385 2543 opus
402 2503 479 2534 erit.

73 2550 188 2582 Amore
217 2553 310 2592 lig-et]
349 2553 491 2584 Vincula
526 2554 621 2585 velut
655 2564 736 2595 quo-

30 2598 132 2639 pium.
155 2600 277 2633 Boeth.
304 2601 363 2634 lib.
380 2611 420 2634 11.
437 2603 480 2634 de
497 2603 598 2635 Cons-
618 2604 732 2635 Carm.

27 2653 59 2682 8.
84 2650 200 2682 Barth.

73 2699 141 2730 Nec
173 2701 206 2730 vi
242 2711 378 2733 connexa
412 2714 469 2744 per
505 2704 620 2745 oevum]
662 2704 732 2736 Sed

29 2758 155 2782 amore.
178 2750 268 2782 Vide
290 2751 472 2785 Platonem
491 2755 632 2796 Timaeo,
646 2755 733 2795 ejus-

120 2803 233 2845 Dclplt.
248 2807 277 2835 ct
295 2805 366 2837 Var.
384 2806 469 2838 Clas.

698 2807 815 2839 Claud.

1406 204 1518 247 1:345

816 304 882 337 que
899 297 1118 337 interpretes,
1142 299 1238 332 Idem.

857 349 920 378 286
947 348 1026 388 Qui]
1051 349 1130 388 Qui,
1157 351 1335 390 quomodo.
1371 356 1517 388 Quomo-

813 395 869 436 do,
882 397 941 436 ait‚
956 399 1026 438 Sol,
1041 399 1270 439 rapidissimus
1285 402 1380 441 ignis,
1397 411 1516 437 natur-1

813 456 872 478 sua
902 454 1024 488 potens
1055 460 1196 481 exurere
1213 452 1324 482 omnia
1340 458 1374 484 ct
1391 455 1518 486 tabefa-

813 507 902 536 cere,
920 500 946 529 si
964 501 1102 545 propigis
1120 501 1316 532 admoveret
1337 512 1385 540 sc,
1403 505 1516 542 perili-

812 553 907 579 turus
924 551 1048 589 ornuia,
1072 562 1137 582 non
1163 552 1195 582 id
1213 558 1291 592 agat
1309 557 1438 591 tamen,
1455 556 1515 586 sed

811 599 923 629 medio
941 601 1046 630 limite
1069 601 1230 632 incedens
1248 603 1376 633 nutriat
1402 605 1514 643 potius

810 648 947 680 subdita
961 660 1060 690 quam
1072 651 1205 681 adurat.
1239 652 1336 682 Idem.

850 701 914 729 288
938 699 1049 730 Terras
1064 699 1221 740 ambitque
1234 702 1387 742 vellitque]
1413 703 1513 733 Mun-

808 748 887 779 dum
909 756 1056 781 nostrum
1075 750 1277 782 circumfluo
1295 752 1372 782 atii-e
1390 754 1512 784 attine—

807 799 848 837 ri,
865 801 947 831 etin
965 811 999 831 se
1016 802 1139 832 librato
1166 802 1318 842 pondere
1334 802 1427 844 ferri,
1445 810 1512 836 tra-

805 850 890 882 ‹lunt
903 861 1069 883 consensu
1087 852 1237 893 Physici.
1263 854 1360 885 Idem.

848 904 911 932 290
936 903 999 936 Qui
1015 904 1205 942 terret‚1›lus
1221 904 1284 943 ipse
1312 905 1419 945 timet]
1442 906 1510 937 Ve-

806 950 971 982 rissimum
997 958 1108 983 antem
1134 952 1205 984 τοὺς
1231 955 1510 993 διαπραττομένους

803 1000 857 1040 βίᾳ
874 1000 931 1030 ὑπὸ
946 1003 1007 1031 τῶν
1021 1002 1210 1037 βιασθέντων
1235 1005 1402 1041 μισεῖσθαι,
1417 1007 1507 1046 qnod

804 1051 850 1080 ait
871 1051 994 1091 Lysias.
1018 1053 1167 1083 Ennius:
1194 1055 1202 1070 ‘
1223 1056 1332 1085 Quem
1352 1062 1508 1087 metuunt

803 1101 958 1132 oderunt.
984 1103 1092 1134 Quem
1115 1103 1187 1134 odit
1205 1105 1359 1144 quisque,
1378 1106 1507 1145 perisse

801 1151 916 1190 cupit.¹
941 1151 1039 1182 Idem.

842 1202 906 1231 292
929 1200 1076 1241 Septique
1102 1202 1240 1242 venenis]
1266 1203 1439 1234 Accnrate
1456 1210 1506 1235 at-

801 1249 976 1281 tendenda
987 1252 1059 1282 haec
1076 1253 1192 1283 verba.
1238 1252 1355 1284 Gladii
1370 1254 1458 1284 enim
1473 1254 1506 1285 in

800 1300 915 1332 hostes
934 1302 1086 1341 tyrannis
1109 1303 1234 1342 parati,
1261 1312 1392 1335 venena
1407 1304 1439 1334 in
1454 1314 1505 1335 se·

798 1351 972 1390 metipsos,
988 1356 1024 1382 ut
1041 1352 1200 1384 videlicet
1219 1354 1349 1385 meritis
1361 1364 1396 1385 se
1414 1355 1504 1386 illico

799 1401 907 1440 poenis
934 1402 1067 1442 eripere
1102 1403 1246 1442 possint,
1280 1403 1338 1434 ubi
1368 1403 1505 1436 fortuna

798 1451 939 1481 adversa
957 1452 1139 1490 ingruerit.
1180 1453 1278 1483 Idem.

838 1504 901 1532 293
926 1503 1089 1542 Ancipites
1113 1502 1242 1533 habeant
1272 1503 1372 1542 arces]
1402 1505 1504 1535 Arcas

797 1557 987 1582 correctum
1015 1562 1196 1592 perperam
1214 1563 1232 1582 a
1248 1553 1404 1584 Bnrtliio.
1441 1555 1503 1584 Ar-

795 1611 844 1632 ces
867 1602 957 1632 enim
996 1602 1133 1642 proprie
1165 1609 1394 1642 tyrannorum.
1419 1604 1502 1634 nihil

795 1651 900 1692 inagis
913 1651 1047 1682 obvium
1058 1652 1148 1691 apud
1164 1658 1295 1683 veteres
1307 1653 1501 1693 scriptores·

795 1706 912 1731 noster
928 1701 1000 1741 ipse
1017 1701 1226 1733 Prztt'zitione
1252 1703 1331 1733 libri
1360 1704 1502 1734 secundi

796 1751 829 1781 in
861 1751 1086 1791 Eutropium:
1110 1754 1117 1768 ⁴
1137 1752 1252 1782 Mollis
1269 1752 1427 1784 foeininea
1443 1753 1501 1783 ‹le-

795 1801 945 1832 truditur
973 1811 1050 1832 arce
1080 1801 1267 1841 tyrannus!
1291 1802 1347 1833 ubi
1379 1812 1501 1843 perpe·

795 1862 866 1882 ram
894 1851 982 1882 idem
1009 1852 1168 1882 Barthins
1193 1851 1231 1882 τὸ
1253 1856 1333 1893 arte,
1358 1854 1446 1894 quod
1464 1855 1499 1885 in

794 1902 962 1934 mendosis
990 1907 1106 1933 exstat
1133 1902 1318 1941 codicibus,
1349 1907 1401 1934 cst
1429 1913 1498 1934 am-

794 1952 924 1992 plexus.
947 1952 1096 1991 ancipites
1123 1962 1185 1992 pro
1202 1953 1390 1993 proecipites.
1407 1954 1499 1994 apud

794 2003 964 2034 Nasonem
991 2003 1079 2034 Met.
1109 2012 1176 2034 xu.
1204 2001 1267 2033 “ab
1281 2004 1423 2045 ancipiti
1440 2003 1498 2036 ‹le-

792 2053 904 2093 lapsns
936 2053 1089 2084 acumine
1121 2053 1268 2084 montis!
1314 2054 1498 2095 Martialis,

791 2102 878 2132 libro
903 2111 966 2132 vn.
1003 2102 1068 2142 Ep.
1083 2104 1136 2133 92.
1160 2103 1169 2118 ‘
1187 2102 1330 2141 Narnia,
1358 2103 1496 2144 sulphu-

790 2161 849 2183 reo
886 2162 984 2193 quam
1014 2153 1149 2193 gurgite
1187 2152 1352 2183 candidus
1389 2153 1495 2184 amnis

791 2202 935 2240 Circuit,
962 2201 1104 2242 ancipiti
1137 2201 1192 2232 vix
1216 2201 1495 2243 adeundajugo!

789 2258 908 2283 noster
924 2261 975 2283 vr.
992 2251 1139 2282 Honorii
1161 2251 1252 2291 Aug.
1282 2252 1468 2283 Consulatu
1484 2263 1492 2283 ι

786 2302 794 2318 ‘
813 2302 876 2333 hoc
893 2303 949 2333 ille
965 2302 1098 2333 locatus
1122 2301 1277 2342 Ancipiti
1292 2301 1430 2342 longum
1443 2312 1495 2333 so·

788 2353 858 2384 cias
891 2353 1092 2394 tardumque
1126 2352 1261 2394 putavit
1295 2353 1492 2393 Expectare

788 2403 928 2434 manus.’
954 2404 998 2435 D.
1011 2403 1128 2435 Heius.

831 2453 1018 2494 Trepidiqae
1051 2452 1225 2492 minentur]
1268 2452 1361 2484 Nihil
1402 2452 1491 2483 enim

786 2512 852 2534 non
884 2509 1056 2544 metuunt,
1083 2504 1173 2545 quod
1196 2503 1316 2534 minari
1340 2507 1491 2544 possunt.

787 2554 906 2586 Barth.

828 2607 892 2636 294
916 2605 964 2636 Tu
992 2603 1105 2644 civem]
1138 2604 1227 2636 Pars
1250 2607 1290 2635 ut
1320 2602 1364 2633 sis
1395 2602 1489 2632 velut

785 2655 1000 2686 subditorum
1014 2660 1159 2686 tuorum.
1186 2654 1238 2685 De
1250 2654 1324 2693 ipso
1335 2650 1487 2704 Theodo-

785 2703 834 2735 sio
857 2705 1082 2736 Victorinus:
1116 2704 1127 2720 ⁴
1153 2703 1310 2735 Clemens
1345 2707 1488 2737 animus,

784 2754 990 2794 misericors,
1002 2752 1202 2792 communi-s,
1210 2751 1282 2782 solo
1293 2748 1410 2780 habitu
1422 2746 1486 2779 dis-

1329 2803 1347 2832 4
1366 2801 1398 2834 Q
