1852 3182
649 189 979 225 FESCIINNINA.

129 275 192 305 330
209 274 321 307 Odium
337 277 469 317 terrore]
488 279 595 310 Quem
612 281 700 312 enim
717 292 784 315 me-

86 325 199 362 tuunt,
222 324 392 365 oderunt;
415 337 514 368 quem
532 329 677 362 oderunt
696 334 784 374 quis-

85 381 149 412 que
167 375 306 413 periisse
323 378 467 416 expetit.
492 379 608 411 Barth.

126 426 186 454 331
213 425 386 465 Diligimus
403 429 527 466 pariter
547 430 726 472 pariterque
740 435 780 464 ti-

81 475 210 515 memus]
242 475 282 506 Id
299 477 388 517 quod
412 487 577 510 summum
599 483 779 514 artificium

80 526 217 563 regendi
249 527 392 566 alicujus
423 528 562 569 Imperii
584 537 643 562 aut
672 534 779 573 Regni

78 573 286 606 arbitrantur
301 577 431 608 cordati
456 579 778 624 prudentissimique

75 623 268 663 scriptores.
293 626 474 668 Corippus,
501 630 522 660 l.
540 640 563 661 1.
582 632 625 663 de
653 634 777 668 laudib.

73 670 222 704 Justini:
246 675 255 690 ‘
271 675 321 706 Te
337 676 439 709 decet
465 679 518 710 hic
534 682 680 723 habitus,
704 695 778 725 reg-

73 725 213 753 nantum
257 726 415 765 maxime,
456 728 558 769 dixit,
595 732 774 766 Terribili<

73 770 240 813 Princeps
256 778 291 805 et
307 777 459 808 amabilis
482 781 636 812 omnibus
659 783 774 815 idem.’

69 819 278 854 Acutissime
306 831 419 858 autem
446 828 529 859 illud
557 829 687 864 dictum
706 834 776 874 Ipse

72 875 171 903 metus
196 876 227 904 te
251 878 354 905 noster
369 881 464 908 amat.
510 880 555 910 Et
579 882 770 915 verissime:

70 926 180 952 metus
197 924 286 954 enim
302 925 360 957 ille
385 936 482 959 carus
508 935 561 960 est
586 930 691 973 bouis,
707 944 772 974 quo

69 972 124 1002 vel
140 975 316 1012 peccaturi
334 976 514 1017 aliquando
526 979 558 1010 in
573 979 682 1013 officio
696 993 773 1014 con-

69 1021 254 1054 tineantur.
279 1025 376 1056 Idem.

110 1074 173 1102 333
193 1074 317 1114 Custos]
336 1075 513 1117 Strenuus,
528 1078 704 1121 fidelisque
721 1086 771 1112 tu-

68 1125 131 1153 tor.
154 1122 253 1154 Idem.

108 1175 172 1204 334
212 1175 339 1214 Optime
370 1178 546 1219 ductorum]
574 1180 614 1212 In
642 1191 770 1215 summa

62 1221 131 1254 fide
147 1225 291 1255 tutando
308 1226 469 1267 Imperio.

109 1274 372 1308 Fortunatissz‘me
382 1279 523 1319 patrum]
539 1281 581 1312 Iu
599 1283 768 1315 collocan-

64 1322 106 1354 da
122 1323 191 1355 filia
207 1325 371 1367 Principi.
395 1328 511 1361 Barth.

106 1377 167 1405 335
193 1376 340 1418 Domino]
362 1378 530 1420 Augusto.
554 1382 653 1414 Idem.

105 1426 166 1455 337
193 1425 450 1469 contemtojure]
473 1431 688 1473 Magistratu,
702 1435 767 1466 Im-

62 1473 169 1512 perio.
198 1475 295 1507 Idem.

104 1525 167 1555 339
193 1525 405 1569 The-mantia]
438 1529 536 1562 vidit
562 1532 697 1572 quidem
724 1534 765 1565 si-

1426 199 1540 243 1385

838 287 943 327 miles,
968 288 1034 320 imo
1061 291 1210 331 casdem,
1237 296 1294 326 sed
1325 308 1444 340 magna
1475 315 1534 335 sua

837 336 1019 370 felicitate.
1045 340 1140 373 Idcm.

883 387 1094 430 Thermantia]
1117 393 1201 424 Quae
1223 394 1347 427 similes
1366 402 1471 431 unda<
1490 405 1536 434 vi-

836 436 886 467 dit
902 448 1022 479 magno
1036 450 1096 472 suo
1112 443 1210 475 malo.
1235 447 1356 479 [lat-er.

877 490 939 518 340
963 490 1016 520 Sic
1031 495 1135 522 uterus
1155 500 1271 526 crescat
1294 498 1424 538 Maria]
1449 501 1534 532 L'lti-

832 546 921 568 mnm
934 545 1087 572 votorum
1105 544 1146 573 ad
1160 544 1275 576 felices
1293 553 1327 578 et
1343 550 1534 589 auspicatus

834 588 970 627 nuptias
985 590 1108 622 sobolis
1124 602 1316 632 proventus.
1341 598 1455 631 Barth.

876 637 1009 680 Mam‘oe]
1032 640 1082 672 Fl.
1107 643 1218 674 Maria
1237 645 1391 685 Angusta
1408 652 1532 681 tenella

830 687 962 728 ctjugo
978 690 1087 730 impar
1103 694 1217 733 nupsit
1234 695 1385 728 Honorio
1403 699 1457 729 vix
1476 710 1534 740 pu-

831 736 912 767 beri.
930 739 1050 780 ltaquc
1062 741 1241 784 Princeps,
1257 746 1343 777 belle
1357 748 1532 790 educatus,

830 786 967 819 immitis
985 800 1058 821 uvae
1075 794 1268 833 cupidinem
1296 797 1445 829 distulit:
1472 801 1530 831 sed

828 837 960 869 interea
974 841 1133 882 Nympha
1145 843 1339 886 delicatula,
1352 849 1529 881 immatura

828 893 936 919 morte
953 897 1129 930 praeventa
1145 899 1208 926 cst.
1239 896 1358 928 Claver.

871 939 977 970 Natus
993 941 1023 971 in
1036 944 1132 983 ostro]
1157 944 1236 985 Ipso
1254 952 1330 977 ortu
1344 958 1402 978 suo
1419 949 1530 990 ingre-

827 986 922 1019 diens
940 989 1189 1031 principatum.
1216 995 1255 1025 In
1274 996 1427 1029 Honorio
1444 1000 1527 1031 lianc

827 1036 1042 1069 nativitatem
1068 1040 1102 1070 in
1129 1052 1313 1083 purpuram
1341 1048 1528 1080 celebravit

825 1086 1046 1127 panegyricis
1076 1093 1304 1130 superioribus
1329 1096 1527 1136 aliquoties;

824 1135 878 1166 hic
905 1137 1053 1168 sobolem
1084 1145 1181 1180 patre
1213 1151 1277 1173 non
1305 1144 1527 1178 infeliciorem

825 1192 938 1217 vovet.
962 1188 1077 1220 Barth.

866 1239 926 1267 341
952 1237 1075 1269 Parvus
1104 1240 1314 1284 Honoriades]
1345 1245 1529 1278 Blanditur

824 1286 920 1325 pueri
951 1287 1060 1319 adhuc
1092 1289 1253 1330 gignendi
1283 1296 1526 1334 praestitutioui

821 1335 1039 1376 imaginariae.

867 1386 1006 1418 Genibus
1032 1389 1168 1420 considat
1195 1392 1305 1432 avitis]
1329 1394 1524 1428 Stilichonis

821 1435 916 1467 dicit.
960 1438 1036 1468 Mos
1057 1444 1092 1469 ut
1111 1446 1269 1479 parentes
1292 1452 1411 1474 recens
1426 1449 1524 1476 natos

821 1485 946 1518 liberos
958 1488 1132 1526 tollerent,
1144 1490 1284 1529 genibus
1296 1492 1524 1535 imponerent,

819 1538 1075 1570 vetustissimus.
1106 1540 1221 1572 Barth.

740 1885 834 1926 XI.

54 2009 130 2058 IN
159 2011 374 2061 NUPT.
398 2014 683 2066 HONOR.
708 2018 798 2066 ET
826 2021 1011 2069 MAR.
1036 2023 1514 2076 FESCENNINA.

96 2137 302 2179 Fescennina]
325 2141 381 2169 Sic
410 2141 536 2181 primus
561 2145 756 2176 emendavit

52 2196 92 2218 ex
111 2190 218 2219 veteri
234 2190 320 2220 libro
337 2191 563 2224 Pulniannus:
589 2197 755 2234 quomodo

53 2238 225 2276 Lucensis
248 2248 415 2281 excerpta
434 2243 602 2281 Puteum,
627 2251 756 2286 etqua-

52 2294 130 2320 tuor
147 2290 201 2320 alii
230 2300 270 2320 cx
298 2293 440 2322 nostris:
465 2293 529 2323 alia
558 2294 589 2324 in
609 2296 754 2335 vulgatis

49 2339 240 2380 inscriptio.
287 2343 392 2372 Primi
407 2344 563 2374 Vaticani
578 2346 754 2386 inscriptio

50 2389 294 2430 Epithalamium
307 2392 444 2422 Honorii
460 2397 488 2423 et
508 2395 635 2425 Μανία.
683 2397 753 2427 Cae-

50 2443 158 2470 terum
176 2442 207 2472 in
225 2443 366 2473 vetustis
380 2443 534 2474 omnibus
550 2445 752 2477 membranis

48 2489 120 2521 haec
137 2492 286 2522 carmina
303 2493 526 2533 Epithalamio
538 2496 752 2534 praemittun-

49 2545 114 2572 tur.
137 2541 180 2572 D.
198 2542 308 2574 Heius.

90 2591 338 2632 Epithalamion]
384 2592 479 2624 Unus
509 2595 618 2635 Belga
648 2597 750 2628 Liber

49 2638 239 2671 Fescennina
282 2642 468 2683 inscripsit.
540 2645 748 2688 Neutiquam

47 2688 203 2720 absurde.
234 2690 354 2723 Potior
370 2693 449 2725 mihi
465 2699 578 2726 tamen
594 2696 651 2727 ille
668 2698 749 2728 titu-

44 2739 110 2780 lus,
137 2749 214 2772 cum
239 2749 449 2784 nequaquam
465 2744 548 2785 joca
570 2745 658 2787 ipsa,
686 2748 747 2779 Fe-

811 2148 1030 2190 scenninique
1048 2154 1165 2180 cantus
1188 2150 1241 2181 hic
1268 2151 1347 2191 sint,
1372 2152 1430 2182 sed
1458 2153 1516 2184 illa

812 2197 885 2236 ipsa
903 2198 1104 2239 verba,quae
1123 2205 1306 2231 occentata
1323 2202 1416 2232 novis
1432 2212 1516 2243 nnp-

813 2247 867 2276 tis.
911 2248 1037 2279 'l'amcn
1056 2259 1163 2290 neque
1182 2260 1391 2290 pugnavero,
1407 2252 1432 2282 si
1450 2253 1516 2284 sint

812 2296 1023 2328 Fescennina
1047 2300 1214 2338 nuptiales
1233 2301 1376 2340 quilibet
1394 2307 1512 2333 cantus

812 2350 989 2385 translata,
1005 2359 1079 2389 quae
1096 2359 1138 2380 er:
1166 2360 1201 2380 se
1227 2351 1324 2381 rudes
1344 2352 1512 2392 incompo-

809 2397 932 2437 sitique
964 2408 1079 2429 versus
1119 2400 1199 2430 solis
1238 2410 1378 2441 nequam
1412 2402 1512 2434 dictis

809 2448 1048 2479 commendati.
1074 2450 1192 2481 Barth.

853 2498 890 2528 In
923 2499 1074 2539 Nuptias]
1114 2500 1349 2531 Occultiorem
1393 2501 1507 2532 harum

807 2548 1012 2587 Nuptiarum
1043 2560 1177 2580 causam
1211 2549 1311 2580 fuisse
1343 2556 1506 2582 memorat

805 2599 974 2637 Zosimus,
1011 2607 1047 2631 ut
1082 2601 1241 2640 Principe
1273 2611 1337 2630 non
1369 2602 1505 2632 nimium

804 2650 943 2681 sollerte
960 2651 992 2680 in
1011 2661 1172 2690 generum
1191 2651 1334 2689 adscito,
1357 2659 1396 2680 eo
1412 2660 1505 2682 secu-

804 2699 873 2729 rius
890 2710 1052 2730 summam
1076 2709 1187 2731 rerum
1203 2699 1342 2730 Stilicho
1360 2699 1500 2731 admini-

803 2753 939 2781 straret.
965 2750 1062 2781 Idem.
