1851 3213
293 214 407 256 1342

342 323 519 363 Compulsa]
546 324 625 355 Nou
642 325 730 355 enim
748 330 880 365 sponte.
927 325 997 356 No-

296 377 347 405 tat
375 374 620 414 impudentiam
652 375 820 415 cupidinis
851 375 997 407 humani.

295 425 412 456 Barth.

336 478 400 506 250
428 476 554 516 Benna]
588 477 668 506 Duo
698 477 730 506 in
762 477 896 507 homine
929 477 997 508 aui-

291 527 421 558 mantia
444 532 600 557 statuunt
628 526 838 567 Philosophi,
866 528 897 558 iu
922 538 999 568 spe-

292 577 378 608 ciem
410 583 536 614 tamen,
568 582 603 607 et
631 577 692 614 rei,
716 584 810 618 puto,
839 579 996 620 liquidius

292 627 467 659 docendae.
514 627 600 658 Vide
630 628 862 660 doctissimum
900 630 997 662 Com-

291 678 496 709 mentariuui
524 677 568 709 Is.
595 678 787 710 Casauboui
818 681 859 711 ad
886 681 997 711 Persii

290 727 447 769 Satyram
486 727 672 760 Quintam:
711 730 720 744 ‘
740 729 834 760 Vitia
875 730 995 760 beuuae

292 784 382 818 sunt,
397 779 508 809 vitiosi
525 779 676 809 homines
696 779 820 810 belluis
849 780 998 820 aequati?

290 829 407 860 Barth.

333 882 394 910 251
423 879 555 917 lii-pleri
580 879 725 918 pascique
751 880 873 921 nequit]
914 879 997 911 Velit

290 929 409 968 scripti
427 927 501 958 fere
517 937 645 959 omnes.
678 930 821 960 immanis
841 931 944 961 etiam
961 936 996 962 et

290 989 358 1010 cum
380 989 442 1020 pro
458 980 608 1010 immunes
624 986 659 1011 et
671 981 757 1017 duria,
776 988 909 1013 veteres
926 982 996 1023 qui-

290 1029 379 1060 dam.
427 1031 536 1061 Locus
560 1036 755 1071 corruptus.
802 1032 894 1063 Puto
916 1033 996 1063 scri-

289 1083 450 1121 bendum,
473 1085 521 1114 Aa:
552 1084 632 1113 reiut
660 1084 803 1115 inmanis
827 1088 996 1116 reseratum

289 1133 389 1164 bellun
418 1134 531 1164 rictum
568 1134 695 1173 Erpleri
728 1135 873 1175 pascique
912 1136 995 1167 relic.

288 1183 436 1224 Elegans
454 1183 660 1214 Graecismus
685 1185 898 1216 occasionem
922 1186 995 1217 loco

289 1233 535 1274 corrumpendo
552 1233 659 1265 dedit.
706 1235 840 1272 Cicero,
865 1238 873 1252 ‘
892 1237 994 1268 animi

290 1283 539 1325 aegritudinem,
550 1288 673 1314 tetram
687 1290 720 1314 et
733 1285 910 1316 immanem
926 1287 995 1317 bel-

287 1334 390 1365 luain'
407 1333 607 1374 appellavit,
621 1334 720 1365 Tusc.
738 1336 867 1368 Quaest.
886 1335 944 1366 lib.
960 1345 994 1367 v.

287 1385 334 1417 D.
353 1385 468 1416 Heius.

329 1435 500 1475 pascique]
544 1435 595 1466 Ut
632 1435 777 1467 desistat
814 1446 832 1467 a
867 1437 996 1478 cupidi-

287 1490 362 1517 tate
392 1486 550 1526 plurium.
608 1486 795 1527 Eleganter
825 1487 994 1529 docteque

282 1536 382 1577 pasci,
408 1545 473 1567 non
498 1537 648 1576 saturari,
676 1537 775 1575 dixit,
805 1547 882 1568 cum
911 1547 995 1569 uun·

286 1597 388 1628 quain
406 1595 568 1628 pascatur
585 1588 767 1628 cupiditas.
792 1588 920 1630 quippe
938 1599 994 1620 vo-

286 1638 400 1678 luptas
415 1638 449 1668 iu
462 1644 561 1678 pastu
576 1649 584 1675 ς
610 1648 710 1680 quain
724 1639 782 1669 illa
795 1639 918 1679 nescit,
932 1640 994 1670 soli

285 1689 546 1729 ingurgitationi
564 1695 599 1720 et
616 1690 834 1730 deglutitioni
850 1691 993 1722 intenta.

286 1738 392 1769 Nulla
419 1739 474 1769 hic
500 1740 603 1769 animi
626 1741 826 1780 compositio
850 1751 927 1782 quae
942 1751 993 1772 se-

285 1788 402 1829 quitur
417 1790 619 1829 passionem,
642 1789 701 1820 sed
729 1797 896 1831 perpetua
920 1792 992 1823 sitis

285 1843 320 1870 et
337 1837 454 1870 fames.
481 1840 597 1870 Barth.

334 1889 480 1931 Ver-bere]
502 1890 870 1932 Tormento‚flagellis.
910 1892 990 1923 Om-

283 1939 339 1971 nia
372 1944 543 1971 tormenta
572 1940 717 1972 verbera
745 1946 824 1972 snut
859 1942 991 1982 priscis,

284 1990 373 2031 quod
391 1990 423 2020 in
450 1992 630 2022 tormentis
646 1991 791 2023 maxime
808 1996 992 2023 uterentur

284 2038 528 2081 flagellatione.
554 2041 652 2072 Idem.

325 2093 388 2122 252
404 2091 550 2122 Stimulis
559 2092 714 2132 amorum]
738 2092 917 2123 Molliores
929 2092 989 2124 hos

282 2139 363 2172 facit
387 2142 584 2173 verberibus
618 2143 783 2174 avaritiae.
838 2144 894 2174 Sic
923 2142 990 2174 κέν-

282 2203 355 2231 τρον
377 2191 486 2231 ἔρωτος
517 2193 657 2224 iufinitis
685 2194 766 2224 locis
794 2194 829 2224 in
854 2194 988 2225 Nonuo.

282 2242 438 2282 Flagrare
454 2243 549 2283 dicit,
567 2243 610 2275 ob
627 2245 739 2285 iguem
762 2245 989 2275 innaturalem

282 2291 541 2333 quodammodo,
578 2294 731 2332 nimium,
766 2294 987 2325 inconditum.

282 2341 418 2373 Amoris
434 2349 545 2373 autem
564 2353 614 2374 res
627 2345 695 2385 igni
712 2345 886 2385 praecipue
901 2354 989 2375 com-

282 2398 459 2433 parantur,
482 2400 519 2424 ut
546 2395 658 2425 omnia
682 2396 754 2436 ejus
770 2405 863 2426 arma
880 2395 989 2435 ignita

282 2452 355 2474 esse
372 2443 419 2474 ait
435 2443 606 2474 Moschus.
630 2445 728 2475 Idem.

323 2495 386 2524 253
403 2493 496 2524 Nune
508 2494 641 2533 gaudet]
656 2496 805 2527 Nimium
816 2495 988 2536 gaudium,

280 2542 385 2574 animi
402 2543 519 2583 ingens
536 2544 696 2575 turbatio,

324 2594 444 2624 Moesea
469 2593 568 2633 dolet]
610 2595 688 2625 Non
716 2600 844 2626 temere
867 2596 986 2636 junxit

280 2642 390 2675 dolori
403 2644 611 2682 moestitiam,
624 2653 699 2675 cum
713 2650 748 2675 et
763 2645 857 2676 dolor
871 2647 913 2676 sit
930 2647 986 2687 qui

280 2704 347 2726 non
364 2695 407 2726 sit
425 2695 548 2733 tristis,
570 2695 664 2737 isque
681 2696 817 2726 minime
836 2696 984 2727 deterius

280 2743 418 2776 afficiat.
443 2745 562 2777 Barth.

322 2797 386 2828 254
400 2796 590 2839 Pollentia]
613 2795 788 2838 vivacius,
800 2796 986 2839 nervosius,

524 227 667 257 NOTAE
702 228 968 258 VARmRUM
1008 227 1059 257 {N
1092 228 1166 259 GL.
1198 228 1378 259 CLAUD.
1412 229 1523 260 vlu.

1050 322 1182 356 fortius.

1093 374 1221 416 Hydra]
1231 375 1323 406 Nota
1339 374 1466 412 fabula,
1481 373 1522 405 ad
1539 374 1624 405 vitia
1638 377 1754 406 autem

1048 435 1114 456 non
1131 427 1203 457 siue
1216 426 1372 466 improbo
1390 427 1504 457 labore
1520 425 1690 457 domanda
1701 434 1754 456 re·

1047 475 1168 507 fertur.
1192 477 1310 508 Barth.

1090 529 1151 557 255
1178 527 1289 558 Potuit
1315 528 1342 557 si
1371 528 1440 567 quis
1466 528 1574 557 sedare
1588 524 1755 566 tumultus]

1050 577 1173 608 Poterit
1187 585 1255 608 tres
1272 579 1416 609 codices.
1441 579 1484 609 D.
1499 579 1610 609 Heius.

1096 628 1267 669 Tumultus]
1314 628 1511 660 Affectuum
1549 627 1756 659 contrarian-

1049 679 1143 709 tium.
1168 680 1285 711 Barth.

1091 733 1154 761 256
1179 732 1361 762 Inconcussa
1377 730 1480 771 dabit]
1510 729 1756 772 Tranquillita-

1050 785 1118 810 teui
1145 781 1272 811 intimae
1292 781 1415 811 mentis
1440 781 1502 812 sibi
1526 781 1754 821 praebiturum

1049 829 1148 866 dicit,
1163 830 1219 869 qui
1238 830 1438 860 tumultibus
1452 830 1503 860 bis
1514 839 1589 861 eam
1602 839 1753 861 asserere

1050 880 1187 919 poterit.
1222 880 1349 910 Puram
1365 883 1527 918 mentem,
1543 888 1608 910 nec
1624 881 1756 911 exulta·

1049 930 1134 960 tioni
1151 939 1213 960 nec
1231 930 1366 960 moerori
1381 929 1576 967 obnoxiam,
1591 939 1754 961 summam

1050 980 1270 1011 beatitudiuis
1298 980 1452 1010 humanae
1477 978 1608 1010 faciunt
1635 989 1752 1012 omnes

1049 1032 1258 1073 Philosophi.

1090 1082 1256 1122 Sacraria]
1278 1083 1384 1114 Velut
1400 1082 1435 1113 in
1450 1081 1599 1113 sacrario
1610 1081 1688 1113 Diis
1700 1091 1754 1113 ac-

1047 1133 1262 1172 ceptissimus
1276 1133 1379 1164 vivas.
1400 1132 1485 1164 Cum
1497 1132 1651 1163 Deorum
1663 1131 1754 1164 enim

1046 1183 1284 1214 benevolentia
1300 1183 1426 1222 vivere,
1441 1187 1476 1213 et
1492 1183 1534 1213 ad
1550 1183 1617 1214 Dei
1636 1183 1752 1214 volun-

1046 1240 1151 1266 tatem
1169 1244 1204 1265 se
1221 1244 1336 1274 agere,
1359 1235 1433 1265 Deo
1454 1243 1489 1264 se
1511 1233 1664 1274 credere,
1681 1238 1751 1265 tam

1046 1284 1228 1315 Platonica
1244 1293 1342 1324 quam
1367 1283 1599 1324 Pythagorica
1619 1284 1754 1325 sapien-

1046 1335 1096 1365 tia
1112 1344 1276 1364 summam
1294 1333 1497 1364 felicitatem
1511 1333 1595 1365 facit
1611 1338 1648 1365 et
1662 1343 1754 1375 prae-

1046 1384 1141 1425 cipit.
1166 1384 1284 1415 Barth.

1088 1437 1150 1466 257
1180 1435 1260 1465 Late
1279 1435 1434 1466 donnino-e
1457 1444 1515 1476 per
1537 1434 1647 1475 Indos]
1681 1435 1751 1468 Qui

1045 1485 1194 1516 moribus
1226 1486 1338 1526 gravis
1363 1490 1427 1523 est,
1464 1495 1529 1517 nec
1556 1485 1599 1517 ad
1634 1495 1750 1518 veram

1047 1536 1206 1567 virtutem
1223 1537 1333 1567 animo
1350 1536 1552 1577 composito,
1565 1536 1753 1578 quamlibet

1045 1586 1166 1626 opibus
1179 1587 1339 1627 polleret,
1356 1587 1382 1617 is
1399 1586 1510 1617 animo
1524 1596 1646 1626 magno
1661 1596 1750 1627 esse,

1045 1635 1197 1678 felixque
1212 1637 1319 1668 vitam
1336 1638 1463 1668 ducere
1481 1637 1660 1676 videatur;
1682 1647 1751 1669 nou

1044 1693 1098 1719 est
1130 1694 1244 1719 tamen
1274 1689 1333 1719 illo
1361 1687 1530 1718 infelicius
1557 1688 1753 1729 quicquam,

1044 1747 1122 1768 cum
1142 1737 1296 1769 absurdis
1321 1738 1412 1768 intra
1438 1746 1476 1768 se
1503 1737 1593 1769 vitiis
1616 1744 1750 1778 pareat.

1044 1788 1143 1820 Idem.
1521 1810 1526 1816 ·

1086 1841 1149 1870 ’258
1176 1838 1217 1869 Te
1236 1838 1366 1878 Medus]
1403 1839 1584 1870 Latissima
1600 1839 1752 1881 Imperia

1044 1889 1165 1930 adjicit
1180 1890 1343 1920 Romanae
1360 1890 1586 1930 potentiaemt
1597 1889 1752 1922 declaret

1042 1940 1170 1970 nullam
1196 1939 1332 1970 omnino
1359 1939 1426 1969 vim
1455 1944 1514 1969 aut
1540 1945 1750 1979 potestatem

1041 1990 1119 2020 huic
1136 1990 1223 2020 scito
1240 1999 1312 2020 esse
1327 1993 1511 2020 exemtam.

1085 2040 1194 2071 ssIollis
1221 2038 1338 2079 Arabs]
1373 2038 1575 2079 Amplitudo
1606 2039 1751 2071 Provin-

1042 2091 1170 2122 ciarum
1196 2090 1423 2121 Arabicarum
1453 2089 1625 2122 neminem
1651 2089 1752 2123 latet.

1042 2142 1151 2172 Mollis
1163 2151 1243 2181 gens
1258 2146 1344 2178 tota,
1357 2140 1486 2172 celebri
1501 2140 1664 2172 convitio.

1083 2192 1193 2232 Seres]
1227 2192 1378 2230 Solinus,
1404 2201 1434 2222 c.
1450 2193 1502 2224 53.
1532 2191 1541 2207 ‘
1557 2191 1658 2222 Seres
1682 2190 1751 2231 ipsi

1040 2243 1176 2284 quidem
1193 2243 1306 2279 mites,
1323 2247 1358 2273 et
1374 2243 1463 2272 inter
1479 2251 1516 2273 se
1531 2240 1751 2283 quietissimi,

1040 2294 1124 2324 alios
1142 2303 1223 2324 vero
1239 2293 1446 2333 reliquorum
1468 2291 1664 2322 mortalium
1680 2300 1750 2322 coe-

1039 2350 1094 2376 tus
1131 2345 1217 2376 adeo
1250 2343 1435 2383 refugiunt,
1465 2348 1504 2374 ut
1541 2348 1748 2374 caeterarum

1040 2396 1192 2436 gentium
1209 2393 1414 2425 commercia
1430 2393 1609 2424 abnuant.'

1081 2444 1241 2484 Adon-ent]
1273 2444 1372 2475 More
1400 2444 1548 2474 omnium
1571 2444 1747 2476 nationum

1040 2495 1176 2536 regibus
1204 2494 1411 2535 parentium,
1436 2493 1538 2524 etiam
1572 2493 1749 2525 Israelita-

1038 2555 1124 2584 rum,
1139 2550 1176 2576 ut
1192 2544 1306 2575 multis
1328 2544 1412 2575 locis
1435 2543 1537 2574 docet
1552 2543 1746 2584 Scriptura.

1036 2596 1153 2627 Barth.

1079 2648 1143 2676 259
1166 2645 1204 2676 Si
1218 2643 1344 2684 metuis]
1379 2644 1550 2675 Pavorem
1563 2643 1667 2674 animi
1683 2643 1742 2675 ab·

1035 2697 1152 2728 horret
1168 2695 1347 2736 sapientia.
1391 2695 1527 2726 Metum
1544 2693 1743 2726 instantium

1036 2757 1114 2779 cum
1129 2747 1289 2787 cupidine
1310 2745 1504 2776 absentium
1519 2745 1610 2776 iuter
1625 2753 1668 2776 ea
1682 2753 1742 2785 po-

1034 2802 1120 2830 nunt
1135 2797 1322 2838 sapientes,
1336 2795 1457 2838 quibus
1473 2805 1541 2828 uon
1556 2795 1739 2828 deeetcor-
