1852 3182
533 239 728 270 LAUDES
762 239 1029 270 HERCULlS.

1399 236 1416 276 1
1428 236 1510 279 187.

56 337 197 378 Morte
220 339 372 378 rubent
393 335 523 384 oculi,
545 334 787 387 trifidisque
807 333 1022 375 horrentia
1041 335 1197 388 linguis

55 404 144 446 Ora
163 410 334 453 sonant,
355 403 609 454 nigrumque
631 402 812 442 fremens
834 402 950 443 levat
967 403 1028 442 ira
1048 415 1278 445 venenum.

56 472 175 523 Quid
198 485 307 513 nunc
328 470 507 511 invictis
526 469 705 510 fraudes
725 472 940 511 innectere
961 470 1080 520 fatis,

55 539 314 580 Coelicolum
338 537 521 589 Regina,
539 537 699 590 juvat?
732 550 808 578 cur
827 537 988 590 objicis
1008 539 1206 589 angues?

53 606 141 648 Cur
162 618 298 658 parvo
319 605 547 657 geminos?
581 617 692 645 anne
714 616 844 644 unum
867 617 1000 657 posse
1021 607 1166 646 necari

51 672 154 713 Jam
174 676 313 712 strato
336 672 533 725 Pythone
555 672 712 712 times?
746 671 869 712 Licet
889 672 1035 713 omnia
1058 672 1205 712 mundi

52 739 250 780 Monstra
269 753 418 789 voces,
438 741 672 793 ipsamque
692 751 831 780 armes
851 740 1123 793 serpentibus
1147 739 1363 794 Hydram,

52 806 267 848 Defendet
287 807 461 848 Natura
483 807 641 856 Deum,
665 812 921 860 patremque
943 807 1165 860 probabit,

52 871 187 923 Quod
209 887 294 915 non
315 875 382 914 vis
405 878 622 924 constare,
641 874 819 915 Jovem.

46 939 75 982 J
81 953 183 981 ussa
202 944 356 994 parant
377 942 557 994 implere
579 954 760 993 angueS‚
782 941 1026 993 miseroque
1047 940 1189 982 furore

50 1006 104 1047 In
128 1020 208 1048 sua
228 1009 318 1048 fata
339 1013 515 1049 tument.

50 1073 366 1129 Horrescitque
388 1088 564 1128 parens,
585 1087 833 1127 numenque
853 1075 1004 1127 ignara
1025 1087 1201 1116 creasse

1451 405 1508 446 :35

1451 740 1507 795 atsi

879 873 1073 927 Jamque
1094 875 1214 916 irrita
1234 876 1334 916 tetri

578 1008 731 1048 Cernit
751 1011 824 1047 tua
842 1009 1038 1048 membra
1060 1013 1274 1060 petentes,

1449 1078 1506 1117 45

46 1207 89 1239 ol»
102 1217 244 1248 vaporem
260 1207 412 1246 infernum
439 1207 593 1238 emittitur
608 1206 649 1237 ab
678 1206 772 1246 ipsis.
819 1208 913 1237 Oculi
929 1217 1031 1238 eorum
1047 1207 1211 1238 rubescunt
1236 1207 1314 1248 igne
1330 1210 1506 1249 mortifero,

46 1253 76 1282 et
90 1261 144 1282 ora
159 1251 312 1281 terribilia
327 1251 443 1289 linguis
455 1250 590 1280 trisulcis
607 1252 762 1288 resonant,
777 1253 806 1280 et
822 1250 871 1280 ira
886 1251 1016 1281 stet-iens
1027 1252 1142 1281 attollit
1160 1251 1244 1281 virus
1258 1255 1372 1284 utrum.
1420 1255 1507 1289 Quid

44 1303 120 1324 nuru:
138 1298 171 1324 te
187 1294 333 1331 delectat,
358 1304 376 1323 ο
397 1294 519 1331 Regina
537 1293 688 1331 Deorum,
706 1293 846 1323 intexere
861 1294 943 1324 dolos
959 1293 1043 1331 facis
1058 1293 1244 1325 indomitis?
1269 1295 1375 1330 Quare
1392 1295 1509 1327 immit-

46 1337 87 1366 tis
98 1340 252 1375 serpentes
265 1336 279 1368 ¹!
305 1336 408 1371 Quare
423 1337 498 1366 duos
513 1336 544 1364 in
561 1334 712 1372 infantem
725 1333 740 1365 2?
765 1335 815 1365 Au
832 1336 944 1365 meluis
959 1336 1127 1374 unumjum
1142 1337 1238 1366 occidi
1249 1347 1348 1377 posse,
1367 1338 1507 1378 Pythone

45 1377 208 1410 extincto?
234 1379 304 1408 Etsi
319 1380 448 1408 advocas
470 1381 580 1408 cuncta
592 1380 735 1417 portentu
759 1378 866 1415 Orbis,
882 1381 912 1408 et
934 1388 1038 1409 armas
1064 1379 1211 1418 Hydram
1237 1381 1334 1419 ipsum
1360 1381 1505 1420 colubris,

47 1425 157 1452 nutura
175 1430 234 1451 sua
248 1421 403 1451 tutabitur
418 1421 532 1458 Deum,
556 1423 586 1450 et
609 1420 744 1449 ostendet
762 1421 873 1450 dorem
898 1424 1069 1461 parentem,
1092 1421 1124 1451 id
1142 1423 1222 1461 quod
1239 1433 1296 1452 non
1317 1424 1362 1452 ris
1387 1427 1505 1454 certum

46 1473 120 1494 esse.
166 1463 299 1503 Jamque
320 1467 474 1503 serpentes
494 1463 557 1492 atri
579 1465 729 1502 apparant
746 1464 857 1502 exequi
884 1463 1046 1503 imperium
1074 1474 1197 1501 tanum,
1221 1468 1249 1494 el
1276 1469 1447 1496 tumescunt
1474 1467 1507 1497 in

45 1509 174 1536 mortem
187 1509 272 1536 tuam
288 1506 371 1536 rabie
386 1506 572 1542 miseranda,
588 1514 607 1534 o
628 1504 801 1535 Hercules,
846 1505 954 1536 Mater
971 1511 1028 1536 tua
1048 1506 1159 1546 aspicit
1174 1510 1203 1536 et
1220 1507 1408 1537 exhorrescit
1434 1509 1506 1539 illos

46 1549 224 1579 invadentes
245 1558 355 1589 corpus
369 1552 468 1583 tuum,
485 1551 513 1578 et
538 1547 639 1578 nescia
663 1556 736 1577 sese
763 1547 894 1578 audisse
919 1549 1033 1589 Deum,
1053 1549 1162 1579 metuit
1188 1559 1287 1580 sensu
1309 1550 1438 1590 pietalis
1453 1551 1510 1582 liu·

659 1620 894 1632 eeeeeeeeeeee

43 1663 194 1695 malebat
212 1664 417 1695 Heius-43
442 1663 679 1704 miserorumque
695 1663 735 1704 [f.
754 1665 969 1705 miserumque]
987 1664 1152 1696 Alth—44
1176 1669 1230 1696 tuu
1247 1665 1325 1696 edd.
1342 1667 1429 1706 aliae,
1447 1667 1507 1697 sed

46 1716 98 1737 sua
114 1706 191 1738 Ald.
208 1707 330 1748 Isingr.
348 1707 563 1747 Gryp11.—45
587 1710 718 1738 creasset
736 1706 814 1738 ΑΜ.
846 1708 969 1749 lsingr.
997 1707 1216 1749 Gryph.—4o
1249 1708 1394 1749 superbus
1426 1709 1505 1740 Aul.

705 1811 845 1844 NOTAE

87 1890 126 1919 34
153 1887 279 1930 Trifidis
291 1887 422 1928 linguis]
438 1887 602 1928 Virgilius
616 1897 749 1929 quoque

45 1937 88 1969 de
105 1943 288 1979 serpente:
311 1939 319 1955 ‘
339 1938 477 1979 Linguis
496 1939 600 1970 micat
617 1947 674 1969 ore
691 1938 749 1969 tri-

804 1897 875 1919 mes
891 1898 990 1919 unum
1009 1894 1203 1930 serpentem
1220 1899 1319 1930 posse
1335 1890 1448 1922 necari
1467 1891 1507 1921 ab

805 1939 970 1978 Hercule,
1002 1944 1039 1970 ut
1067 1940 1192 1980 Apollo
1224 1941 1378 1981 ejusdem
1412 1942 1507 1974 Jovis

46 1988 170 2021 sulcis!

87 2043 127 2071 35
152 2039 249 2071 Levat
266 2041 313 2071 ἱνα
329 2041 489 2082 venenum]
511 2042 570 2072 Ira
587 2044 622 2072 et
639 2041 749 2072 rabies

46 2091 208 2123 attollunt
235 2102 358 2133 corpus
384 2098 530 2131 tumens,
554 2098 588 2124 et
613 2093 646 2123 in
675 2102 749 2123 cor-

44 2151 125 2182 pore
154 2143 298 2173 tumenti
328 2152 492 2173 venenum
531 2148 653 2181 atrum,
683 2152 748 2183 quo

43 2191 196 2223 homines
223 2192 344 2224 infecti
375 2195 539 2225 livescunt
567 2198 670 2235 atque
701 2193 748 2224 ni-

46 2248 217 2282 grescunt.

86 2296 128 2325 36
151 2294 388 2335 Invictissutis]
419 2295 581 2326 Heinsius
599 2295 747 2326 scriben-

45 2343 123 2375 dum
140 2349 239 2385 putat
254 2344 465 2386 invitisfatis,
481 2345 514 2376 id
532 2350 598 2385 est,
619 2345 747 2378 Junoni

45 2395 328 2435 repugnantibus.

85 2448 126 2477 37
152 2446 290 2486 Regina]
313 2447 344 2478 0
361 2448 463 2487 Jun0,
480 2448 630 2478 Deorum
646 2448 749 2488 Regi-

45 2505 98 2534 na,
114 2506 174 2527 cur
192 2502 223 2528 te
236 2498 338 2537 juvat
352 2499 528 2530 innectere
548 2497 684 2529 fraudes
701 2497 749 2528 fa-

46 2546 99 2586 tis,
120 2557 178 2578 seu
196 2549 282 2579 velle
299 2547 417 2580 fallere
435 2554 470 2580 et
492 2554 648 2580 avertere
665 2547 748 2588 fata,

46 2607 121 2637 quae
147 2603 224 2629 sunt
252 2599 380 2630 invicta
404 2604 439 2630 et
467 2599 641 2638 indomita,
672 2609 747 2640 quae

46 2645 136 2676 nulla
160 2648 291 2679 ratione
309 2650 417 2681 averti
436 2655 589 2690 possunt,
606 2659 748 2691 quaeque

46 2695 233 2729 Herculem
281 2706 508 2733 monstrorum
548 2700 748 2732 domitorem

47 2745 122 2776 fore
140 2747 360 2787 promittunt?

88 2798 129 2827 38
152 2797 243 2828 Anne
267 2807 360 2829 unum
382 2810 469 2840 posse
485 2800 605 2842 necari]
639 2801 694 2833 An
712 2802 750 2833 ti-

804 1987 891 2019 tilius
908 1989 1036 2020 occidit
1061 1989 1271 2030 l'ytlxonem;
1297 2001 1336 2021 ac
1366 1991 1508 2031 proinde

804 2037 886 2068 duos
903 2038 1067 2076 immittis,
1083 2049 1125 2070 ne
1139 2041 1361 2072 occidantur?
1375 2042 1429 2073 De
1441 2042 1509 2082 Py-

803 2088 905 2119 thone
924 2099 1037 2129 supra,
1054 2089 1141 2121 sicut
1155 2096 1189 2122 et
1207 2091 1248 2120 de
1267 2091 1398 2131 Hydra.

846 2142 885 2170 41
911 2138 1064 2177 Defendet
1082 2141 1205 2171 Natura
1222 2141 1340 2181 Deum]
1376 2141 1508 2173 Natura

804 2189 927 2229 divina,
970 2190 1130 2222 monstris
1175 2191 1328 2222 omnibus
1374 2191 1508 2232 fortior,

802 2240 913 2270 Deum
933 2239 1113 2272 defendet:
1153 2241 1341 2273 Herculem
1363 2243 1508 2282 scilicet,

802 2290 858 2331 qui
877 2290 969 2321 Deus
985 2296 1050 2322 est.

847 2342 973 2372 Patrem
984 2342 1142 2383 probabit]
1186 2342 1360 2375 Ostendet
1377 2350 1507 2385 patrem

802 2393 962 2427 Herculis
988 2404 1060 2424 esse
1076 2394 1212 2433 Jovem,
1238 2404 1315 2425 cum
1339 2395 1506 2426 Hercules

804 2443 896 2474 elisis
914 2444 1072 2474 monstris
1097 2454 1132 2475 se
1157 2444 1243 2476 Jove
1268 2444 1407 2486 dignum
1433 2445 1507 2475 red-

804 2494 872 2526 dut.

844 2548 886 2576 42
910 2545 1025 2586 Irrita]
1062 2546 1192 2586 Inauia,
1219 2557 1306 2577 vana
1326 2547 1440 2587 jussa3
1465 2546 1506 2576 si-

805 2597 941 2638 quidem
963 2608 1089 2639 angues
1111 2609 1177 2629 non
1195 2599 1403 2630 devorarunt
1420 2598 1508 2628 Her-

804 2648 927 2686 culem,
942 2655 976 2679 ut
992 2649 1083 2681 Juno
1095 2649 1258 2690 jusserat.

846 2702 886 2730 45
913 2700 1035 2730 Numen
1046 2701 1179 2740 creasse]
1202 2699 1367 2730 Alcmena
1380 2697 1506 2728 nescie-

805 2750 863 2781 bat
881 2760 915 2781 se
934 2750 1106 2791 peperisse
1128 2760 1263 2789 numen,
1285 2755 1319 2779 et
1345 2748 1420 2779 ideo
1437 2756 1503 2778 non

805 2801 877 2831 sine
905 2800 1000 2841 gravi
1029 2800 1174 2841 quodam
1200 2800 1338 2830 horrore
1364 2797 1505 2830 videbat
