1852 3182
230 185 308 216 CL.
344 181 629 215 CLAUDIANI
665 179 872 210 xxxvu.
898 181 1333 213 GlCANTOMACIllA.

1399 173 1514 215 1039

55 281 351 333 Titanumque
375 278 506 319 simul
529 278 705 317 crebros
726 277 931 316 miserata
954 276 1145 324 dolores,

58 347 217 389 Omnia
239 345 513 387 monstrifero
536 345 785 397 complebat
809 344 993 384 Tartara
1014 345 1141 392 foetu,

58 416 252 456 Invisum
275 413 469 465 genitura
489 412 636 451 nefus:
673 411 994 464 Phlegramque
1018 411 1176 451 retexit

57 482 202 523 Tanta
225 480 347 533 prole
369 485 553 527 tumens,
579 486 617 519 ct
641 481 684 519 in
703 479 867 520 aethera
888 479 1073 531 protulit
1096 479 1261 520 hostes.
1493 480 1520 519 5

59 550 131 590 Fit
152 561 306 588 sonus:
340 553 571 600 erumpunt
596 547 755 594 Erebo,
778 546 1057 599 nondumque
1079 546 1217 586 creati

58 616 159 657 Jam
181 615 359 654 dextras
386 616 427 654 in
448 615 565 655 bella
588 620 761 668 parant,
785 614 1066 666 Superosque
1089 614 1327 664 lacessunt,

60 681 248 723 Stridula
270 681 498 721 volventes
521 683 691 732 gemino
713 682 901 732 vestigia
922 681 1066 734 lapsu.

60 749 314 790 Pallescunt
337 750 482 789 subito
507 749 665 797 stellae,
688 749 911 800 flectitque
938 749 1144 789 rubentes

59 815 256 857 Phoebus
277 829 430 869 equos,
454 816 690 868 docuitque
711 816 839 855 timor
860 827 1069 854 revocare
1091 818 1274 856 meatus.

1467 814 1522 854 10

63 883 287 924 Oceanum
311 885 419 936 petit
442 884 620 932 Arctos,
643 883 951 935 inocciduique
972 882 1162 923 Triones

64 1011 221 1050 Titanum,
236 1012 370 1052 replebat
383 1016 492 1043 cuncta
506 1013 580 1041 lova
592 1011 762 1048 inferorum
773 1010 925 1050 partubus
937 1011 1135 1050 portentosis,
1148 1013 1335 1051 productura
1347 1012 1444 1042 scelus
1456 1011 1526 1041 hor-

59 1055 186 1085 rendum
196 1066 205 1084 :
229 1058 257 1084 et
274 1059 449 1091 turgescens
463 1059 552 1085 tauta
563 1054 674 1091 sobole,
688 1053 810 1093 aperuit
833 1053 1011 1092 Phlegram,
1033 1057 1123 1093 atque
1136 1054 1233 1084 edidit
1247 1054 1348 1084 hostes
1360 1054 1391 1084 in
1403 1055 1524 1084 calum.

61 1097 210 1128 Mur-mur
225 1098 364 1127 auditur.
411 1098 580 1137 Gigantes
595 1099 756 1135 emergunt
774 1106 813 1126 ex
831 1096 925 1133 Orco,
952 1100 982 1126 et
1008 1098 1141 1126 noudum
1171 1097 1251 1135 uati,
1271 1096 1342 1134 jum
1358 1096 1526 1135 accingunt

59 1149 166 1170 manus
180 1141 219 1169 ad
232 1140 356 1178 praelia,
383 1143 412 1170 et
426 1143 592 1179 provocant
611 1139 710 1176 Deos,
734 1140 1034 1178 tvrqueutesgradus
1055 1139 1221 1169 stridentes
1231 1149 1311 1179 gyro
1327 1139 1441 1178 duplici
1458 1148 1526 1169 ser-

61 1182 184 1222 pentiS.
229 1182 328 1212 Astra
341 1183 450 1213 statim
463 1184 593 1223 pallent,
613 1186 643 1213 et
671 1182 726 1212 Sol
748 1183 862 1212 avertit
879 1191 969 1221 equos
983 1183 1138 1219 ardentes,
1163 1193 1199 1213 uc
1215 1185 1312 1212 metus
1321 1181 1416 1220 jussit
1434 1181 1525 1211 illurn

59 1224 197 1255 cohibere
211 1234 343 1255 cursmn.
404 1226 485 1256 Ursa
500 1226 609 1266 major
630 1224 785 1255 descendit
815 1224 848 1254 iu
875 1225 1044 1265 Oceanum,
1058 1228 1088 1255 et
1117 1225 1248 1256 Triones
1272 1235 1332 1255 uon
1358 1225 1528 1256 occidentes

677 1319 913 1331 eeeeeeeeeeee

65 1389 214 1423 notatus,
239 1386 296 1425 qui
332 1386 409 1416 hinc.
432 1390 556 1425 repente
580 1388 652 1416 olim
677 1387 728 1416 vel
754 1396 862 1426 repens
885 1386 1166 1425 conjiciebat.—2
1189 1387 1306 1425 dolores
1331 1386 1383 1416 vel
1412 1386 1531 1416 labores

66 1428 226 1458 Rom—3
251 1427 411 1464 mortifero
428 1429 509 1458 Yar.
526 1430 593 1459 LL.
619 1428 673 1458 ed.
692 1428 797 1458 Antv.
822 1427 907 1464 foetu
934 1429 1014 1458 Vat.
1034 1438 1084 1467 pr.
1110 1437 1152 1457 m.
1170 1438 1219 1467 pr.
1237 1428 1356 1458 Ambr.
1375 1438 1425 1467 pr.
1444 1428 1530 1459 Cod.

65 1470 101 1500 S.
116 1470 220 1507 Gaui,
235 1471 312 1500 Vat.
332 1471 439 1500 Livin.
464 1472 544 1500 Exc.
574 1471 649 1500 Pat.
665 1481 733 1500 rec.
749 1470 803 1500 ed.
821 1471 936 1500 l’arm.
960 1473 1039 1500 coetu
1056 1475 1202 1510 quatuor
1222 1471 1315 1501 Vaut.
1345 1471 1416 1501 Pal.
1435 1471 1530 1501 Rott.

65 1511 173 1542 oisel.
192 1512 305 1542 Oxon.
323 1522 390 1543 sec.
421 1513 501 1543 Exc.
520 1513 598 1542 Pat.
615 1522 681 1542 rec.
700 1522 742 1541 ni.
771 1521 839 1541 sec.
857 1512 937 1541 Var.
956 1513 1024 1541 LL.
1049 1522 1066 1541 e.
1085 1521 1187 1550 marg.
1210 1514 1387 1543 Parim—5
1412 1517 1532 1543 tument

66 1555 146 1584 Vat.
175 1563 226 1593 pr.
258 1554 375 1585 Arnbr.
400 1564 450 1594 pr.
463 1555 598 1594 propulit
627 1564 686 1593 pro
700 1554 832 1593 protulit
855 1553 1063 1592 condciebat
1078 1553 1264 1585 Heins.—6
1291 1554 1385 1584 Erebi
1403 1555 1533 1586 Buslid.

67 1596 166 1627 crebri
191 1602 336 1636 quatuor
364 1597 460 1627 Vati.
488 1597 562 1626 Pal.
587 1597 693 1627 Oisel.
720 1597 803 1626 Exc.
833 1595 910 1626 Pat.
938 1605 1009 1625 rec.
1036 1605 1078 1625 m.
1105 1604 1170 1626 sec.
1200 1596 1281 1626 Var.
1308 1597 1373 1627 LL.
1392 1607 1409 1625 c
1427 1606 1533 1636 marg.

69 1639 181 1669 Parni.
213 1639 329 1669 cerebri
357 1640 449 1670 Rott.
479 1639 583 1669 crebro
600 1640 678 1669 Vat.
705 1649 754 1679 pr.
771 1638 887 1669 Ambr.
912 1647 962 1677 pr.
981 1639 1064 1668 Exc.
1088 1637 1248 1669 Pat.1·ec.
1273 1648 1314 1668 ni.
1330 1648 1381 1677 pr.
1399 1639 1483 1669 Cod.
1502 1640 1534 1670 S.

68 1681 172 1719 Galli,
185 1682 237 1712 ed.
256 1682 368 1713 Parin.
396 1682 494 1712 Erebo
508 1683 590 1722 legit
607 1682 728 1712 Helns.
751 1682 946 1720 necdumque
957 1680 1110 1710 Florent.
1128 1685 1198 1711 tres
1215 1681 1309 1711 Med.
1331 1681 1394 1711 inc.
1413 1682 1534 1712 Heins.

70 1724 150 1755 Put.
168 1724 234 1754 duo
252 1725 374 1755 petav.
393 1725 458 1756 duo
474 1724 589 1756 Ambr.
606 1725 689 1755 Coa.
708 1724 826 1763 Epigr.
844 1723 962 1754 Ambr.
990 1722 1068 1754 Ald.
1086 1722 1138 1753 ed.
1155 1724 1270 1753 Parm.
1288 1724 1371 1754 Exc.
1391 1725 1534 1755 Lucens.

70 1769 183 1806 pru—7
207 1768 246 1797 ad
271 1767 347 1798 bella
365 1773 434 1798 tres
461 1768 558 1798 Vatt.
591 1768 741 1798 lacessant
759 1767 837 1797 Vat.
865 1768 983 1805 [ηπ-8
1004 1775 1114 1805 gressu
1140 1775 1201 1806 pro
1226 1767 1315 1806 lapsu
1342 1767 1425 1796 Exc.
1449 1767 1534 1798 Cod.

71 1808 257 1840 Rhem.—9
282 1811 447 1841 Palescunt
474 1811 601 1841 Moret.
616 1820 666 1850 pr.
694 1809 844 1849 flectique
862 1809 983 1840 Petav.
1001 1812 1138 1848 pra—10
1161 1810 1304 1848 cogitque
1320 1809 1414 1839 tirum·
1431 1810 1536 1850 conji-

70 1851 185 1883 ciebat
212 1853 416 1885 Heius.—11
448 1853 660 1893 Oceanumque
677 1852 771 1884 Med.
797 1861 865 1882 sec.
898 1853 1016 1882 Arctus
1029 1851 1110 1883 Var.
1134 1851 1200 1882 LL.
1217 1861 1236 1882 e
1252 1862 1359 1892 marg.
1377 1852 1538 1883 Parni.—

732 1949 878 1982 NOTAE

74 2029 116 2060 ab
133 2028 190 2061 illo
208 2029 413 2070 traductum,
428 2031 486 2063 sed
501 2031 542 2063 ab
558 2031 635 2062 alio.
659 2030 779 2062 Fuisse

75 2085 190 2111 autem
220 2080 309 2111 viros
341 2081 493 2121 gigantes
515 2091 612 2112 nemo
629 2081 780 2120 dubitet,

76 2140 152 2162 cum
170 2130 213 2161 de
231 2131 269 2161 iis
282 2132 405 2171 saepius
416 2132 543 2163 mentio
555 2132 615 2163 fiat
628 2132 660 2162 in
675 2132 780 2163 sacris

76 2180 274 2212 Codicibus.

120 2233 137 2260 1
164 2229 293 2270 Invida]
331 2231 432 2264 Quod
458 2232 621 2272 depressa
650 2231 783 2272 fuisset,

78 2283 115 2312 et
138 2281 232 2312 velut
262 2282 294 2311 in
319 2281 468 2313 infimam
499 2282 615 2313 mundi
646 2286 781 2322 partem

79 2330 242 2370 relegata.

120 2383 141 2412 2
167 2382 330 2422 Titanum]
367 2383 474 2414 Terra
500 2389 670 2415 commota
692 2384 783 2415 dolo-

80 2429 174 2462 ribus
189 2432 347 2463 Titanum
365 2433 510 2464 tiliorum
527 2443 677 2473 suorum,
694 2434 749 2475 qui
765 2444 784 2464 a

82 2480 167 2512 Jove
182 2481 214 2512 in
231 2483 377 2514 Tartara
403 2483 533 2523 dejecti
557 2485 685 2524 magnis
708 2495 785 2525 sup-

81 2530 190 2570 pliciis
208 2534 463 2565 cruciabantur.
487 2535 573 2565 Sunt
590 2536 646 2576 qui
664 2535 785 2566 merito

82 2580 232 2613 Luciferi
263 2589 299 2614 et
333 2584 540 2625 Angelorum
565 2586 704 2616 aliorum
732 2595 786 2616 ca-

85 2640 158 2662 sum
174 2632 354 2665 Titanibus
371 2639 583 2675 comparent.

128 2683 147 2711 3
174 2681 322 2724 Tartara]
355 2683 564 2717 Profundior
588 2689 642 2718 est
657 2683 788 2717 Infero·

89 2739 161 2761 rnm
179 2730 283 2764 locus.

875 2033 896 2061 4
922 2029 1079 2061 Genitura
1103 2030 1204 2071 nefas]
1227 2029 1397 2062 Genitura
1423 2029 1538 2070 gigan=

835 2084 898 2120 tes,
914 2081 1078 2121 qninefas
1095 2081 1250 2120 invisum,
1262 2090 1321 2111 seu
1338 2081 1447 2110 scelus
1463 2080 1539 2110 hor-

835 2131 991 2169 rendum,
1008 2132 1041 2161 in
1056 2132 1146 2162 Deos
1159 2131 1329 2172 patraturi
1343 2135 1460 2162 erant:
1479 2130 1542 2162 sic-

836 2191 900 2222 que
914 2181 1052 2221 ponitur
1063 2181 1206 2212 effectus
1218 2191 1280 2222 pro
1297 2191 1419 2213 eausa:
1435 2185 1541 2213 meto-

838 2231 1004 2271 nyniiccsss.

882 2281 1049 2320 Phlegram
1062 2282 1197 2322 retexit]
1235 2282 1276 2313 Id
1294 2287 1359 2322 est,
1375 2281 1542 2323 quassatis

837 2331 1071 2363 fundamentis
1083 2333 1265 2373 Phlegram
1280 2337 1430 2364 montem
1441 2333 1544 2364 Thes-

838 2383 931 2413 saliae
949 2383 982 2413 in
1000 2383 1139 2414 Graecia
1156 2384 1244 2414 eruit
1266 2384 1297 2413 in
1318 2381 1543 2423 producendis

836 2434 1040 2475 gigantibus,
1057 2436 1109 2465 vel
1125 2435 1258 2475 aperuit
1275 2435 1369 2475 quasi
1387 2442 1543 2474 campum

841 2483 884 2513 ad
898 2493 1057 2523 pugnam.

883 2536 902 2563 S
928 2533 1061 2564 Gemino
1077 2533 1178 2573 lapsu]
1211 2534 1301 2566 Quia
1316 2534 1468 2573 gigantes
1484 2541 1544 2572 pro

841 2583 985 2624 pedibus
1003 2584 1188 2614 utebantur
1199 2584 1413 2624 serpentibus
1431 2594 1438 2620 ;
1456 2580 1544 2612 unde

841 2633 885 2664 ab
901 2634 1026 2665 Ovidio
1047 2635 1207 2665 dicuntur
1231 2637 1239 2652 ‘
1259 2630 1500 2673 Anguipedes)

887 2687 926 2715 ll
949 2683 1078 2725 Arctos]
1112 2685 1238 2716 Calisto
1265 2685 1373 2714 invisa
1408 2680 1544 2719 Jnnoni,

843 2743 1076 2776 conversaque
1100 2735 1136 2766 in
1171 2744 1282 2766 ursam
1308 2732 1484 2772 majorem,
1510 2735 1546 2762 et
