1852 3182
640 215 903 246 EfflYLLIA.

55 317 139 358 Sed
161 316 340 370 propius
361 314 492 365 nigrae
509 311 653 364 jungit
675 324 722 351 so
744 309 905 350 callida
927 312 1050 358 setae,

1389 205 1505 246 1095

1452 309 1508 348 15

56 384 109 424 Et
129 384 321 424 meminit
341 381 519 433 captiva
541 378 624 426 sui,
645 378 859 430 longeque
882 390 958 430 per
978 375 1121 416 undas

30 490 40 496 ,
59 451 185 501 Pigra
207 449 425 489 venenatis
446 446 623 486 effundit
642 445 817 485 flamina
837 445 980 485 venis.

54 517 138 557 Per
159 522 295 556 setam
316 515 382 554 vis
403 515 491 554 alta
512 516 643 561 meat,
666 512 914 564 fluctusque
936 508 1137 562 relinquit

51 583 291 624 Absentem
314 586 477 622 tentura
500 581 641 620 virum
660 593 668 619 ε
701 578 951 618 metuendus
973 577 1028 617 ab
1050 576 1149 615 imis

52 649 223 690 Emicat
242 649 390 689 horror
409 648 552 700 aquis,
574 651 614 686 et
636 645 826 699 pendula
847 644 921 684 fila
942 649 1124 684 secutus

1453 638 1509 679 20

50 716 227 758 Transit
248 715 511 755 arundineos
531 725 691 754 arcano
713 712 871 763 frigore
893 712 1052 760 nodos,

49 782 375 836 Victricemque
396 783 502 835 ligat
523 784 726 822 concreto
748 779 957 831 sanguine
978 778 1192 818 dextram.

51 849 324 891 Damnosum
346 850 539 903 piscator
560 860 683 896 onus,
707 846 987 899 praedamque
1006 845 1206 885 rebellem

50 915 212 965 Jactat,
235 920 276 957 et
295 916 461 956 amissa
484 914 591 955 redit
614 919 870 954 exarmatus
897 924 1050 952 avena.

51 1015 148 1035 morsa
166 1006 249 1035 inani
263 1016 270 1035 .·
292 1005 342 1034 sed
360 1014 399 1034 ea
411 1007 515 1034 astuta
531 1003 669 1032 admovet
686 1012 717 1031 se
731 1002 859 1041 propius
881 1004 954 1030 setoe
969 1002 1047 1030 atrae
1064 998 1165 1036 hami,
1179 1001 1210 1029 et
1226 1001 1316 1037 capta
1332 996 1511 1027 recordatur

49 1048 97 1077 sni
114 1048 252 1087 ingenii,
278 1050 306 1077 et
326 1048 432 1087 procul
455 1045 572 1077 emittit
597 1054 653 1084 per
668 1054 761 1084 aquas·
777 1044 907 1073 halitum
933 1044 1049 1072 lentam
1076 1051 1118 1071 ex
1146 1040 1313 1071 rzsceribus
1338 1038 1511 1069 virulentis.

56 1090 110 1120 1'1's
124 1089 277 1130 profunda
295 1090 413 1120 veneni
429 1091 572 1128 penetrat
587 1097 642 1127 per
657 1086 770 1117 funem
783 1088 965 1123 setosum,et
982 1084 1095 1115 deserit
1111 1085 1219 1120 undas,
1231 1083 1400 1121 alligatura
1412 1081 1513 1111 virum

51 1132 253 1173 piscatorem
278 1135 435 1162 remotum.
486 1130 600 1169 Frigus
617 1130 787 1160 timendam
809 1129 941 1167 emergit
969 1138 1008 1158 ex
1025 1126 1126 1165 fundo
1150 1135 1310 1165 aquarum,
1335 1128 1365 1154 et
1387 1132 1514 1162 sequens

41 1175 102 1217 fila
119 1181 201 1205 setae
217 1175 394 1214 pendentia,
417 1175 615 1214 prsetermeat
631 1183 697 1203 cum
718 1172 819 1211 glacie
834 1174 950 1202 secreta
967 1171 1060 1200 nodos
1082 1169 1255 1206 arundinis,
1280 1171 1309 1198 et
1325 1165 1513 1203 constringit

48 1227 172 1248 manum
189 1217 345 1247 victricem
364 1215 554 1256 piscatoriS,
581 1215 732 1255 sanguine
749 1216 824 1255 ojus
839 1214 984 1253 glaciato.
1032 1212 1178 1243 Piscator
1192 1210 1298 1250 abjicit
1314 1211 1432 1251 pondus
1443 1217 1514 1248 per-

49 1259 207 1299 niciosum,
223 1263 253 1290 et
268 1261 407 1300 praedam
423 1260 636 1298 reluctantem,
651 1261 744 1298 atque
755 1258 906 1299 spoliatus
920 1256 1102 1293 revertitur,
1117 1255 1267 1285 arundine
1280 1253 1415 1294 perdita.

656 1331 894 1345 eeeeeeeeeeee

41 1377 109 1416 fuit
129 1377 212 1407 Exc.
230 1377 372 1408 Lucens.
390 1386 442 1415 pr.
478 1377 563 1406 vario
581 1385 642 1415 pro
658 1385 735 1405 vano
751 1375 828 1405 Vat.
844 1384 910 1405 sec.
942 1374 1050 1405 tollere
1066 1373 1130 1404 inc.
1157 1371 1358 1403 Helm—15
1384 1369 1428 1399 Et
1440 1376 1513 1407 pro·

47 1420 118 1460 pius
136 1420 257 1450 Petav.
273 1428 341 1450 sec.
378 1419 415 1449 Si
429 1419 556 1458 propius
572 1418 667 1448 Med.
686 1427 755 1447 sec.
788 1418 891 1456 potius
909 1421 978 1448 tres
995 1417 1092 1446 Vatt.
1110 1415 1184 1446 Pal.
1208 1416 1308 1452 long-,m²
1332 1413 1417 1443 Exc.
1434 1410 1512 1441 Pat.

49 1471 120 1494 rec.
137 1472 180 1492 m.
200 1472 250 1502 pr.
267 1462 383 1500 ‚iunget
399 1471 430 1492 se
446 1460 576 1491 Buslid.
605 1460 719 1498 junxit
733 1459 800 1489 duo
816 1459 1002 1490 Yam—16
1037 1459 1182 1497 longoque
1197 1457 1276 1487 Vat.
1294 1465 1343 1495 pr.
1376 1463 1432 1493 per
1445 1453 1514 1483 her-

50 1504 106 1535 has
120 1506 197 1535 Vat.
215 1506 411 1545 quum—17
439 1503 597 1543 effundere
622 1503 745 1533 Mutet.
763 1512 812 1541 pr.
838 1501 974 1541 flamina
991 1501 1057 1532 duo
1072 1501 1257 1530 Yam-18
1280 1498 1335 1528 rix
1347 1497 1414 1527 alta
1436 1495 1513 1525 Flo-

52 1552 141 1578 rent.
179 1550 249 1577 atra
276 1546 393 1576 Ambr.
414 1551 495 1576 tert.
525 1547 711 1584 ‚fructusque
728 1544 801 1574 Pal.
818 1543 896 1573 Ald.
914 1544 1038 1583 Isingr.
1056 1543 1165 1573 Colin.
1181 1541 1313 1580 Grypli.
1334 1540 1514 1580 fluctusque

50 1590 203 1620 Florent.
231 1596 298 1619 tres
324 1588 419 1619 Med.
438 1588 518 1618 Put.
538 1587 602 1616 duo
622 1587 742 1616 Petav.
762 1586 893 1615 Bonon.
921 1585 988 1615 dno
1008 1584 1126 1615 Ambr.
1158 1584 1284 1613 Moret.
1302 1591 1352 1620 pr.
1382 1580 1513 1611 Buslid.

50 1633 130 1664 Vat.
147 1632 254 1662 Lirin.
281 1632 364 1662 Exc.
398 1631 475 1660 Pat.
503 1639 571 1660 ree.
597 1629 740 1659 Lucens.
759 1630 897 1667 pr.——19
920 1631 1051 1657 ventura
1072 1627 1153 1656 Vat.
1171 1631 1251 1656 tert.
1275 1623 1378 1654 Hafn.
1406 1622 1513 1653 Oisel.

50 1675 202 1706 Florent.
221 1674 343 1705 I'etav.
363 1683 432 1704 sec.
450 1672 568 1703 Ambr.
586 1676 662 1702 tert.
692 1670 777 1701 Cod.
797 1670 914 1710 Epigr.
933 1669 1051 1700 Ambr.
1087 1671 1213 1699 vectura
1236 1667 1331 1697 Rott.
1346 1666 1428 1695 Var.
1447 1664 1515 1694 LL.

51 1717 105 1749 ed.
122 1717 226 1748 Antv.
264 1716 385 1747 victura
403 1720 546 1757 quatuor
562 1715 659 1745 Vatt.
676 1713 751 1745 Pal.
768 1713 832 1744 duo
851 1712 944 1744 Med.
973 1712 1037 1742 inc.
1055 1711 1176 1742 Heius.
1195 1710 1308 1740 Oxon.
1328 1717 1396 1738 sec.
1430 1706 1516 1736 vinc-

50 1763 121 1791 tura
139 1759 256 1791 Ambr.
276 1765 352 1790 tert.
370 1769 414 1789 m.
431 1768 498 1789 sec.
518 1759 597 1788 Vnt.
618 1757 724 1788 Livin.
749 1757 832 1787 Var.
849 1756 920 1786 LL.
937 1764 955 1785 e
973 1764 1081 1794 marg.
1099 1754 1215 1784 Parm.
1253 1754 1382 1781 nectara
1396 1748 1515 1780 Ambr.

52 1813 102 1844 pr.
132 1803 225 1834 Med.
242 1812 310 1833 sec.
349 1805 473 1832 tentura
490 1806 557 1831 vet.
577 1801 662 1841 Gyr.
686 1800 769 1830 Exc.
800 1800 942 1830 Lucens.
967 1799 1107 1838 piu—22
1131 1798 1224 1835 negat
1252 1804 1312 1835 pro
1337 1793 1417 1831 ligat
1437 1791 1515 1823 Vat.

52 1850 132 1877 tert.
155 1849 293 1877 concerto
311 1845 393 1875 Put.
417 1847 553 1875 conserto
571 1842 789 1874 Buslid.—24
815 1845 994 1872 exarmatus
1011 1840 1064 1870 vel
1081 1839 1278 1870 exanimatus
1294 1836 1377 1867 Cod.
1398 1834 1514 1874 Epigr.

52 1887 170 1920 Ambr.
203 1888 321 1919 habena
338 1893 406 1919 tres
426 1887 521 1918 Vatt.
547 1887 622 1917 Pal.
655 1886 770 1916 harena
787 1885 870 1915 Exc.
890 1885 970 1915 Par.
987 1893 1056 1914 rec.
1090 1891 1188 1913 arena
1205 1881 1281 1911 Vat.
1297 1882 1379 1910 tert.
1409 1875 1514 1908 Hafn.

53 1931 317 1963 Rott.Florent.
344 1930 440 1961 Med.
458 1939 525 1961 sec.
544 1929 624 1960 Put.
654 1928 858 1959 Petav.sec.
875 1926 995 1958 Ambr.
1021 1930 1100 1956 tert.
1125 1923 1256 1955 Buslid.
1283 1921 1369 1954 Cod.
1396 1919 1516 1961 Epigr.

53 1974 170 2005 Ambr.
185 1974 269 2005 Exc.
286 1974 427 2005 Lucens.
444 1983 494 2014 pr.
510 1971 591 2004 Ald.
616 1981 712 2002 arena
729 1970 781 2000 vel
798 1970 915 2001 habena
930 1970 1009 2001 Vat.
1025 1968 1134 2010 quint.
1568 1973 1571 1975 ·

714 2058 745 2089 N
752 2057 854 2089 OTAE

99 2127 135 2154 15
161 2123 259 2163 Sace]
283 2123 366 2154 Funi
384 2128 511 2162 setoso,
529 2123 583 2154 cui
602 2122 755 2153 adhaeret
851 2124 893 2152 20
918 2118 1060 2158 Horror]
1085 2117 1204 2157 Frigus
1222 2113 1311 2156 quod
1327 2111 1418 2153 parit
1440 2111 1517 2142 hor-

51 2175 181 2207 hamus.
219 2176 318 2207 Unde
336 2176 481 2217 torpedo
498 2174 685 2216 symbolum
702 2177 755 2204 est
809 2181 918 2203 rorem
935 2175 971 2202 et
987 2174 1170 2201 tremorem
1187 2166 1221 2196 in
1247 2171 1389 2204 corpore
1405 2161 1515 2202 pisca-

53 2226 196 2258 hominis
224 2227 342 2266 dolosi,
370 2226 425 2267 qui
448 2226 583 2267 quidem
611 2224 754 2255 occultis

55 2277 182 2308 artibus
199 2277 280 2308 alios
297 2277 478 2317 opprimat.
523 2275 590 2306 Sed
615 2279 650 2305 et
667 2284 755 2314 sym-

54 2325 166 2358 bolum
183 2332 235 2358 est
252 2327 394 2358 hominis
408 2332 467 2357 aut
480 2325 629 2366 pigritiae
644 2328 754 2355 veter-

54 2386 96 2408 no
131 2383 190 2409 ant
217 2378 431 2418 voluptatum
458 2376 614 2408 sordibus
641 2385 754 2407 conse-

54 2427 148 2468 pulti.

97 2481 137 2510 16
162 2478 309 2509 Meminit
324 2477 387 2518 sui]
411 2477 452 2508 Id
468 2481 534 2517 est,
548 2477 598 2508 sui
612 2475 754 2517 ingenii,

54 2537 103 2559 sm
117 2537 251 2560 veneni.

97 2580 136 2609 17
162 2577 465 2619 Effunditflamz'na]
490 2576 625 2608 Emittit
641 2585 755 2607 auram

56 2628 220 2668 quandam
244 2628 442 2668 pestiferam
469 2637 529 2667 per
563 2626 678 2657 sunem
706 2627 756 2666 ip-

55 2687 141 2715 sum,
157 2678 331 2720 ipsamque
348 2678 548 2709 arundinem
567 2687 664 2719 quam
687 2677 754 2718 pis-

57 2731 154 2758 cator
169 2732 274 2758 tenet.

100 2779 141 2807 18
169 2777 223 2807 Vis
238 2777 318 2817 alta]
348 2779 479 2811 Veneni
495 2778 641 2811 scilicet.
686 2776 755 2809 Alii

59 2827 176 2869 legunt
190 2827 235 2857 tis
249 2831 330 2858 atra.

810 2222 904 2254 toris.

851 2275 891 2304 21
919 2269 1060 2309 Transit]
1090 2268 1258 2299 Penetrat
1285 2265 1391 2305 ipsam
1419 2272 1518 2293 arun-

810 2324 936 2362 dinem,
968 2327 1002 2352 et
1030 2329 1166 2351 manum
1192 2318 1300 2357 ipsam
1329 2312 1518 2355 piscatoris.

809 2373 876 2405 Sed
905 2373 947 2403 de
976 2369 1174 2410 Torpedine
1214 2366 1341 2397 Petrus
1367 2362 1514 2394 Gillius:

807 2423 949 2464 <Hujus
978 2421 1079 2462 piscis
1103 2424 1276 2458 torporem
1301 2424 1376 2446 mea
1399 2421 1516 2443 manus

808 2475 960 2507 tactione
979 2471 1191 2513 periclitatus
1208 2478 1293 2505 sum,
1322 2466 1380 2496 sed
1411 2462 1516 2494 haud-

810 2533 976 2567 quaquam
1002 2521 1080 2553 mihi
1107 2529 1223 2551 manus
1250 2522 1431 2555 tantopere
1458 2512 1516 2544 ob-

810 2576 941 2617 torpuit
968 2583 1065 2616 quam
1106 2570 1289 2610 scriptores
1317 2567 1514 2598 decantant.

807 2627 940 2667 Torpor
967 2634 1032 2655 non
1058 2621 1160 2653 modo
1189 2619 1303 2651 letalis
1343 2626 1407 2647 non
1446 2618 1511 2650 est,

810 2677 870 2709 sed
884 2686 949 2707 non
965 2676 1013 2706 ita
1025 2674 1131 2705 multo
1148 2676 1222 2712 post
1236 2665 1426 2700 evanescit!
1470 2661 1513 2693 Id

810 2727 899 2769 quod
916 2725 1069 2765 Scaliger
1084 2721 1247 2759 ostendit,
1267 2719 1514 2755 Albertumque

810 2783 847 2809 et
863 2777 1056 2808 Cardanum
1072 2774 1135 2803 hoc
1161 2770 1269 2810 frigus
1293 2767 1430 2799 nimium
1454 2774 1512 2796 ex-

814 2828 973 2859 tollentes
991 2831 1122 2856 eri-asse
1137 2819 1271 2861 probat.
