1852 3182
532 224 583 253 ΙΝ
618 222 850 253 RUFlNUM
885 221 980 250 LlB.
1011 220 1065 250 11.

79 325 188 356 citant
203 324 245 356 ad
269 322 387 364 praelia
404 328 530 361 pennas
545 318 564 348 :’
589 327 651 357 pro
666 317 776 347 cinctoe

78 376 110 404 in
140 374 213 405 aliis
241 377 386 407 cunctam·
417 367 566 400 nonnulli
591 368 696 398 cintoe.
731 367 774 398 D.

80 426 201 456 nefins.

119 477 183 505 466
208 474 265 504 Est
276 473 366 506 locus,
378 468 444 509 ἔξω]
459 469 515 499 De
526 466 776 507 Phlegethonte

77 522 261 564 mythologi
284 521 498 551 disseruere:
524 522 640 548 noster
664 517 722 547 lib.
750 525 774 546 1.

78 575 120 606 de
139 575 250 613 Raptn
268 571 416 611 princip.
434 574 468 600 at
485 568 680 606 cultissimo,
699 567 719 597 l.
736 575 774 597 ιι.

75 624 118 654 de
158 623 268 661 Raptu
288 630 295 650 :
341 622 349 636 ‘
368 618 602 659 Flagrantibus
640 616 776 656 hispida

72 671 193 704 nimbis
210 670 321 701 Barba
338 670 437 709 riget,
451 674 589 710 totoque
606 666 714 697 fluunt
728 667 775 696 in-

74 721 192 753 cendia
209 719 325 751 vultu.'
358 720 481 751 Senec.
495 719 656 758 Thyeste,
670 722 736 748 act.
751 725 774 746 1.

72 781 117 802 sc.
137 773 166 802 1.
190 772 199 788 ‘
215 770 321 801 Atveo
339 770 468 801 medius
488 775 544 800 tuo
560 768 773 808 Phlegethon

72 821 254 862 relinquar,
270 821 368 861 igneo
385 820 518 851 cinctus
536 818 645 849 freto!
679 818 773 858 Serv.

73 870 115 901 ad
143 870 276 902 AEneid.
308 879 355 901 vr.
393 872 401 887 ‘
417 871 598 900 Tartareus
630 868 774 907 Phlege-

74 922 177 953 thon.’
221 922 324 952 Hunc
343 921 644 962 Pyriphlegethonta
659 919 775 958 appel·

72 972 120 1003 lat
141 973 282 1003 Tertull.
301 972 400 1012 Apol.
419 982 447 1002 c.
466 975 540 1002 150.
558 970 599 1001 ad
617 969 707 1011 quod
727 971 776 999 al-

72 1023 153 1053 lusit
170 1024 344 1062 eleganter
358 1021 473 1052 Sidon.
496 1021 553 1052 lib.
572 1030 626 1050 111.
641 1021 705 1059 Ep.
724 1022 774 1050 13.

71 1072 113 1103 de
128 1072 267 1112 parasiti
280 1073 386 1103 oculis
401 1083 407 1102 :
433 1071 579 1112 ‘Stygiae
595 1071 666 1100 vice
682 1070 774 1109 palu-

69 1123 121 1153 dis
147 1123 286 1152 volvnnt
311 1122 477 1162 lacrymas
505 1130 567 1161 per
593 1120 774 1151 tenebras:

33 1204 39 1209 ,
71 1173 253 1212 Dempster.

111 1224 174 1253 467
200 1220 348 1262 Cocytus]
367 1221 499 1261 Cocytos
508 1220 594 1251 bene
609 1220 773 1251 Mazarin.

69 1273 169 1313 prim.
185 1272 299 1303 Vatic.
316 1277 350 1303 et
366 1272 515 1312 quinque
531 1271 599 1309 alii,
617 1272 773 1310 Cocyton.-

68 1323 115 1354 sic
141 1327 177 1353 et
202 1322 353 1362 scorpion,
383 1322 507 1362 Tityon,
537 1331 597 1361 pro
625 1322 772 1360 scorpios,

71 1374 193 1413 Tityos,
210 1382 300 1412 saepe
315 1372 348 1402 in
365 1372 511 1411 antiquis
527 1371 629 1401 libris.
664 1371 771 1401 Paulo

70 1429 148 1454 ante
168 1423 226 1453 Est
241 1424 326 1453 lacus
342 1431 405 1452 non
432 1422 490 1452 Est
506 1423 586 1451 locus
599 1421 771 1460 corrigen-

68 1473 147 1503 dum
163 1477 282 1504 censet
313 1472 491 1503 Barthius:
516 1481 583 1512 qua
602 1471 773 1511 castigati-

68 1533 132 1555 one
150 1533 217 1554 non
234 1528 285 1554 est
302 1532 396 1563 opus.
428 1523 470 1553 D.
488 1522 599 1552 Heius.

110 1574 286 1604 Inamoenus
297 1576 422 1611 uterque
434 1570 563 1610 Ali-eus]
588 1570 688 1603 Quod
698 1571 772 1611 ipsa

68 1624 205 1654 nomina
220 1627 376 1662 arguunt.
405 1622 516 1652 Barth.

109 1675 174 1704 469
198 1673 307 1703 Turris
325 1682 382 1712 per
394 1672 534 1711 geminos
544 1671 685 1711 fiammis
699 1671 771 1702 rici-

66 1723 136 1753 nior
151 1732 254 1753 amnes
269 1720 468 1761 porrigitur]
491 1721 673 1751 Sciendum
695 1720 771 1751 Tur-

65 1774 126 1804 rim
140 1783 205 1805 non
216 1782 314 1803 unam
332 1772 452 1802 molem
467 1771 586 1809 solam,
597 1771 771 1812 solumque

66 1824 99 1855 in
111 1825 214 1855 altum
227 1827 418 1864 porrectam
434 1820 637 1861 significare,
655 1830 771 1852 verum

65 1875 286 1906 munitionem
299 1873 414 1911 latam,
424 1881 550 1910 arcem,
563 1876 771 1902 structuram

67 1925 213 1966 plurium
225 1923 656 1962 aedificiorum,castellum‚
669 1922 770 1953 modo

66 1975 256 2007 altitudinis
288 1974 331 2004 sit
355 1972 605 2011 eminentioris,
633 1979 667 2003 et
693 1983 769 2014 quae

64 2026 186 2058 fortior
202 2025 244 2056 ad
263 2022 540 2065 permanendum.
586 2022 640 2053 Sic
656 2032 770 2053 omnes

66 2076 214 2108 munitas
231 2075 335 2106 moles
353 2079 465 2104 turres
486 2077 586 2103 vocat
616 2073 771 2103 Lucreti-

67 2137 116 2167 us,
137 2126 195 2157 lib.
214 2134 247 2155 v.
270 2126 279 2141 ‘
293 2134 357 2155 non
375 2123 505 2163 lapides
526 2133 661 2164 quoque
679 2123 769 2154 vinci

65 2178 178 2210 cernis
195 2177 236 2207 ab
253 2186 325 2206 aevo
341 2176 352 2206 ?
382 2176 458 2207 Non
475 2176 561 2205 altas
577 2175 699 2205 turreis
717 2184 769 2206 ru-

66 2237 137 2267 ere,
164 2233 199 2258 et
228 2232 427 2267 putrescere
452 2235 531 2256 saxa
541 2224 562 2255 ?’
608 2225 708 2256 Unde
733 2230 769 2255 et

67 2278 260 2318 confugium
279 2278 435 2318 quodvis,
452 2282 631 2318 tutumque
653 2287 768 2317 recep-

67 2331 229 2368 taculum,
247 2329 364 2360 Turris.
393 2328 481 2359 Sane
498 2338 573 2358 cum
594 2338 654 2368 per
668 2329 771 2367 gemi-

65 2390 125 2412 nos
141 2389 254 2410 amnes
271 2379 374 2409 moles
398 2379 463 2409 ista
478 2378 679 2408 adamantina
694 2388 770 2418 por-

65 2430 204 2471 rigatur,
229 2429 398 2470 quomodo
424 2429 454 2459 ei
482 2428 626 2459 vicinior
653 2428 697 2459 sit
714 2429 769 2469 qui

66 2478 207 2511 flammis
223 2479 398 2519 perpetuis
414 2477 502 2514 fluit,
516 2477 664 2508 nondum
680 2477 769 2508 aede-

68 2530 124 2570 pol
141 2530 223 2560 satis
242 2529 425 2570 perspicio.
472 2529 548 2559 Nisi
576 2533 613 2560 tu
634 2529 770 2559 vicinum

66 2581 120 2611 hic
137 2585 320 2619 cognatum
347 2579 453 2617 velut,
475 2579 629 2619 similem,
656 2579 769 2619 proxi-

66 2638 173 2669 mum,
191 2639 255 2660 non
274 2636 340 2660 tam
361 2630 434 2660 loco
460 2639 561 2670 quam
584 2634 705 2660 natura
721 2629 769 2660 in-

67 2684 274 2720 terpretere,
311 2685 347 2711 et
376 2680 424 2710 ita
459 2679 538 2711 boni
573 2680 769 2720 scriptores.

67 2729 276 2760 Prudentius
305 2729 338 2759 in
369 2729 646 2769 Hamartigenia:
697 2730 706 2746 ‘
724 2729 770 2761 Et

67 2779 168 2811 datur
184 2778 355 2811 occultum
372 2787 433 2820 per
447 2779 603 2821 proxima
615 2789 769 2820 quaerere

1414 211 1524 253 1301

830 314 970 346 verum.'
1016 313 1092 345 Hoc
1104 316 1170 351 est,
1182 311 1327 343 maxime
1343 314 1477 354 similia,
1493 319 1528 346 et

828 370 957 396 naturae
976 374 1041 394 non
1058 362 1225 394 absimilis.
1249 362 1365 393 Barth.

870 418 928 446 471
959 414 1091 455 Cocytia
1110 412 1223 450 fundit
1240 411 1392 451 zEmwru]
1421 413 1528 445 Prim.

829 465 941 495 Vatic.
969 470 1003 495 et
1029 468 1175 504 quatuor
1198 462 1398 502 alii‚fi11‹lit,·
1423 463 1527 494 hene:

829 525 889 555 pro
903 515 999 554 fletu,
1025 515 1167 544 Lucens.
1192 517 1228 543 et
1256 512 1531 552 Gyra1‹t.stuceu:

830 570 865 595 ut
882 566 990 596 littora
1011 566 1159 604 plangere
1186 564 1279 603 Virg.
1303 572 1412 603 neque
1432 564 1531 594 aliter

828 615 1064 655 Pomponiana
1080 618 1243 653 excerpta
1259 618 1294 644 et
1312 623 1331 644 a
1345 623 1443 644 manu
1461 615 1530 655 pri-

828 674 880 695 ma
897 665 1023 705 primus
1036 664 1221 694 Vaticanus
1238 673 1313 694 cnm
1333 663 1529 696 Oiseliano:

828 716 887 746 sed
926 715 1068 746 frustra.
1128 714 1272 754 Statius,
1312 715 1414 746 Theb.
1449 725 1529 748 vur.

826 766 834 782 ‘
848 765 1009 796 assistunt
1022 764 1180 804 lacrymis
1195 769 1297 805 atque
1309 765 1386 804 igne
1400 770 1531 796 tumen-

828 820 879 846 tes
905 816 1051 856 Cocytos
1069 814 1384 855 Phlegethonquez'
1413 815 1532 846 alludi-

828 871 884 897 tur
900 866 988 896 enim
1007 866 1047 896 ad
1063 866 1182 906 Cocyti
1196 875 1333 896 nomen.
1359 866 1398 897 D.
1418 866 1530 898 Heius.

869 919 933 947 472
959 917 1049 947 Fletu
1077 916 1196 947 concita
1222 916 1362 956 plangit]
1409 917 1530 958 Cocyti

827 968 942 997 alveus
959 967 1118 1006 lacrymis
1142 965 1248 997 fluere
1276 968 1421 998 oxnnium
1444 967 1531 999 Po&-

826 1022 935 1047 tarum
964 1015 1086 1046 fabulis
1109 1016 1313 1048 notissimus.
1361 1017 1471 1058 Hujus
1498 1026 1531 1048 a-

824 1066 1029 1108 quasfletum
1044 1071 1142 1097 vocat
1164 1066 1386 1104 Claudianus,
1409 1068 1531 1107 quibus

823 1117 967 1156 impulsa
984 1116 1087 1147 turris
1105 1116 1238 1155 plangit
1252 1116 1354 1146 etiam
1368 1116 1453 1156 ipsa,
1466 1117 1531 1147 hoc

822 1167 1026 1197 naturaliter
1039 1166 1109 1196 sive
1122 1166 1274 1196 Deorum
1289 1164 1358 1196 fato
1372 1165 1531 1206 quopiam

823 1222 942 1248 coacta
961 1216 1089 1255 facere,
1114 1215 1240 1256 nequid
1268 1215 1429 1246 absonum
1451 1225 1532 1247 moe-

823 1267 928 1297 stitiae
946 1265 1106 1297 infernali
1124 1265 1242 1304 ferret,
1258 1266 1284 1296 si
1310 1276 1376 1296 non
1404 1270 1438 1296 et
1457 1267 1531 1306 ipsa

822 1317 1012 1356 plangeret.
1059 1316 1159 1347 Unde
1174 1325 1308 1356 qnoque
1319 1316 1398 1346 mihi
1413 1316 1531 1348 viden-

823 1372 878 1397 tur
894 1366 1040 1397 flebilem
1057 1376 1172 1396 vocem
1198 1366 1293 1404 dare,
1311 1376 1386 1406 quae
1404 1367 1526 1397 turrim

821 1417 911 1447 illam
930 1417 1065 1447 allatret
1082 1416 1186 1446 velut.
1210 1415 1327 1445 Barth.

863 1470 926 1498 473
940 1467 1011 1497 Huc
1020 1469 1088 1506 post
1098 1465 1257 1496 emeritam
1270 1465 1412 1496 mortalia
1423 1466 1526 1497 secula

819 1518 915 1548 citam
932 1516 1127 1556 Dereniuut]
1150 1516 1360 1556 Sapientium
1382 1516 1532 1547 mortali-

821 1576 876 1597 um
909 1567 1006 1597 multi
1037 1571 1116 1596 ante
1154 1565 1364 1605 patefactam
1393 1575 1530 1607 quoque

822 1616 1002 1646 veritatem
1030 1615 1101 1645 sive
1131 1615 1171 1644 ad
1199 1614 1407 1645 coercendos
1435 1620 1470 1646 et
1496 1615 1530 1645 in

823 1665 934 1697 officio
954 1665 1117 1696 tenendos
1137 1665 1300 1701 homines,
1322 1664 1411 1705 qnod
1441 1664 1530 1696 Poli-

822 1717 883 1748 tici
910 1717 958 1746 illi
988 1716 1093 1754 aiunt,
1114 1715 1183 1745 sive
1213 1715 1425 1746 conscientia
1449 1725 1531 1756 qua-

822 1767 898 1798 dam
918 1776 1030 1797 rerum
1050 1765 1254 1804 divinarum,
1273 1769 1467 1796 statuerunt
1483 1766 1532 1796 lo-

822 1827 899 1848 cum
927 1815 1108 1858 quemdam
1135 1824 1209 1846 esse
1239 1814 1296 1845 nbi
1327 1815 1530 1846 conveniant

823 1868 941 1898 animae
969 1870 1080 1897 morte
1112 1875 1131 1896 a
1164 1864 1364 1905 corporibus
1398 1865 1529 1904 solutae,

823 1919 875 1949 vel
893 1918 935 1949 ad
963 1916 1102 1958 praemia
1131 1914 1390 1947 benefactorum
1415 1915 1466 1946 vel
1483 1915 1527 1946 ad

822 1970 1006 2010 capiendas
1024 1978 1139 2009 poenas
1166 1968 1253 1998 male
1280 1965 1528 1997 administratae

821 2021 901 2051 vitae
918 2030 998 2050 snae.
1040 2019 1164 2050 Ca=teri
1180 2018 1294 2048 omnia
1310 2018 1382 2048 haec
1397 2016 1528 2048 fabulas

822 2071 998 2109 rebantur,
1025 2069 1091 2100 rati
1120 2078 1196 2099 cum
1223 2068 1371 2107 Epicuro
1398 2067 1443 2097 nil
1463 2066 1529 2098 nisi

822 2120 1097 2151 terriculamenta
1113 2127 1186 2148 csse
1215 2122 1251 2148 et
1279 2116 1530 2157 superstitiosa-

820 2180 893 2201 rum
903 2170 1148 2209 cogitationum
1160 2168 1306 2199 ludibria
1318 2178 1326 2205 ;
1342 2167 1431 2198 inter
1444 2176 1529 2208 quos

820 2221 1015 2261 comprimis
1031 2224 1083 2250 est
1099 2219 1278 2250 Luc-ianus.
1305 2218 1405 2249 Idem.

861 2274 924 2302 474
952 2271 1048 2301 Nulla
1074 2269 1212 2309 manent]
1242 2267 1410 2298 Luci-‘inus
1433 2279 1528 2307 νεκρι·

819 2323 894 2353 κοῖς.
921 2320 1055 2360 ἰσοτιμία
1071 2320 1103 2351 ἐν
1118 2318 1192 2361 ᾅδου
1206 2318 1256 2349 καὶ
1269 2319 1367 2356 ὁμοῖοι
1383 2315 1530 2348 ἅπαντες.

821 2375 919 2411 Idem.

862 2428 923 2456 475
954 2424 1096 2464 Vanaque
1107 2425 1249 2453 exsulum
1259 2422 1378 2452 nomine
1393 2417 1526 2460 Regem]

820 2476 1006 2516 Tamquam
1030 2475 1063 2505 in
1091 2482 1192 2504 scena
1217 2481 1396 2513 personam
1415 2478 1530 2511 quam-

822 2528 908 2568 piam
929 2526 1106 2557 induisset.
1152 2525 1196 2556 Et
1219 2523 1268 2554 sic
1288 2519 1529 2562 sapientissimi

819 2579 1003 2618 scriptores
1033 2576 1075 2607 de
1100 2575 1171 2606 vita
1196 2579 1231 2605 et
1259 2573 1446 2604 ambitione
1470 2579 1529 2610 po-

821 2629 941 2660 tentiae
955 2627 1190 2668 superbiaeque
1208 2626 1360 2655 humanae
1387 2628 1525 2652 censue-

821 2684 922 2718 runt;
948 2683 984 2709 ut
1009 2677 1145 2709 celebre
1174 2674 1280 2706 fuerit
1306 2673 1435 2702 dictum
1458 2669 1524 2699 Pe-

821 2730 921 2761 tronii
934 2728 1077 2766 Arbitri,
1093 2728 1102 2744 ‘
1115 2732 1223 2758 totum
1235 2723 1393 2755 mundum
1406 2719 1518 2750 t'acere

820 2777 1052 2811 histrioniam)
1098 2775 1139 2806 In
1154 2775 1241 2806 hanc
1259 2775 1373 2803 autem
1389 2774 1525 2801 senten-
