1851 3213
252 192 337 234 988
673 199 749 230 cr„
783 198 1067 229 CLAUDIAM
1101 196 1290 228 xxxvl.

309 295 425 336 Tum
449 294 592 347 gravis
610 307 669 335 ex
690 293 779 334 alto
802 292 969 345 genitor
989 293 1052 332 sic
1073 305 1202 333 orsus
1226 290 1418 344 Olympo
1436 303 1444 331 :

252 363 494 404 Abduxere
513 374 636 403 meas
658 361 812 402 iterum
832 360 1036 400 mortalia
1059 372 1202 408 curas,

252 431 281 472 J
287 444 357 471 am
378 431 549 484 pridem
571 429 769 482 neglecta
789 428 911 476 mihi,
936 427 1143 468 Saturnia
1165 431 1399 482 postquam
1538 424 1548 436 “
1662 423 1718 465 ‘20

255 497 363 539 Otia
383 503 426 539 et
447 499 592 550 ignavi
613 497 780 537 senium
803 496 1092 547 cognovimus
1115 496 1215 546 aevi,

255 565 525 619 Sopitosque
548 565 623 605 diu
644 564 836 618 populos
857 568 1029 617 torpore
1051 567 1234 616 paterno

255 632 453 673 Solicitae
477 632 647 686 placuit
669 631 861 672 stimulis
884 630 1110 684 impellere
1139 631 1258 679 vstae,

255 700 441 742 Incultis
462 713 515 740 ne
538 703 694 753 sponte
716 712 844 751 seges
867 698 1174 750 grandesceret
1195 697 1328 746 arvis,
1639 742 1645 746 ⁶

257 767 453 808 Undaret
475 780 561 807 neu
584 766 710 819 sylva
731 766 860 814 favis,
883 777 965 805 neu
987 765 1091 805 vina
1111 767 1327 805 tumerent
1665 760 1724 802 25

257 835 490 885 Fontibus,
512 838 555 874 et
576 837 680 875 totae
704 833 936 873 fremerent
957 832 1002 873 in
1022 832 1186 885 pocula
1204 833 1332 885 ripae.

255 968 377 998 silentes
399 967 597 997 admirantur
627 966 735 998 Astra.
774 966 858 996 Tunc
884 969 974 1006 pater
1002 965 1151 996 verendus
1179 965 1225 995 ita
1249 964 1367 995 locutus
1397 967 1450 994 est
1473 971 1514 993 esc
1533 962 1607 993 coelo
1626 961 1724 993 celso.-

257 1011 325 1042 Res
353 1011 493 1041 humana>
515 1013 676 1040 contemtoe
702 1019 721 1039 a
750 1018 797 1039 me
819 1010 935 1040 dudum
958 1009 1175 1049 applicuerunt
1191 1017 1298 1038 rursus
1320 1007 1458 1038 animum
1477 1015 1590 1043 meum,
1605 1008 1726 1045 postea-

256 1064 347 1094 quam
368 1053 501 1084 vidimus
523 1052 683 1091 ignaviam
714 1052 832 1082 saeculi
861 1051 1004 1091 Saturni,
1027 1055 1058 1083 et
1082 1051 1267 1082 tarditatem
1293 1049 1399 1080 aetatis
1420 1048 1546 1079 inertis.-
1572 1050 1603 1078 et
1625 1047 1726 1078 visum

256 1099 303 1127 est
319 1097 479 1126 stimulare
495 1096 577 1126 curis
592 1096 666 1125 ritae
689 1095 795 1126 ‘tuxia’
815 1098 927 1134 gentes
950 1096 1065 1125 dudum
1089 1096 1293 1134 torpescentes
1313 1092 1443 1132 ignavia
1473 1094 1624 1131 paterna‚·
1649 1089 1727 1121 cavi

255 1149 294 1169 ne
296 1139 410 1178 fruges
432 1139 555 1176 injussa?
576 1141 745 1169 crescerent
761 1139 794 1168 iu
811 1138 898 1177 agris
913 1139 1058 1178 instratis,
1072 1147 1145 1168 nez-e
1157 1136 1280 1167 arbores
1291 1136 1515 1175 complerentur
1525 1134 1611 1164 melle
1624 1144 1636 1171 ;
1651 1142 1726 1164 neve

256 1182 360 1212 vinum
380 1183 550 1213 exundaret
569 1180 722 1222 fontibus,
749 1185 777 1212 et
800 1181 878 1222 ripa:
895 1191 998 1212 omnes
1025 1191 1101 1212 cum
1132 1190 1212 1211 sono
1221 1180 1362 1221 fluerent
1378 1179 1418 1209 ad
1444 1187 1517 1208 vasa
1541 1175 1726 1218 implenda.

876 1261 1112 1273 eeeeeeeeeeee

257 1309 345 1349 Reg.
370 1310 507 1341 Tholos
525 1310 592 1341 dno
616 1311 715 1342 Voss.
735 1311 800 1342 duo
817 1311 942 1342 Petav.
972 1311 1057 1341 Exc.
1082 1310 1204 1340 Petav.
1222 1313 1332 1350 quart.
1349 1314 1385 1339 et
1402 1307 1568 1339 Ald.—18
1594 1307 1727 1347 Olympo

255 1355 301 1383 est
318 1353 408 1394 vulg.
450 1354 580 1395 Olympo
594 1354 666 1384 sine
693 1358 738 1384 est
754 1354 852 1385 Voss.
865 1363 917 1394 pr.
931 1354 1080 1384 chartae.
1094 1352 1215 1384 Heius,
1235 1352 1364 1383 Moret.
1378 1361 1426 1391 pr.
1441 1351 1572 1380 Bonon.
1586 1349 1726 1380 Thalos.

256 1393 375 1426 Ambr.
395 1401 474 1426 tert.
501 1397 569 1427 duo
595 1397 675 1429 Jun.
697 1397 764 1427 duo
782 1397 896 1427 Oxou.
922 1396 1001 1426 Ald.
1020 1400 1056 1426 et
1073 1395 1126 1426 ed.
1143 1396 1256 1425 Vicet.
1291 1397 1334 1425 cst
1359 1393 1433 1423 solio
1446 1393 1572 1431 genitor
1586 1392 1631 1422 sic
1643 1401 1730 1422 orsus

255 1437 293 1467 ab
310 1439 371 1468 alto
389 1439 473 1469 Exc.
492 1439 616 1469 Petav.
633 1442 833 1479 quart.—19
859 1439 1027 1468 Obduxere
1044 1437 1124 1466 Vat.
1143 1441 1225 1466 tert.
1261 1436 1430 1465 Adduxere
1447 1439 1518 1464 tres
1537 1434 1635 1463 Vatt.
1654 1434 1730 1464 Flo-

257 1485 346 1511 rent.
378 1481 457 1510 Put.
483 1481 604 1510 Petav.
637 1491 702 1511 sec.
727 1482 861 1510 Borion.
885 1480 1020 1509 Tholos.
1045 1478 1144 1508 Voss.
1173 1487 1221 1517 pr.
1247 1476 1365 1507 Ambr.
1392 1480 1472 1507 tert.
1504 1477 1586 1506 Exc.
1603 1476 1728 1507 Petav-

256 1526 366 1562 quart.
407 1521 575 1553 Abduxere
591 1522 672 1552 Vat.
692 1532 759 1551 sec.
779 1527 813 1550 et
834 1521 866 1550 d.
889 1522 1038 1550 chartac.
1055 1519 1174 1549 Heius,
1192 1518 1271 1548 Ald.
1310 1519 1481 1549 Adduxere
1495 1518 1548 1547 vel
1562 1517 1730 1549 Abduxere

257 1564 342 1603 Reg.
370 1564 483 1594 Oxou.
509 1573 560 1603 pr.
586 1563 686 1593 Voss.
706 1573 772 1593 sec.
799 1562 961 1593 Heinsius
982 1561 1191 1600 ascripserat
1207 1561 1386 1600 sequentia
1404 1572 1410 1591 z
1437 1564 1445 1578 ‘
1460 1559 1642 1600 Abduxere]
1658 1561 1732 1591 liaec

256 1616 338 1638 vera
354 1605 470 1636 lectio.
483 1606 504 1635 i.
523 1615 552 1635 e.
569 1608 748 1636 avocarunt.
777 1605 825 1635 sic
849 1604 997 1635 abducere
1019 1604 1168 1634 occurrit
1188 1603 1279 1633 Hist.
1299 1603 1388 1642 Aug.
1406 1614 1438 1644 p.
1452 1606 1502 1634 24.
1523 1603 1563 1633 ‹le
1579 1603 1731 1634 avocandi

256 1648 360 1680 verbo
377 1647 443 1679 vid.
461 1648 601 1678 Salmas.
620 1648 661 1678 ad
674 1648 767 1678 Hist.
785 1647 876 1687 Aug.
891 1650 985 1688 p.42.
998 1649 1094 1677 et59.
1113 1651 1147 1677 et
1161 1646 1311 1677 Gronov.
1330 1646 1371 1676 ad
1383 1645 1626 1676 Livium.’—20
1645 1646 1731 1677 Nam

254 1692 378 1732 pridem
404 1691 487 1721 Put.
521 1691 636 1720 dudum
660 1691 795 1720 Tholas.
823 1690 907 1720 Exc.
935 1690 1058 1721 Petav.
1075 1692 1273 1729 quarn—'21
1298 1689 1507 1728 cognoscimus
1522 1689 1732 1729 Vat.qua1-t.

258 1734 423 1764 Pal.—2·2
447 1734 594 1771 languore
607 1736 735 1772 paterno
762 1733 884 1764 Petav.
909 1743 959 1772 pr.
988 1731 1107 1762 Ambr.
1126 1737 1205 1763 tert.
1239 1742 1343 1771 sopore
1372 1732 1447 1763 edd.
1473 1732 1585 1766 Vieet.
1612 1732 1728 1764 Parm.

260 1776 453 1808 Colin.-—23
479 1776 636 1806 Sollicitos
646 1776 765 1808 Ambr.
782 1780 862 1806 tert.
899 1776 1040 1806 stimulos
1055 1775 1131 1806 Vat.
1148 1775 1253 1816 quint.
1274 1775 1426 1805 Florent.
1449 1775 1516 1805 inc.
1535 1774 1657 1805 Heius.
1673 1774 1727 1806 ed.

257 1820 373 1851 Vicet.
408 1819 544 1849 stimulis
560 1819 626 1849 duo
645 1819 738 1849 Med.
765 1819 887 1850 Heius.
904 1818 950 1849 H.
968 1818 1049 1849 Pur.
1067 1818 1153 1858 Reg.
1172 1818 1294 1848 Petav.
1311 1828 1360 1858 pr.
1378 1818 1512 1848 TholoS.
1533 1817 1660 1848 Mon-et.
1677 1827 1730 1857 pr.

257 1863 336 1893 Vnt.
360 1861 471 1892 Livin.
503 1862 569 1892 duo
593 1862 691 1892 Voss.
723 1862 808 1892 Exc.
846 1862 968 1892 Petav.
1001 1866 1114 1902 quart.
1164 1862 1338 1901 impendere
1374 1861 1453 1893 Jun.
1493 1863 1649 1891 sem—24
1672 1870 1733 1891 neu

258 1907 363 1945 sponte
378 1905 513 1935 Bonon.
548 1908 751 1936 concresceret
764 1905 861 1935 Voss.
879 1914 928 1944 pr.
957 1907 1149 1943 gravesceret
1167 1904 1284 1935 Ambr.
1307 1908 1386 1934 tert.
1416 1905 1637 1943 grandesceret
1653 1903 1731 1934 Put.

258 1948 385 1979 PetaV.
412 1958 461 1988 pr.
500 1950 699 1986 gradesceret
731 1948 814 1988 Reg.
853 1948 1045 1978 candesceret
1071 1948 1156 1978 Exc.
1181 1947 1301 1977 Petav.
1328 1952 1438 1988 quart.
1477 1951 1651 1977 canesceret
1675 1945 1732 1976 vel

258 1995 456 2030 gravesceret
481 1992 533 2020 vel
561 1992 779 2029 grandesceret
809 1991 889 2021 Vat.
922 2000 987 2021 sec.
1016 1991 1114 2020 Voss.
1133 1993 1287 2021 see-25
1313 2000 1372 2020 non
1387 1990 1466 2020 silva
1489 1990 1588 2020 Voss.
1606 1999 1656 2029 pr.
1694 1998 1733 2019 ne

260 2033 340 2064 silva
364 2033 464 2071 favis,
500 2043 537 2064 ne
565 2038 710 2074 quatuor
752 2034 848 2065 Vatt.
890 2033 1018 2064 Moret.
1047 2043 1098 2073 pr.
1127 2034 1251 2064 Petav.
1284 2043 1352 2063 sec.
1389 2032 1506 2063 Ambr.
1542 2036 1619 2062 tert.
1649 2031 1735 2062 Cod.

260 2076 451 2108 Bartliolin.
486 2077 551 2106 duo
590 2077 671 2108 Jun.
708 2078 791 2108 Exc.
819 2077 941 2107 Petav.
982 2081 1094 2117 quart.
1146 2087 1183 2107 ne
1210 2077 1282 2107 rina
1315 2077 1466 2106 Floreat.
1507 2076 1571 2105 inc.
1612 2074 1734 2105 Heins-

261 2121 347 2151 ——26
380 2123 434 2150 aut
462 2123 537 2150 totoe
560 2120 639 2151 Vat.
669 2130 739 2151 sec.
757 2120 852 2150 Voss.
870 2130 938 2150 sec.
962 2119 1101 2160 fluerent
1127 2120 1207 2152 Jun.
1235 2129 1304 2150 sec.
1339 2121 1465 2150 ruerent
1486 2118 1540 2149 vel
1559 2116 1734 2156 fremerent

923 2203 1064 2235 NOTAE
1118 2233 1121 2235 .

306 2272 346 2300 18
372 2268 521 2309 Genitor]
544 2269 683 2309 Jupiter
701 2270 708 2284 ⁴
725 2268 851 2299 Divum
871 2273 971 2309 pater
1025 2268 1190 2309 Virgilio:
1216 2267 1225 2283 ‘
1242 2268 1317 2298 Nec
1335 2271 1476 2307 torpere
1494 2265 1588 2307 gravi
1613 2275 1735 2306 passus

265 2324 365 2361 atque
381 2319 550 2350 hominum
569 2319 653 2350 rex.'
677 2319 853 2358 Virgilius.
1026 2329 1085 2350 sua
1108 2328 1214 2359 regna
1230 2316 1395 2357 πῖθι-ηοξ
1419 2319 1485 2348 &c.
1533 2317 1620 2347 Nam
1637 2315 1736 2357 Jupi-

307 2371 382 2400 Alto
399 2370 545 2410 Olympo]
569 2371 621 2400 Ex
643 2370 764 2400 altiore.
792 2370 868 2400 eoeli
896 2379 971 2410 par·
1026 2376 1091 2410 ter,
1115 2380 1256 2411 perosus
1287 2370 1391 2401 vitam
1410 2370 1503 2400 illam
1528 2368 1679 2410 quietam
1696 2372 1734 2408 et

264 2426 321 2453 te:
349 2421 408 2452 Dii
426 2419 691 2452 aliiinferiorem
710 2422 822 2452 locum
838 2426 970 2453 tenent.
1027 2421 1196 2461 placidam
1226 2420 1343 2451 saeculi
1367 2419 1531 2457 Saturnii,
1555 2418 1663 2449 voluit
1678 2417 1736 2449 ho-

306 2475 348 2503 20
370 2472 521 2502 Saturnia
536 2471 616 2511 otia]
654 2472 804 2512 pigritia
828 2472 971 2511 seilicet,
1026 2472 1134 2502 mines
1172 2480 1239 2501 non
1280 2470 1424 2510 amplius
1463 2469 1591 2500 ducere
1630 2468 1735 2499 vitam

264 2523 370 2565 qualis
386 2528 462 2554 erat
480 2527 645 2562 regnante
659 2522 818 2552 saturno.
1026 2526 1205 2562 expertem
1233 2530 1389 2552 curarum
1418 2525 1452 2551 et
1483 2518 1650 2558 moeroris,
1675 2518 1736 2550 sed

309 2575 349 2604 21
373 2571 516 2611 Senium]
562 2571 743 2611 Pigritiam
771 2577 805 2603 et
829 2572 971 2603 tardita-
1027 2571 1176 2613 parando
1207 2571 1312 2602 victui
1339 2571 1446 2602 multo
1461 2580 1536 2601 cum
1555 2570 1670 2601 labore
1686 2569 1736 2600 in-

267 2627 348 2662 tem,
363 2623 470 2664 qualis
487 2628 539 2653 est
556 2623 589 2652 in
606 2622 755 2653 senibus.
1027 2623 1179 2662 vigilare.

311 2676 352 2705 22
379 2674 513 2714 Torpore
528 2673 671 2714 paterno]
694 2674 845 2715 Torpore
867 2679 903 2704 et
925 2674 974 2705 in·
1071 2675 1113 2704 26
1137 2671 1334 2710 Fremerent]
1369 2671 1466 2711 Ripae
1485 2674 1686 2711 paterentur
1702 2679 1736 2701 a-

269 2725 371 2763 ertia,
400 2733 499 2765 quam
531 2725 728 2764 patiebatur
754 2730 854 2765 pater
880 2734 974 2756 meus
1031 2733 1112 2764 quas
1125 2721 1323 2761 frementes,
1341 2731 1399 2752 seu
1413 2732 1488 2753 cum
1502 2722 1613 2752 sonitu
1631 2719 1739 2753 fluen-

270 2772 443 2805 Saturnus.
487 2775 598 2806 Locus
632 2773 687 2806 hie
727 2774 900 2807 desumms
934 2784 975 2806 ex
1032 2778 1082 2804 tes
1100 2772 1142 2805 ad
1161 2782 1241 2805 vasa
1257 2773 1449 2805 accolarum
1466 2772 1650 2814 implenda.
