1852 3182
653 242 911 272 ΕῐιηίΛΛΑ.
1398 233 1509 273 1119

62 342 165 384 Non
190 352 321 382 venas
342 338 544 383 reserant,
566 348 648 376 nec
671 336 843 375 vulnere
863 334 1040 374 vulnera
1062 338 1233 382 sanant,

118 408 291 450 Pocula
309 417 385 445 nec
408 403 521 442 tristi
542 402 730 453 grmnine
751 402 889 442 mixta
910 401 1079 441 bibunt.

61 476 283 517 Amissum
302 470 492 524 lymphis
513 474 713 522 reparant
734 470 914 522 impune
936 469 1141 521 vigorem,

117 543 395 592 l’acaturque
417 550 532 590 aegro
556 538 803 577 luxuriante
824 537 964 577 dolor.
1426 536 1509 575 100

58 670 181 709 plagam
195 667 298 706 plaga,
314 674 410 705 neque
435 664 583 694 hauriunt
605 663 712 703 pocula
729 664 900 702 temperata
925 659 1019 691 herba
1035 669 1163 690 amara:
1186 661 1329 690 renovant
1347 669 1423 699 aqua
1438 659 1504 691 sine

59 712 166 742 timore
178 710 258 740 vires
272 717 348 739 suas
364 708 552 747 deperditas,
568 709 598 737 et
613 706 698 736 dolor
710 706 871 744 mulcetur,
885 713 970 743 oegro
984 704 1074 734 velut
1088 703 1222 733 cudente.

670 789 901 801 aeaeaeaeaeaeaeaeaeaeaeae

59 859 127 886 tres
144 853 241 883 Vatt.
261 851 333 883 Pal.
352 851 444 883 Rott.
461 850 542 882 Cod.
558 850 749 881 Bartholin.
776 848 885 879 rubent
913 849 964 878 vel
992 850 1108 879 tument
1127 846 1242 877 Ambr.
1267 849 1406 886 fin—97
1446 847 1512 878 Nec

60 897 138 928 Vat.
156 900 233 927 tert.
250 896 398 926 Floreat.
422 897 559 924 reserant
576 892 693 923 Ambi‘.
721 901 770 932 pr.
797 901 838 922 m.
864 901 915 931 pr.
932 892 1009 922 Vat.
1035 890 1142 922 Livin.
1167 892 1302 919 resecant
1329 889 1396 920 duo
1422 889 1512 920 Vatt.

60 938 152 970 Med.
168 947 235 969 sec.
253 938 316 968 inc.
334 936 451 968 Heius.
470 936 547 966 Put.
565 936 683 966 Petnv.
709 944 758 975 pr.
777 935 903 964 Bonon.
922 933 1041 964 Ambr.
1067 936 1144 964 tert.
1164 932 1295 962 Buslid.
1312 932 1425 962 Oxou.
1443 941 1511 963 sec.

60 981 142 1013 Cod.
159 980 274 1021 Epigr.
293 979 409 1010 Ambr.
429 979 510 1009 Exc.
542 978 618 1008 Pat.
646 987 712 1007 rec.
731 978 873 1007 Lucem.
894 986 943 1015 pr.
964 975 1041 1007 Ald.
1058 975 1139 1005 Var.
1156 975 1223 1005 LL.
1241 984 1258 1004 e
1274 984 1379 1014 marg.
1400 974 1511 1006 Parni.

59 1025 186 1055 vulnera
203 1024 322 1053 vulnere
339 1022 405 1052 duo
421 1022 516 1051 Vatt.
530 1021 595 1050 inc.
612 1019 730 1050 Heius.
749 1019 827 1048 Pnt.
844 1018 963 1049 Petav.
982 1028 1030 1057 pr.
1049 1018 1176 1048 Bonon.
1194 1016 1312 1047 Ambr.
1331 1021 1407 1047 tert.
1431 1017 1513 1047 Bus-

61 1066 115 1098 iid.
135 1066 246 1097 Oxou.
258 1074 325 1096 sec.
341 1064 424 1096 Cod.
439 1064 555 1102 Epigr.
572 1061 688 1092 Ambr.
705 1065 739 1091 et
756 1060 946 1091 Bai-thulin.
964 1061 1048 1090 Exc.
1072 1059 1213 1090 Lucens.
1230 1061 1365 1098 pr.—98
1390 1058 1512 1089 δια-αἶα

60 1118 120 1149 pro
141 1109 255 1138 Pocula
270 1108 345 1137 Vat.
362 1115 430 1137 sec.
456 1104 559 1135 stricti
573 1103 790 1134 nusum—99
814 1103 945 1133 Amissis
966 1102 1117 1133 Florent.
1145 1100 1298 1141 Nymphis
1313 1101 1393 1131 Vat.
1409 1110 1458 1140 pr.
1476 1106 1511 1132 et

60 1155 139 1181 tert.
157 1151 308 1181 Floreut.
324 1148 378 1180 ed.
396 1148 509 1179 Parni.
525 1146 675 1187 Lymphis
688 1146 770 1176 Var.
793 1145 859 1176 LL.
885 1155 903 1176 e
931 1154 1037 1185 marg.
1054 1144 1168 1175 Parm.
1193 1144 1316 1183 impune
1332 1143 1386 1173 vei
1404 1143 1436 1174 in
1447 1142 1512 1183 fine

60 1193 183 1224 Moret.
200 1202 251 1233 pr.

711 1251 854 1284 Nomi

102 1332 141 1361 97
170 1329 238 1360 Non
253 1338 344 1359 venas
359 1327 514 1367 reserant]
537 1327 615 1358 Non
638 1325 756 1358 confu-
810 1335 847 1356 ro
865 1334 963 1356 succo
980 1323 1175 1355 herbarum.

61 1380 155 1421 ginnt
171 1380 212 1410 ad
228 1377 454 1417 φλεβοτομίαν,
470 1388 552 1408 venoe
567 1378 741 1408 sectionem.
852 1378 894 1406 99
918 1373 1060 1415 Impune]
1094 1374 1174 1405 Sine
1202 1371 1336 1412 timore,
1361 1372 1432 1403 sine
1453 1371 1510 1403 do·

106 1431 172 1461 Nec
188 1429 325 1469 vulnere]
360 1430 438 1460 Non
464 1432 582 1459 sanant
605 1428 757 1464 vulnera,
811 1427 893 1457 lore.

61 1480 94 1511 id
113 1485 178 1518 est,
201 1480 347 1520 morbos,
369 1479 520 1517 vulnere,
536 1478 568 1509 id
586 1483 650 1517 est,
671 1486 757 1508 vena
855 1479 915 1507 100
938 1475 1243 1515 AEgrolnxuriante]
1266 1474 1404 1514 AEgroto
1417 1474 1511 1505 velut

62 1535 166 1561 secta.
810 1526 949 1557 ludente
973 1533 1008 1558 et
1032 1526 1244 1567 lasciviente,
1275 1524 1410 1556 morbus
1440 1524 1511 1565 ejus

101 1583 142 1612 98
168 1579 264 1611 Tristi
276 1578 432 1619 gramine]
450 1578 598 1609 Austero
615 1581 649 1607 et
666 1586 755 1606 ama-
812 1581 961 1607 sanatur.

748 1820 812 1867 L.

61 1953 102 1993 7.
162 1950 245 1992 DE
282 1948 407 1991 PIIS
452 1945 833 1996 FRATRIBUS,
878 1945 957 1986 ET
988 1943 1214 1986 EORUM
1247 1940 1511 1985 STATUAE

333 2021 484 2072 QUAE
517 2020 683 2062 SUNT
714 2018 890 2060 APUD
923 2016 1237 2076 CATINAM.

608 2139 964 2172 ARGUMENTUM.

107 2218 381 2250 CELEBRANTUR
406 2215 650 2257 Amphinomus
667 2220 702 2247 et
719 2214 860 2256 Anapus
883 2214 986 2246 Siculi
1009 2213 1146 2252 fratres,
1161 2211 1219 2252 qui
1245 2219 1322 2242 cum
1344 2219 1386 2240 ex
1402 2208 1512 2240 AEtnae

62 2270 210 2302 ardentis
228 2268 386 2301 incendio
403 2274 561 2310 parentes
577 2269 643 2299 suis
668 2268 816 2299 humeris
833 2272 996 2308 exceptos
1022 2267 1233 2305 liberassent,
1257 2262 1379 2295 statuis
1395 2260 1512 2295 donati

61 2327 149 2356 sunt.

64 2419 262 2477 AsmcE
284 2434 489 2476 sudantes
509 2431 755 2474 venerando
777 2431 965 2485 pondere
986 2430 1160 2480 fratres,

119 2503 283 2544 Divino
304 2502 483 2542 meritos
506 2512 677 2552 semper
695 2499 855 2539 honore
876 2498 963 2539 coli
985 2511 995 2538 :

108 2599 206 2631 Cerne
223 2599 305 2630 duos
322 2598 444 2637 fratres
464 2600 622 2638 gementes
650 2596 711 2627 sub
738 2606 827 2627 onere
851 2595 1030 2635 venerabili,
1053 2593 1240 2635 promeritos
1263 2591 1369 2624 ornari
1394 2599 1510 2632 semper

667 2680 900 2690 ,,,,,,,,,,,,

108 2724 187 2756 Vat.
202 2735 251 2765 pr.
264 2735 331 2757 non
347 2726 451 2757 habet
474 2726 537 2756 hoc
563 2734 711 2756 carmen.
728 2725 809 2755 Lov.
825 2724 889 2755 hoc
916 2722 1146 2764 superioribus
1173 2719 1336 2757 annectit,
1363 2715 1421 2747 sed
1438 2714 1508 2745 sine

0 2757 3 2804 ]
63 2766 295 2808 inscriptione.
312 2769 346 2800 in
362 2769 490 2801 Moret.
507 2777 559 2810 pr.
572 2767 783 2808 inscribitur,
797 2767 848 2798 De
858 2766 924 2808 piis
939 2765 1100 2805 fratribus
1122 2767 1153 2796 et
1171 2762 1284 2795 stantis
1298 2768 1409 2792 eorum.
1425 2757 1511 2789 Exc.
