1852 3182
559 179 606 208 IN
646 179 939 211 EUTROPIUM
977 181 1071 212 [ΑΒ.
1106 183 1134 213 1.

115 281 154 304 u.
177 272 309 304 Statius
326 273 447 304 Achill.
472 273 595 311 ‘longa
612 274 720 313 sagaci
741 275 817 305 Nox

116 323 258 355 Ithaco:
292 325 467 364 lucemque
487 323 593 361 cupit.
620 334 817 366 somnosque

118 377 299 414 gravatur:
346 375 437 404 Male
465 374 564 411 vulgo
591 384 760 414 somnoque,
784 381 818 405 et

117 429 237 455 contra
276 434 420 454 sensum.
469 423 562 453 Idem
601 425 702 455 Theb.
738 435 818 457 wll.

116 474 126 490 ‘
144 474 216 505 Nos
232 480 359 505 tuntum
378 480 511 514 portare
529 476 655 513 negas?
674 485 744 513 uos,
761 477 820 506 Di-

118 534 174 563 va,
191 524 374 565 gravaris?
422 524 522 564 Apud
552 525 681 555 Lucan.
705 526 762 556 lib.
790 536 820 557 v.

114 575 322 616 ‘regnorum
351 575 476 615 injusta
506 575 671 614 gravari:’
699 581 733 606 et
763 576 820 607 lib.

117 635 183 657 vn.
216 626 396 656 ‘dominos
428 625 585 665 gravaris
646 626 699 657 Sic
732 626 821 666 apud

118 676 262 708 Graecos
288 676 326 706 τὸ
341 675 527 716 βαρύνεσθαι
546 681 702 717 quartum
719 677 821 707 etiam

117 737 232 759 casum
243 737 482 768 nonnunquam
497 727 596 767 regit.
645 726 823 758 Adeantur

118 788 194 820 quae
224 778 266 808 ad
294 778 394 809 Statii
427 777 549 818 sylvas
579 781 614 808 et
646 782 722 817 post
749 778 822 807 hauc

119 828 249 868 scripta
266 827 307 858 ad
326 828 466 858 Senccae
479 828 668 868 Thyesten.
686 837 732 857 vs.
752 830 822 858 160.

118 878 264 915 erudite,
280 883 316 908 ut
335 878 434 917 solet,
451 878 645 909 Gronovius
671 878 824 909 observa-

119 928 181 959 vit.
206 928 250 959 D.
264 928 379 958 Heius.

163 978 364 1018 Conspectus]
404 978 602 1019 Conspectu
625 979 698 1019 ipso
723 988 824 1010 vene-

120 1028 248 1067 rabilis,
264 1030 386 1060 clarus.
415 1030 531 1060 Barth.

163 1082 225 1111 301
255 1082 394 1110 Onerat-e
410 1080 499 1119 loga]
514 1080 601 1110 Turn
615 1079 828 1120 macilentos,

120 1139 253 1167 exesos,
282 1135 414 1167 tenues,
443 1130 605 1167 infirmos,
621 1134 658 1158 ut
681 1129 735 1158 vix
753 1139 827 1169 pos-

121 1179 189 1210 sint
202 1189 285 1210 onus
302 1185 389 1219 toga*
404 1179 500 1209 11111115
517 1178 618 1209 ferre.
645 1179 744 1209 Idem.

165 1231 319 1270 Onerure]
359 1231 434 1260 Non
460 1239 583 1267 ornare,
605 1234 663 1259 aut
680 1232 827 1260 onerante

121 1284 206 1320 toga.
263 1280 317 1310 Sic
348 1280 507 1311 Juvenal.
546 1280 554 1294 ‘
573 1279 646 1310 Nec
685 1277 826 1309 sufferre

123 1334 227 1371 queat
242 1329 382 1370 majoris
401 1329 549 1369 pondera
561 1338 701 1369 gemmae
717 1326 737 1359 :’
749 1338 825 1369 quae

124 1380 188 1410 viri
215 1379 393 1410 delicatuli
436 1378 572 1409 indicia.
617 1377 712 1408 Infra
743 1378 827 1409 dicit

124 1430 246 1462 Claud.
270 1431 278 1447 ‘
300 1429 475 1469 Ouerique
511 1429 564 1459 vel
587 1429 661 1468 ipsa
687 1428 828 1460 Serica.'

126 1481 267 1511 Petron.
305 1483 313 1497 ‘
332 1480 502 1510 Oneratas
525 1485 619 1510 veste
635 1481 788 1510 cervices
807 1479 827 1517 ς’

124 1531 210 1561 dicit
242 1530 344 1561 alibi:
380 1531 388 1546 ‘
407 1530 535 1560 Tendit
559 1530 677 1570 hyems
705 1529 830 1560 vestire

125 1581 204 1622 gelu
219 1580 239 1611 ε’
265 1585 302 1611 ut
332 1580 384 1610 hic
410 1581 560 1611 Tenderet
590 1590 728 1611 onerare.
775 1580 830 1611 Sic

126 1630 217 1671 apud
230 1631 427 1662 Martialem
446 1631 655 1671 Argonautae
672 1631 830 1671 illijuve-

125 1691 186 1713 nes
219 1681 394 1719 dicuntur,
437 1683 445 1697 ‘
467 1681 593 1712 Resina
629 1682 831 1721 Venetoque

127 1731 315 1773 pigriores‚'
345 1731 379 1761 id
403 1737 468 1768 est,
493 1731 643 1760 resinata
655 1730 832 1770 juventus,

127 1793 201 1824 quae
233 1783 336 1814 sudat
364 1782 427 1812 sub
452 1781 658 1822 ponderibus
685 1782 833 1812 lacerna-

126 1844 214 1874 rum,
230 1838 334 1874 atque
354 1832 397 1863 ob
414 1832 447 1861 id
466 1831 593 1871 pigrior
609 1835 674 1861 est.
712 1831 834 1862 Claver.

171 1886 235 1914 302
260 1883 431 1921 Indutoque
460 1880 568 1919 senex]
605 1880 660 1910 Sic
676 1880 834 1919 Isingrin.

129 1934 229 1974 prim.
261 1932 374 1962 Vatic.
402 1934 438 1961 et
457 1936 536 1960 octo
551 1930 608 1960 alii
626 1941 633 1960 ε
659 1930 759 1969 vulgo
775 1930 834 1960 mi-

128 1994 189 2015 nus
208 1983 295 2014 bene
311 1983 498 2021 Iuductoque
514 1992 525 2018 ;
549 1979 591 2011 de
608 1980 732 2011 vestitu
747 1981 834 2011 enim

130 2034 212 2073 agit.
235 2033 281 2063 D.
299 2032 412 2062 Heius.

183 2082 316 2121 Induto]
351 2080 522 2111 Trabeam
543 2080 779 2119 Consularem,
796 2089 837 2111 au

132 2144 169 2165 ro
187 2142 339 2174 gravem,
360 2130 536 2170 intelligit.

175 2181 370 2222 Obscoenim]
386 2181 478 2212 Male
496 2180 836 2213 01uinosi01-.Saevi0r.

132 2233 252 2265 Barth.

173 2287 234 2316 303
260 2283 394 2323 Simius]
416 2283 546 2322 Turpes
560 2268 848 2312 1111111111011051111-Ι

125 2336 186 2377 jus
209 2334 330 2365 bestiae
358 2333 506 2364 moribus
530 2332 737 2363 adscribunt.
782 2332 838 2362 In-

133 2385 328 2417 duebantur
356 2383 475 2414 habitu
492 2383 550 2414 tali
569 2391 630 2422 per
654 2381 838 2412 ludibrium

133 2436 253 2475 simiae,
267 2440 306 2466 ut
330 2443 418 2464 1111110
435 2442 569 2474 quoque
587 2442 606 2463 a
630 2432 839 2463 circulatori-

134 2485 209 2526 bus,
224 2485 266 2516 ad
289 2484 470 2514 ridiculum
500 2481 702 2513 faciendum.
747 2482 839 2512 Mar-

134 2535 239 2573 tialis,
275 2534 333 2565 lib.
373 2543 450 2565 xxv.
489 2535 498 2551 ‘
513 2533 625 2564 Gallia
655 2532 839 2563 Santonico

135 2584 242 2615 vestit
268 2587 303 2613 te
331 2583 598 2622 Bardocucullo,
617 2582 839 2622 Cercopithe-

136 2644 252 2667 corum
270 2633 394 2673 penula
410 2643 519 2673 nuper
534 2633 632 2664 erat!
658 2633 754 2664 Idem.

180 2685 244 2715 304
269 2683 370 2718 Quem
397 2692 474 2722 puer
498 2683 656 2723 arridens]
702 2682 843 2714 irridens

140 2738 237 2775 puto.
261 2733 305 2767 D.
321 2731 433 2765 Heius.

1460 173 1572 214 1467

913 278 975 306 308
1001 276 1142 305 Candida
1173 276 1284 315 Curia]
1322 278 1464 308 Senatus
1485 287 1573 309 nova

871 326 1077 356 vestimenta
1102 327 1218 356 honori
1245 328 1322 357 novi
1350 328 1504 359 Consulis
1521 338 1574 359 su·

871 386 974 407 mens.
1000 377 1058 407 Uti
1077 377 1174 407 105115
1191 377 1309 408 diebus
1333 388 1449 417 puram
1468 388 1576 410 sume-

872 426 952 455 bant
971 431 1111 456 vestem.
1143 427 1259 456 Barth.

914 480 976 507 309
1005 477 1147 507 [forsitan
1159 481 1185 507 et
1200 478 1347 518 dominis]
1365 477 1418 508 Ita
1431 477 1574 518 Gyrald.

873 527 994 566 aliique
1026 528 1177 557 nonnulli
1198 539 1204 557 :
1246 528 1413 567 quomodo
1451 533 1487 558 et
1524 529 1575 559 (ΣΙ.

873 577 1063 607 Gronovius
1082 578 1115 606 iu
1134 577 1438 609 Observationibus
1466 579 1580 618 legen-

874 627 951 657 dum
967 627 1125 667 conjecit.
1171 628 1265 658 Idem
1285 634 1394 658 tamen
1415 628 1474 659 viri
1491 639 1578 660 sum-

873 677 917 706 mi
936 677 1078 707 Henrici
1096 677 1224 706 Yalesii
1239 678 1470 716 conjecturam
1488 687 1577 709 nune

875 726 1014 766 praefert
1034 731 1108 766 post
1124 725 1160 756 τὸ
1173 727 1323 762 dominus,
1343 737 1416 766 111111ι
1439 728 1578 767 vulgata

875 778 991 814 lectio,
1009 777 1270 815 distinguentis:
1290 777 1347 807 sed
1369 777 1495 808 rectius
1512 777 1580 809 erit

877 828 1023 858 Forsitan
1041 831 1069 857 ct
1082 828 1208 858 domini.
1249 828 1470 858 Dominarum
1489 828 1579 858 enim

875 877 1031 917 Eutropii
1050 878 1173 917 passim
1192 878 1355 908 meminit.
1380 883 1413 908 et
1432 878 1495 909 hoc
1512 887 1581 909 ma·

875 929 925 969 gis
943 928 1211 968 ignominiosum.
1260 928 1513 959 Abundantium
1544 932 1580 960 et

877 978 1089 1008 Arintha’um
1108 979 1230 1009 innuit.
1255 979 1298 1009 D.
1314 979 1424 1009 Heius.

919 1032 981 1059 310
1018 1029 1266 1068 Libertatemque
1301 1027 1444 1067 daturus]
1480 1028 1579 1058 More

877 1088 1042 1109 novorum
1070 1079 1269 1116 Consulum,
1297 1079 1344 1108 1111
1362 1078 1481 1108 ominis
1497 1078 1581 1117 opti-

878 1129 922 1158 mi
951 1129 1060 1168 gratia
1087 1128 1214 1168 primus
1240 1137 1354 1158 eorum
1373 1132 1469 1158 actus
1493 1132 1583 1157 essct

878 1179 1017 1209 collatio
1035 1179 1216 1209 libertatis.
1239 1179 1358 1209 Barth.

921 1231 982 1259 315
1012 1227 1201 1266 Enervatus]
1226 1229 1406 1259 Exsectus.
1432 1229 1530 1259 Idem.

922 1282 985 1309 316
1009 1278 1139 1318 Reptet]
1164 1279 1243 1309 Non
1257 1278 1373 1318 Reptat
1388 1287 1471 1308 unus
1486 1278 1581 1309 Med.

880 1329 923 1360 D.
936 1329 1048 1359 Heius.

924 1379 1056 1419 Reptae]
1090 1377 1299 1408 Tarditatem
1315 1377 1454 1408 senilem
1472 1378 1584 1417 expri-

880 1429 951 1459 mit.
978 1429 1097 1459 Barth.

924 1478 1075 1516 Referens
1090 1478 1226 1519 oracula]
1261 1478 1462 1519 Priusquam
1477 1477 1584 1509 Theo-

882 1528 994 1559 dosius
1020 1533 1139 1559 contra
1163 1528 1352 1567 Eugenium
1370 1529 1485 1569 copias
1505 1528 1586 1559 edu-

881 1584 989 1617 ceret,
1017 1579 1106 1609 misit
1122 1579 1324 1619 Eutropium
1340 1579 1372 1610 in
1390 1579 1588 1619 AEgyptum,

883 1630 924 1660 ad
941 1630 1131 1662 johannem
1164 1629 1332 1669 quendam
1358 1631 1464 1660 virum
1483 1630 1588 1669 pium,

883 1680 940 1720 qui
968 1684 1068 1710 antea
1105 1679 1236 1710 cladem
1273 1679 1415 1709 Maximi
1453 1679 1590 1718 tyranni

883 1729 1103 1769 praedixerat.
1141 1728 1174 1758 Is
1198 1738 1280 1758 vero
1310 1728 1498 1759 declaravit
1523 1737 1589 1758 non

885 1779 955 1809 sine
972 1779 1078 1810 multo
1095 1778 1257 1817 sanguine
1282 1787 1321 1808 ac
1344 1778 1468 1809 sudore
1484 1778 1604 1809 victos

885 1829 970 1858 riam
1010 1827 1204 1858 Theodosio
1246 1828 1379 1866 parari;
1419 1827 1589 1868 pauloque

885 1883 962 1918 post
979 1888 1055 1909 eum
1070 1878 1100 1908 in
1116 1877 1399 1908 Italia-obiturum
1414 1888 1421 1908 z
1446 1876 1536 1918 quod
1553 1882 1589 1909 et

886 1928 1041 1968 contigit.
1068 1928 1189 1958 Claver.

930 1981 992 2009 318
1016 1976 1152 2016 Nomen]
1175 1977 1322 2008 Titulum
1340 1977 1505 2009 Eunuchi.

930 2027 1091 2066 Insanum]
1133 2027 1309 2067 Magnum,
1336 2027 1513 2066 absonum,
1542 2027 1591 2058 in-

887 2087 982 2119 gens,
998 2076 1212 2108 horrendum.

944 2127 1139 2167 Proclamat]
1185 2128 1234 2158 Ut
1275 2127 1375 2158 rebus
1424 2127 1589 2159 tristibus.

889 2179 1005 2210 Barth.

932 2232 994 2260 322
1020 2228 1157 2268 Imperat
1180 2227 1230 2257 hic
1244 2226 1351 2266 sexus]
1388 2226 1594 2257 Pariterim-

890 2288 1030 2319 perasse
1056 2277 1223 2316 foeminas,
1246 2287 1311 2307 non
1329 2276 1511 2317 spadones,
1527 2287 1594 2309 me-

889 2333 999 2359 morat
1015 2328 1167 2365 Curtius,
1182 2327 1242 2356 lib.
1258 2335 1295 2356 x.
1319 2326 1419 2357 Idem.

933 2381 996 2410 323
1024 2377 1196 2417 Probatur]
1244 2377 1388 2418 Scriptis
1403 2376 1470 2407 fide
1484 2377 1593 2417 dignis

890 2433 1109 2460 memoratur.
1136 2428 1233 2458 Idem.

933 2482 995 2510 324
1023 2478 1175 2517 Eunuchi,
1188 2477 1257 2518 Sym]
1295 2476 1500 2508 Aristoteles
1515 2477 1597 2509 dici·

892 2533 946 2560 tur
985 2528 1075 2568 apud
1107 2528 1292 2558 Lucianum
1332 2527 1417 2558 adeo
1455 2528 1594 2559 miratus

892 2578 995 2610 fuisse
1015 2588 1128 2618 regem
1142 2577 1319 2618 quemdam
1335 2578 1547 2617 Eunuchum,
1558 2583 1596 2610 ut

892 2629 942 2660 illi
958 2628 1098 2669 perinde
1114 2633 1217 2668 atque
1241 2627 1318 2658 Diis
1334 2637 1432 2659 sacra
1451 2626 1595 2660 faceret.

895 2680 1019 2710 elaver.

936 2731 998 2762 32⁷
1024 2728 1128 2760 Intrat
1158 2727 1306 2770 Phoebus]
1342 2728 1431 2761 Vide
1461 2728 1504 2761 ad
1531 2730 1598 2771 pri·
