1851 3213
219 186 334 230 1224

219 293 350 324 stenem
367 296 401 324 et
416 291 634 323 furibundum
663 291 746 323 dicit
771 290 813 322 ad
838 290 925 321 desi-

221 345 394 376 deriorum
420 344 664 385 expletionem.
695 342 808 373 Alibi:
832 340 923 372 ‘Sed

222 396 377 437 quoniam
396 395 515 426 calidae
534 394 648 434 rapuit
666 397 700 423 te
724 391 924 431 flammaju-

222 446 358 477 ventae!
404 445 461 476 Sic.
491 445 596 483 facem
617 444 756 482 juventoe
783 442 924 483 legimus

221 496 310 537 apud
329 496 476 527 Florum.

263 547 419 585 Longam
431 545 535 585 corde]
548 543 741 576 Prudentia
751 542 925 584 etsapien-

221 597 271 629 tia
285 598 392 628 senili.
416 596 531 628 Barth.

266 650 329 678 156
356 648 481 678 Ducunt
497 646 535 676 ab
558 645 693 685 origine,
707 645 835 685 sortem]
857 644 925 675 De-

222 697 331 730 bitum
352 697 463 737 stirpi,
477 697 641 727 videlicet
658 696 889 727 Consulatum.

267 752 329 780 158
352 748 525 787 Devoveas]
550 747 686 779 Nemini
703 747 851 786 ipsorum
869 744 925 775 ad-

220 800 448 831 scribendum.
474 798 591 828 Barth.

266 853 329 881 159
355 850 476 879 Domus
502 846 570 885 hoc]
608 846 688 877 Non
715 845 780 875 hoec
807 843 928 884 scripti

221 899 389 930 meliores.
415 898 458 928 D.
477 895 590 926 Heins.

266 952 328 979 160
373 948 428 978 Sic
452 946 539 977 nobis
564 944 743 986 Scythicus]
770 943 929 975 Clausala

221 999 293 1030 voti
308 998 464 1038 Romani,
480 1002 647 1037 usurpata
662 1000 777 1026 nostro
791 994 928 1035 saepius.

266 1049 403 1089 Araxes]
427 1048 457 1080 A
476 1048 652 1079 vicinitate
675 1046 838 1087 Scythiae.
883 1045 928 1076 A·

221 1110 314 1131 raxes
326 1100 413 1130 enim
430 1098 602 1130 Armeniae
619 1097 752 1128 fluvius.
776 1096 894 1128 Barth.

266 1153 326 1182 161
352 1151 416 1181 Per
443 1153 606 1190 utrumque
637 1148 734 1188 latus]
767 1148 926 1179 Alterum

222 1199 361 1231 invictis
400 1200 560 1241 gentibus
591 1199 734 1238 cultum,
769 1197 930 1229 eludebat

223 1249 397 1282 Romanas
415 1250 516 1281 vires.

266 1302 430 1341 Medisque
445 1300 594 1341 subactis]
619 1299 744 1330 Horat.
769 1299 868 1329 ‘Neu
887 1299 929 1329 si-

223 1360 285 1382 nas
302 1351 424 1381 Medos
441 1350 599 1390 equitare
624 1348 750 1380 inuitos
767 1349 814 1379 Te
831 1348 932 1389 duce,

224 1400 365 1432 Caesar)

269 1453 331 1481 162
355 1449 549 1481 Semiramiae
574 1449 692 1490 turres]
722 1448 933 1489 Babylonem

224 1500 323 1540 dicit,
335 1510 394 1531 seu
410 1501 616 1531 Parthorum
634 1500 861 1540 Metropolin.

271 1551 413 1583 Timeant
439 1551 577 1590 insignia
600 1551 717 1590 turres]
741 1551 836 1581 Unus
852 1550 934 1580 Pul-

224 1602 340 1633 manni
369 1605 534 1642 stupeant:
572 1607 609 1633 ut
639 1611 686 1632 ν1.
713 1602 811 1632 Cons.
841 1601 933 1632 Hon.

223 1652 233 1670 ‘
247 1654 432 1684 Romanum
449 1653 581 1692 stupuit
604 1652 746 1683 Moeotia
768 1657 859 1683 terra
876 1651 936 1683 tri-

224 1701 353 1734 buna1.’
373 1703 419 1732 D.
437 1702 549 1733 Heius.

273 1755 335 1783 166
362 1752 507 1782 Condmit
535 1752 649 1782 oblivia
664 1751 814 1791 mentem]
838 1751 933 1783 Malo

226 1803 358 1834 condant
375 1811 451 1832 cum
468 1801 633 1833 Livineio.
660 1801 755 1833 Idem.

272 1855 333 1885 167
363 1853 431 1888 Quo
457 1851 592 1892 vindice]
632 1852 794 1884 Barthius
819 1852 936 1893 legen-

229 1904 309 1936 dnm
326 1908 447 1934 censet
468 1903 587 1942 jndice,
605 1909 707 1943 atque
724 1902 814 1933 idem
834 1902 937 1943 signi-

227 1953 332 1986 ficare
348 1953 437 1994 quod
462 1953 668 1994 proefectum:
692 1963 770 1984 nam
793 1953 938 1992 Probus,

227 2009 267 2036 ut
281 2010 398 2036 notum
414 2014 456 2035 ex
478 2004 725 2045 superioribus,
741 2002 936 2035 Praefectns

229 2059 305 2086 erat
321 2055 515 2093 Praetoriis‚
528 2055 559 2085 in
578 2054 692 2085 Italia.

273 2109 335 2137 168
360 2106 527 2146 fessasque
539 2114 701 2145 resurgere
708 2104 833 2145 gentes]
860 2105 937 2136 Tur-

226 2166 277 2188 res
292 2157 421 2188 Moreti
433 2157 541 2195 liber;
557 2156 748 2197 elegantius
764 2167 772 2187 z
790 2161 828 2188 ut
844 2156 937 2197 apud

227 2207 504 2248 Statiuni‚Theb.
514 2217 562 2239 1v.
575 2209 583 2224 ⁵
593 2217 791 2248 magnaeque
801 2206 940 2248 Amphi.

228 2258 303 2290 onis
318 2268 411 2289 arces
420 2259 497 2291 Jain
508 2258 633 2290 fessum
645 2258 739 2289 senio
751 2258 882 2289 nudant
892 2258 938 2288 la-

229 2307 311 2341 tus!
335 2309 392 2339 De
408 2318 475 2349 quo
499 2309 626 2340 alibiin
641 2309 692 2340 his
708 2309 812 2340 notis.
858 2309 937 2339 Hoc

229 2363 344 2391 tamen
357 2360 432 2390 loco
446 2360 593 2400 vulgatae
607 2360 787 2400 scripturae
802 2363 937 2390 contro-

229 2409 343 2441 versia
358 2414 489 2441 temere
506 2409 673 2440 movenda
690 2419 756 2440 non
777 2413 842 2449 est,
858 2419 936 2440 cuin

230 2463 333 2491 turres
363 2460 614 2500 praecesserint.
671 2459 798 2490 Vindice
831 2458 936 2490 etiam

230 2509 406 2550 projuclz'ce
422 2509 567 2550 Gyraldi
583 2509 718 2540 liberet
733 2514 803 2541 tres
819 2510 876 2540 alii
893 2519 936 2541 ex

232 2562 382 2593 nostris:
422 2562 510 2602 quod
540 2560 692 2601 Scaliger
724 2569 763 2590 ac
794 2559 935 2590 Delrius

233 2613 393 2654 probant.
418 2612 581 2644 Bai-thius
596 2611 788 2653 improbare
798 2620 867 2642 non
882 2610 936 2642 de-

234 2664 320 2696 buit.
345 2664 391 2695 1).
409 2663 522 2694 Heius.

279 2717 341 2746 169
364 2715 446 2746 Ante
462 2713 594 2754 dabunt]
619 2713 833 2752 Producent,
859 2711 937 2743 mit-

236 2770 323 2798 tent.
348 2765 419 2800 Per
437 2765 660 2807 hyjsssallagen:
686 2773 762 2806 pro,
783 2765 854 2795 ante
877 2762 938 2794 Ni-

491 195 634 228 NOTAE
666 194 933 226 VARIORUM
968 191 1019 224 IN
1054 193 1130 224 GL.
1163 191 1347 223 CLAUD·
1379 192 1412 222 1.

977 289 1025 320 lus
1039 287 1126 319 dabit
1141 288 1276 329 hyemes,
1289 287 1352 317 hoc
1370 288 1435 324 est,
1453 284 1504 315 Ex
1522 283 1595 324 ejus
1607 292 1685 324 par-

978 341 1068 372 tibus
1097 341 1239 382 spirabit
1270 340 1405 382 Aquilo,
1426 337 1587 368 hibernas
1603 339 1688 367 tem-

978 395 1132 432 pestates
1149 390 1274 422 ferens.

1022 445 1084 473 170
1110 442 1277 482 Glacieque
1293 441 1385 480 niger
1408 437 1610 470 damnabitur
1632 436 1687 467 In-

977 493 1048 533 dus]
1073 494 1164 524 Puto
1187 494 1348 533 glacieque
1363 493 1477 532 piger.-
1501 490 1574 531 agit
1597 488 1689 520 enim

978 544 1021 574 de
1037 544 1124 574 Indo
1140 543 1286 574 flumine.
1315 545 1360 574 D.
1377 542 1490 573 Heius.

1022 597 1083 625 172
1108 594 1262 625 Intercisa
1285 593 1366 633 dies]
1403 589 1684 631 Interrupta,in-

979 646 1160 686 terpolata.
1206 646 1262 676 Sic
1283 644 1426 675 intercisi
1447 642 1560 674 diesin
1578 640 1690 673 veteri

973 696 1052 735 jure
1070 693 1256 725 Pontificio
1284 693 1515 734 Pompssiano,
1540 695 1609 722 tam
1632 691 1691 722 ho-

978 744 1124 774 minibus
1154 754 1253 784 quam
1280 744 1360 774 Diis
1385 743 1479 774 dati:
1505 742 1553 773 nti
1571 742 1603 772 in
1619 740 1691 783 qui-

979 793 1040 824 bus
1061 798 1097 824 et
1122 794 1271 824 humana
1299 793 1440 832 negotia
1471 796 1507 823 et
1534 791 1692 832 religiosa

980 842 1123 873 tractari
1138 847 1278 883 possent
1294 854 1302 881 ;
1327 843 1434 873 veluti
1452 852 1520 873 non
1536 842 1690 881 integros

981 892 1096 931 dicas3
1120 902 1184 923 nec
1208 892 1287 924 huic
1311 902 1375 923 nec
1405 892 1454 923 illi
1472 892 1559 932 parti
1577 891 1692 923 addie-

982 947 1046 974 tOS.
1092 943 1181 973 Vide
1198 947 1233 973 et
1248 942 1405 975 Macrob.
1421 943 1559 974 Saturn.
1574 942 1634 974 lib.
1658 951 1684 973 1.

981 1004 1056 1035 cap.
1073 997 1124 1026 16.
1148 995 1266 1026 Barth.

1026 1048 1086 1075 175
1111 1044 1280 1086 strepuere
1296 1044 1399 1085 chori]
1436 1043 1614 1076 Divinitus
1630 1042 1690 1076 im-

981 1096 1083 1136 pulsi.

1025 1149 1088 1177 176
1111 1145 1247 1186 Septem
1276 1145 1362 1185 voce]
1402 1145 1544 1176 Mallem
1566 1147 1693 1185 septena

980 1197 1072 1235 valle,
1088 1196 1115 1227 si
1136 1206 1200 1237 per
1219 1195 1323 1227 libros
1340 1199 1475 1227 veteres
1490 1195 1621 1227 liceret.
1644 1195 1692 1227 D.

983 1248 1096 1278 Heius.

1028 1300 1089 1327 177
1118 1297 1261 1327 Loetatur
1274 1297 1447 1327 veneranda
1457 1295 1584 1336 parens]
1600 1295 1693 1326 Pris-

985 1357 1101 1378 corum
1119 1348 1260 1378 heroum
1287 1356 1394 1386 more,
1418 1346 1540 1387 quibus
1565 1351 1692 1377 matres

985 1398 1192 1429 illustriores
1237 1397 1374 1428 habitus
1428 1395 1694 1428 concinnabant.

986 1448 1169 1479 Successus
1181 1448 1272 1479 enim
1286 1452 1321 1479 et
1332 1447 1481 1478 felicitas
1497 1447 1696 1488 liberorum,

987 1504 1168 1540 parentum
1180 1499 1278 1539 justa
1294 1498 1417 1530 loetitia
1429 1502 1493 1529 est.
1517 1498 1637 1529 Barth.

1031 1552 1093 1581 178
1118 1550 1260 1581 Auratas
1275 1549 1413 1590 trabeas]
1435 1549 1503 1580 Hic
1533 1548 1695 1590 graphice

988 1599 1189 1640 depingitur
1225 1599 1421 1630 Consularis
1459 1599 1593 1638 trabea,
1628 1608 1696 1640 qua

987 1651 1152 1682 Consules
1179 1650 1316 1682 labente
1339 1650 1494 1691 imperio,
1516 1653 1696 1691 coeperunt

986 1700 1047 1732 uti.
1072 1701 1197 1732 Delrio.

1031 1751 1216 1792 cinctusque
1228 1751 1391 1792 micantes]
1413 1751 1469 1782 Ita
1487 1750 1606 1792 scripti
1620 1759 1697 1781 nos-

987 1803 1030 1834 tri
1046 1813 1053 1834 :
1079 1803 1182 1833 etiam
1201 1802 1401 1834 veterrimus
1419 1802 1579 1842 Gyraldi.
1613 1802 1695 1832 Vul-

988 1862 1030 1893 go
1062 1862 1247 1893 currusque:
1282 1861 1475 1893 perperam.
1511 1844 1694 1883 'Cinctum

986 1901 1159 1934 Gabinum
1187 1902 1365 1942 intelligit,
1402 1911 1501 1943 quem
1528 1901 1694 1942 Virgilius

987 1963 1121 1995 quoque
1138 1963 1214 1984 cum
1228 1953 1348 1984 trabea
1362 1951 1564 1992 conjungit:
1587 1951 1597 1968 ‘
1610 1951 1692 1990 Ipse

988 2003 1158 2037 Quirinali
1192 2003 1313 2034 trabea
1344 2003 1527 2043 cinctuque
1557 2000 1695 2032 Gabino

987 2054 1161 2096 Insignis.²
1208 2054 1302 2085 Alibi
1334 2064 1470 2095 quoqne
1500 2057 1620 2084 noster
1646 2053 1695 2084 sic

988 2105 1202 2137 consularem
1229 2109 1342 2145 togam
1359 2108 1484 2135 vocat:
1508 2108 1546 2134 ut
1567 2104 1590 2134 l.
1606 2112 1632 2135 1.
1661 2103 1696 2134 in

987 2158 1134 2197 Eutrop.
1158 2158 1166 2173 ‘
1182 2166 1258 2187 cnm
1287 2155 1448 2187 tenderet
1474 2158 1566 2186 artus
1583 2155 1695 2186 Exan-

989 2217 1070 2248 gues
1097 2216 1239 2238 onerare
1265 2211 1348 2246 toga
1369 2205 1554 2246 cinctuque
1578 2214 1697 2245 grava-

988 2260 1059 2290 tos)
1106 2259 1143 2289 L.
1160 2267 1199 2289 11.
1215 2258 1247 2288 iu
1264 2257 1503 2295 Stilichonem,
1523 2256 1533 2273 ‘
1547 2256 1620 2287 Hos
1634 2255 1697 2287 eti-

988 2318 1041 2340 am
1054 2308 1176 2339 mirare
1192 2308 1302 2339 libens
1319 2317 1358 2338 ac
1385 2308 1520 2347 suscipe
1537 2305 1696 2338 cinctus?

988 2367 1038 2390 1v.
1054 2358 1153 2389 Cons-
1168 2357 1314 2388 Honorii
1329 2356 1418 2397 Aug.
1435 2356 1532 2387 ‘Hoc
1547 2357 1574 2386 si
1591 2357 1698 2386 Μεθο-

987 2408 1060 2439 nias
1093 2408 1207 2439 cinctu
1246 2407 1432 2448 graderere
1470 2416 1533 2447 per
1569 2406 1699 2438 urbes!

988 2460 1066 2492 Quo
1077 2459 1150 2489 loco
1161 2458 1245 2488 nihil
1258 2457 1468 2489 mutandum.
1486 2459 1523 2489 L.
1537 2465 1564 2488 1.
1580 2458 1614 2488 in
1629 2458 1696 2490 Eu-

988 2514 1078 2550 trop.
1102 2509 1111 2526 ‘
1126 2509 1243 2548 Rupta
1263 2508 1459 2540 Quirinales
1487 2512 1620 2538 sumant
1644 2517 1697 2538 er-

988 2560 1121 2600 gastula
1158 2559 1316 2590 cinctus.’
1376 2566 1424 2588 Vl.
1464 2558 1564 2589 Cons.
1603 2557 1695 2590 Hon.

987 2608 1235 2650 ‘Membraque
1263 2612 1436 2649 gemmato
1463 2608 1590 2639 trabem
1615 2607 1695 2638 viri-

988 2658 1105 2691 dantia
1123 2658 1264 2690 cinctn.'
1288 2658 1333 2689 D.
1352 2657 1467 2689 Heius.

1034 2712 1096 2740 179
1120 2709 1214 2740 Molli
1241 2710 1369 2739 tondent
1397 2710 1434 2740 de
1458 2708 1565 2749 stipite
1588 2707 1696 2749 Sere-5]

988 2760 1167 2795 Quomodo
1182 2760 1266 2791 molli
1277 2759 1411 2801 stipite?
1434 2760 1592 2802 Stipesne
1611 2769 1695 2802 ergo
