<?xml version="1.0" encoding="UTF-8"?>
<!DOCTYPE html PUBLIC "-//W3C//DTD XHTML 1.0 Transitional//EN"
    "http://www.w3.org/TR/xhtml1/DTD/xhtml1-transitional.dtd">
<html xmlns="http://www.w3.org/1999/xhtml" xml:lang="en" lang="en">
 <head>
  <title>
</title>
<meta http-equiv="Content-Type" content="text/html;charset=utf-8" />
  <meta name='ocr-system' content='tesseract 3.04.00' />
  <meta name='ocr-capabilities' content='ocr_page ocr_carea ocr_par ocr_line ocrx_word'/>
</head>
<body>
  <div class='ocr_page' id='page_1' title='image "./operaomniaexedit03clauuoft_0251.png"; bbox 0 0 1852 3182; ppageno 0'>
   <div class='ocr_carea' id='block_1_1' title="bbox 387 179 1266 215">
    <p class='ocr_par' dir='ltr' id='par_1_1' title="bbox 387 179 1266 215">
     <span class='ocr_line' id='line_1_1' title="bbox 387 179 1266 215; baseline -0.009 0"><span class='ocrx_word' id='word_1_1' title='bbox 387 183 563 215; x_wconf 77' lang='lat' dir='ltr'>PANEG.</span> <span class='ocrx_word' id='word_1_2' title='bbox 598 181 646 210; x_wconf 82' lang='grc' dir='ltr'>ΙΝ</span> <span class='ocrx_word' id='word_1_3' title='bbox 684 180 824 210; x_wconf 80' lang='lat' dir='ltr'>PROB.</span> <span class='ocrx_word' id='word_1_4' title='bbox 861 179 919 208; x_wconf 78' lang='lat' dir='ltr'>ET</span> <span class='ocrx_word' id='word_1_5' title='bbox 951 179 1096 208; x_wconf 74' lang='lat' dir='ltr'>OLYB.</span> <span class='ocrx_word' id='word_1_6' title='bbox 1129 179 1266 208; x_wconf 76' lang='lat' dir='ltr'>CONS-</span> 
     </span>
    </p>
   </div>
   <div class='ocr_carea' id='block_1_2' title="bbox 99 273 833 2793">
    <p class='ocr_par' dir='ltr' id='par_1_2' title="bbox 99 273 801 516">
     <span class='ocr_line' id='line_1_2' title="bbox 99 273 798 311; baseline -0.009 -1"><span class='ocrx_word' id='word_1_7' title='bbox 99 277 182 310; x_wconf 61' lang='lat' dir='ltr'>bet!</span> <span class='ocrx_word' id='word_1_8' title='bbox 205 277 260 309; x_wconf 88' lang='lat' dir='ltr'>Sic</span> <span class='ocrx_word' id='word_1_9' title='bbox 278 281 374 308; x_wconf 83' lang='lat' dir='ltr'>vetus</span> <span class='ocrx_word' id='word_1_10' title='bbox 390 275 486 306; x_wconf 77' lang='lat' dir='ltr'>liber.</span> <span class='ocrx_word' id='word_1_11' title='bbox 511 273 669 311; x_wconf 87' lang='lat' dir='ltr'>Ovidius,</span> <span class='ocrx_word' id='word_1_12' title='bbox 688 273 745 303; x_wconf 88' lang='lat' dir='ltr'>lib.</span> <span class='ocrx_word' id='word_1_13' title='bbox 759 282 798 304; x_wconf 84' lang='grc' dir='ltr'>ιι.</span> 
     </span>
     <span class='ocr_line' id='line_1_3' title="bbox 101 324 800 366; baseline -0.009 -7"><span class='ocrx_word' id='word_1_14' title='bbox 101 328 241 360; x_wconf 72' lang='lat' dir='ltr'>Metam.</span> <span class='ocrx_word' id='word_1_15' title='bbox 265 328 394 366; x_wconf 81' lang='lat' dir='ltr'>‘neque</span> <span class='ocrx_word' id='word_1_16' title='bbox 410 325 498 356; x_wconf 88' lang='lat' dir='ltr'>enim</span> <span class='ocrx_word' id='word_1_17' title='bbox 525 324 671 354; x_wconf 83' lang='lat' dir='ltr'>tolerare</span> <span class='ocrx_word' id='word_1_18' title='bbox 700 333 800 364; x_wconf 86' lang='lat' dir='ltr'>vapo-</span> 
     </span>
     <span class='ocr_line' id='line_1_4' title="bbox 101 374 800 417; baseline -0.009 -8"><span class='ocrx_word' id='word_1_19' title='bbox 101 388 165 417; x_wconf 84' lang='lat' dir='ltr'>res,</span> <span class='ocrx_word' id='word_1_20' title='bbox 180 378 329 408; x_wconf 74' lang='lat' dir='ltr'>t&#39;lterius</span> <span class='ocrx_word' id='word_1_21' title='bbox 344 374 476 417; x_wconf 61' lang='lat' dir='ltr'>potuit?</span> <span class='ocrx_word' id='word_1_22' title='bbox 510 376 518 390; x_wconf 90' lang='lat'>‘</span> <span class='ocrx_word' id='word_1_23' title='bbox 531 374 727 414; x_wconf 79' lang='lat' dir='ltr'>AEtliiopum</span> <span class='ocrx_word' id='word_1_24' title='bbox 744 384 800 404; x_wconf 84' lang='lat' dir='ltr'>va-</span> 
     </span>
     <span class='ocr_line' id='line_1_5' title="bbox 102 423 801 469; baseline -0.01 -9"><span class='ocrx_word' id='word_1_25' title='bbox 102 429 216 469; x_wconf 73' lang='lat' dir='ltr'>pores*</span> <span class='ocrx_word' id='word_1_26' title='bbox 235 429 281 458; x_wconf 73' lang='lat' dir='ltr'>sic</span> <span class='ocrx_word' id='word_1_27' title='bbox 299 432 333 458; x_wconf 83' lang='lat' dir='ltr'>et</span> <span class='ocrx_word' id='word_1_28' title='bbox 351 430 464 456; x_wconf 83' lang='lat' dir='ltr'>noster</span> <span class='ocrx_word' id='word_1_29' title='bbox 477 424 563 455; x_wconf 81' lang='lat' dir='ltr'>dixit</span> <span class='ocrx_word' id='word_1_30' title='bbox 580 424 637 455; x_wconf 91' lang='lat' dir='ltr'>lib.</span> <span class='ocrx_word' id='word_1_31' title='bbox 651 433 673 455; x_wconf 87' lang='grc' dir='ltr'>ι.</span> <span class='ocrx_word' id='word_1_32' title='bbox 690 424 723 454; x_wconf 92' lang='lat' dir='ltr'>in</span> <span class='ocrx_word' id='word_1_33' title='bbox 737 423 801 454; x_wconf 86' lang='lat' dir='ltr'>Sti-</span> 
     </span>
     <span class='ocr_line' id='line_1_6' title="bbox 101 476 647 516; baseline -0.007 -6"><span class='ocrx_word' id='word_1_34' title='bbox 101 479 281 516; x_wconf 82' lang='lat' dir='ltr'>lichonem,</span> <span class='ocrx_word' id='word_1_35' title='bbox 306 482 339 508; x_wconf 76' lang='lat' dir='ltr'>et</span> <span class='ocrx_word' id='word_1_36' title='bbox 359 477 451 508; x_wconf 84' lang='lat' dir='ltr'>alibi.</span> <span class='ocrx_word' id='word_1_37' title='bbox 475 477 519 508; x_wconf 92' lang='lat' dir='ltr'>D.</span> <span class='ocrx_word' id='word_1_38' title='bbox 534 476 647 507; x_wconf 76' lang='lat' dir='ltr'>Heius.</span> 
     </span>
    </p>

    <p class='ocr_par' dir='ltr' id='par_1_3' title="bbox 101 525 804 666">
     <span class='ocr_line' id='line_1_7' title="bbox 149 525 804 568; baseline -0.006 -9"><span class='ocrx_word' id='word_1_39' title='bbox 149 528 295 568; x_wconf 69' lang='lat' dir='ltr'>vapores]</span> <span class='ocrx_word' id='word_1_40' title='bbox 342 527 428 558; x_wconf 83' lang='lat' dir='ltr'>Haec</span> <span class='ocrx_word' id='word_1_41' title='bbox 461 536 526 557; x_wconf 92' lang='lat' dir='ltr'>uon</span> <span class='ocrx_word' id='word_1_42' title='bbox 566 527 608 556; x_wconf 90' lang='lat' dir='ltr'>ab</span> <span class='ocrx_word' id='word_1_43' title='bbox 639 525 804 565; x_wconf 78' lang='lat' dir='ltr'>Honorio,</span> 
     </span>
     <span class='ocr_line' id='line_1_8' title="bbox 101 576 802 617; baseline -0.006 -7"><span class='ocrx_word' id='word_1_44' title='bbox 101 578 159 610; x_wconf 81' lang='lat' dir='ltr'>sed</span> <span class='ocrx_word' id='word_1_45' title='bbox 186 577 372 608; x_wconf 83' lang='lat' dir='ltr'>Theodosio</span> <span class='ocrx_word' id='word_1_46' title='bbox 398 577 545 615; x_wconf 82' lang='lat' dir='ltr'>seniore,</span> <span class='ocrx_word' id='word_1_47' title='bbox 571 576 628 617; x_wconf 92' lang='lat' dir='ltr'>qui</span> <span class='ocrx_word' id='word_1_48' title='bbox 653 576 802 607; x_wconf 85' lang='lat' dir='ltr'>nonduin</span> 
     </span>
     <span class='ocr_line' id='line_1_9' title="bbox 101 628 541 666; baseline -0.007 -5"><span class='ocrx_word' id='word_1_49' title='bbox 101 629 244 666; x_wconf 78' lang='lat' dir='ltr'>obierat,</span> <span class='ocrx_word' id='word_1_50' title='bbox 257 628 426 659; x_wconf 82' lang='lat' dir='ltr'>dicuutur.</span> <span class='ocrx_word' id='word_1_51' title='bbox 451 628 541 658; x_wconf 82' lang='lat' dir='ltr'>Delr.</span> 
     </span>
    </p>

    <p class='ocr_par' dir='ltr' id='par_1_4' title="bbox 99 676 804 770">
     <span class='ocr_line' id='line_1_10' title="bbox 144 676 804 718; baseline -0.002 -9"><span class='ocrx_word' id='word_1_52' title='bbox 144 681 206 709; x_wconf 81' lang='grc'>132</span> <span class='ocrx_word' id='word_1_53' title='bbox 231 677 342 718; x_wconf 81' lang='lat' dir='ltr'>Coros]</span> <span class='ocrx_word' id='word_1_54' title='bbox 373 677 462 708; x_wconf 80' lang='lat' dir='ltr'>vide</span> <span class='ocrx_word' id='word_1_55' title='bbox 489 677 653 717; x_wconf 82' lang='lat' dir='ltr'>Gellium,</span> <span class='ocrx_word' id='word_1_56' title='bbox 680 676 737 708; x_wconf 85' lang='lat' dir='ltr'>lib.</span> <span class='ocrx_word' id='word_1_57' title='bbox 762 686 804 708; x_wconf 89' lang='lat'>11.</span> 
     </span>
     <span class='ocr_line' id='line_1_11' title="bbox 99 721 338 770; baseline -0.004 -10"><span class='ocrx_word' id='word_1_58' title='bbox 99 731 242 770; x_wconf 83' lang='lat' dir='ltr'>cap.22.</span> <span class='ocrx_word' id='word_1_59' title='bbox 334 721 338 724; x_wconf 83' lang='grc'><strong>’</strong></span> 
     </span>
    </p>

    <p class='ocr_par' dir='ltr' id='par_1_5' title="bbox 101 780 806 871">
     <span class='ocr_line' id='line_1_12' title="bbox 145 780 803 820; baseline -0.002 -10"><span class='ocrx_word' id='word_1_60' title='bbox 145 781 206 810; x_wconf 70' lang='grc'>134</span> <span class='ocrx_word' id='word_1_61' title='bbox 234 780 327 811; x_wconf 73' lang='lat' dir='ltr'>Nulla</span> <span class='ocrx_word' id='word_1_62' title='bbox 343 780 398 811; x_wconf 81' lang='lat' dir='ltr'>sub</span> <span class='ocrx_word' id='word_1_63' title='bbox 424 780 622 820; x_wconf 76' lang='lat' dir='ltr'>tempestate]</span> <span class='ocrx_word' id='word_1_64' title='bbox 645 780 803 812; x_wconf 85' lang='lat' dir='ltr'>Quocun-</span> 
     </span>
     <span class='ocr_line' id='line_1_13' title="bbox 101 830 806 871; baseline 0 -10"><span class='ocrx_word' id='word_1_65' title='bbox 101 839 166 871; x_wconf 83' lang='lat' dir='ltr'>que</span> <span class='ocrx_word' id='word_1_66' title='bbox 181 831 351 870; x_wconf 73' lang='lat' dir='ltr'>cae10,ait‚</span> <span class='ocrx_word' id='word_1_67' title='bbox 361 830 500 862; x_wconf 84' lang='lat' dir='ltr'>favente</span> <span class='ocrx_word' id='word_1_68' title='bbox 512 831 582 865; x_wconf 64' lang='lat' dir='ltr'>sire</span> <span class='ocrx_word' id='word_1_69' title='bbox 593 830 806 862; x_wconf 80' lang='lat' dir='ltr'>adversante.</span> 
     </span>
    </p>

    <p class='ocr_par' dir='ltr' id='par_1_6' title="bbox 103 881 807 1123">
     <span class='ocr_line' id='line_1_14' title="bbox 148 881 806 922; baseline -0.002 -10"><span class='ocrx_word' id='word_1_70' title='bbox 148 883 208 912; x_wconf 87' lang='grc'>137</span> <span class='ocrx_word' id='word_1_71' title='bbox 228 882 328 916; x_wconf 83' lang='lat' dir='ltr'>Quam</span> <span class='ocrx_word' id='word_1_72' title='bbox 345 881 414 922; x_wconf 84' lang='lat' dir='ltr'>tua]</span> <span class='ocrx_word' id='word_1_73' title='bbox 439 881 494 913; x_wconf 88' lang='lat' dir='ltr'>lta</span> <span class='ocrx_word' id='word_1_74' title='bbox 511 891 571 922; x_wconf 87' lang='lat' dir='ltr'>pro</span> <span class='ocrx_word' id='word_1_75' title='bbox 589 881 723 911; x_wconf 81' lang='lat' dir='ltr'>diversa</span> <span class='ocrx_word' id='word_1_76' title='bbox 740 881 806 911; x_wconf 89' lang='lat' dir='ltr'>lec-</span> 
     </span>
     <span class='ocr_line' id='line_1_15' title="bbox 104 931 806 969; baseline -0.001 -7"><span class='ocrx_word' id='word_1_77' title='bbox 104 931 196 963; x_wconf 84' lang='lat' dir='ltr'>tione</span> <span class='ocrx_word' id='word_1_78' title='bbox 209 933 241 963; x_wconf 92' lang='lat' dir='ltr'>in</span> <span class='ocrx_word' id='word_1_79' title='bbox 256 933 446 963; x_wconf 81' lang='lat' dir='ltr'>Petaviano</span> <span class='ocrx_word' id='word_1_80' title='bbox 460 937 616 963; x_wconf 88' lang='lat' dir='ltr'>notatum</span> <span class='ocrx_word' id='word_1_81' title='bbox 630 942 637 969; x_wconf 91' lang='lat'>;</span> <span class='ocrx_word' id='word_1_82' title='bbox 663 935 697 962; x_wconf 84' lang='lat' dir='ltr'>ct</span> <span class='ocrx_word' id='word_1_83' title='bbox 711 931 806 962; x_wconf 89' lang='lat' dir='ltr'>bene.</span> 
     </span>
     <span class='ocr_line' id='line_1_16' title="bbox 103 983 807 1023; baseline -0.003 -11"><span class='ocrx_word' id='word_1_84' title='bbox 103 983 226 1023; x_wconf 70' lang='lat' dir='ltr'>Vulgo,</span> <span class='ocrx_word' id='word_1_85' title='bbox 244 984 332 1018; x_wconf 81' lang='lat' dir='ltr'>Quod</span> <span class='ocrx_word' id='word_1_86' title='bbox 351 987 416 1013; x_wconf 82' lang='lat' dir='ltr'>tua.</span> <span class='ocrx_word' id='word_1_87' title='bbox 443 983 542 1017; x_wconf 83' lang='lat' dir='ltr'>Quam</span> <span class='ocrx_word' id='word_1_88' title='bbox 561 991 623 1022; x_wconf 88' lang='lat' dir='ltr'>pro</span> <span class='ocrx_word' id='word_1_89' title='bbox 638 985 785 1021; x_wconf 77' lang='lat' dir='ltr'>quantum</span> <span class='ocrx_word' id='word_1_90' title='bbox 797 991 807 1010; x_wconf 77' lang='lat'>.-</span> 
     </span>
     <span class='ocr_line' id='line_1_17' title="bbox 106 1033 806 1075; baseline -0.004 -11"><span class='ocrx_word' id='word_1_91' title='bbox 106 1042 216 1075; x_wconf 84' lang='lat' dir='ltr'>ueque</span> <span class='ocrx_word' id='word_1_92' title='bbox 230 1033 330 1064; x_wconf 87' lang='lat' dir='ltr'>aliter</span> <span class='ocrx_word' id='word_1_93' title='bbox 348 1033 538 1071; x_wconf 80' lang='lat' dir='ltr'>Palatinus,</span> <span class='ocrx_word' id='word_1_94' title='bbox 553 1038 589 1062; x_wconf 90' lang='lat' dir='ltr'>et</span> <span class='ocrx_word' id='word_1_95' title='bbox 605 1042 624 1062; x_wconf 89' lang='lat' dir='ltr'>a</span> <span class='ocrx_word' id='word_1_96' title='bbox 641 1041 740 1061; x_wconf 86' lang='lat' dir='ltr'>manu</span> <span class='ocrx_word' id='word_1_97' title='bbox 757 1041 806 1061; x_wconf 85' lang='lat' dir='ltr'>se-</span> 
     </span>
     <span class='ocr_line' id='line_1_18' title="bbox 104 1081 772 1123; baseline -0.004 -9"><span class='ocrx_word' id='word_1_98' title='bbox 104 1084 216 1114; x_wconf 81' lang='lat' dir='ltr'>cunda</span> <span class='ocrx_word' id='word_1_99' title='bbox 232 1085 357 1123; x_wconf 90' lang='lat' dir='ltr'>primus</span> <span class='ocrx_word' id='word_1_100' title='bbox 372 1084 569 1113; x_wconf 76' lang='lat' dir='ltr'>Vaticanus.</span> <span class='ocrx_word' id='word_1_101' title='bbox 595 1082 640 1112; x_wconf 89' lang='lat' dir='ltr'>D.</span> <span class='ocrx_word' id='word_1_102' title='bbox 659 1081 772 1111; x_wconf 77' lang='lat' dir='ltr'>Heius.</span> 
     </span>
    </p>

    <p class='ocr_par' dir='ltr' id='par_1_7' title="bbox 101 1131 819 1779">
     <span class='ocr_line' id='line_1_19' title="bbox 148 1131 809 1171; baseline -0.005 -7"><span class='ocrx_word' id='word_1_103' title='bbox 148 1136 209 1164; x_wconf 82' lang='lat'>138</span> <span class='ocrx_word' id='word_1_104' title='bbox 233 1133 404 1163; x_wconf 76' lang='lat' dir='ltr'>Servitium</span> <span class='ocrx_word' id='word_1_105' title='bbox 418 1131 700 1171; x_wconf 83' lang='lat' dir='ltr'>rursus,surioeque</span> <span class='ocrx_word' id='word_1_106' title='bbox 713 1131 809 1162; x_wconf 83' lang='lat' dir='ltr'>rebel-</span> 
     </span>
     <span class='ocr_line' id='line_1_20' title="bbox 105 1181 810 1223; baseline -0.004 -9"><span class='ocrx_word' id='word_1_107' title='bbox 105 1182 163 1223; x_wconf 80' lang='lat' dir='ltr'>les]</span> <span class='ocrx_word' id='word_1_108' title='bbox 203 1183 417 1223; x_wconf 84' lang='lat' dir='ltr'>Arbogasten</span> <span class='ocrx_word' id='word_1_109' title='bbox 445 1192 612 1213; x_wconf 86' lang='lat' dir='ltr'>summum</span> <span class='ocrx_word' id='word_1_110' title='bbox 643 1181 722 1212; x_wconf 82' lang='lat' dir='ltr'>belli</span> <span class='ocrx_word' id='word_1_111' title='bbox 751 1182 810 1212; x_wconf 85' lang='lat' dir='ltr'>‹lu-</span> 
     </span>
     <span class='ocr_line' id='line_1_21' title="bbox 105 1232 804 1274; baseline -0.001 -10"><span class='ocrx_word' id='word_1_112' title='bbox 105 1243 179 1265; x_wconf 76' lang='lat' dir='ltr'>cem</span> <span class='ocrx_word' id='word_1_113' title='bbox 191 1234 413 1274; x_wconf 81' lang='lat' dir='ltr'>persariarum</span> <span class='ocrx_word' id='word_1_114' title='bbox 422 1233 623 1264; x_wconf 85' lang='lat' dir='ltr'>vocabulum</span> <span class='ocrx_word' id='word_1_115' title='bbox 635 1232 804 1272; x_wconf 79' lang='lat' dir='ltr'>intellige:</span> 
     </span>
     <span class='ocr_line' id='line_1_22' title="bbox 105 1284 811 1324; baseline 0 -11"><span class='ocrx_word' id='word_1_116' title='bbox 105 1294 168 1324; x_wconf 85' lang='lat' dir='ltr'>per</span> <span class='ocrx_word' id='word_1_117' title='bbox 183 1285 358 1324; x_wconf 68' lang='lat' dir='ltr'>servitium,</span> <span class='ocrx_word' id='word_1_118' title='bbox 378 1284 548 1315; x_wconf 85' lang='lat' dir='ltr'>hominem</span> <span class='ocrx_word' id='word_1_119' title='bbox 567 1284 714 1324; x_wconf 89' lang='lat' dir='ltr'>primum</span> <span class='ocrx_word' id='word_1_120' title='bbox 739 1289 811 1314; x_wconf 81' lang='lat' dir='ltr'>ten-</span> 
     </span>
     <span class='ocr_line' id='line_1_23' title="bbox 106 1334 811 1374; baseline -0.001 -10"><span class='ocrx_word' id='word_1_121' title='bbox 106 1334 156 1365; x_wconf 89' lang='lat' dir='ltr'>uis</span> <span class='ocrx_word' id='word_1_122' title='bbox 182 1334 326 1366; x_wconf 81' lang='lat' dir='ltr'>t&#39;ortuuae</span> <span class='ocrx_word' id='word_1_123' title='bbox 347 1340 382 1365; x_wconf 88' lang='lat' dir='ltr'>et</span> <span class='ocrx_word' id='word_1_124' title='bbox 404 1334 676 1374; x_wconf 81' lang='lat' dir='ltr'>ludimagistrum</span> <span class='ocrx_word' id='word_1_125' title='bbox 700 1334 811 1371; x_wconf 83' lang='lat' dir='ltr'>Euge-</span> 
     </span>
     <span class='ocr_line' id='line_1_24' title="bbox 108 1383 813 1425; baseline 0 -11"><span class='ocrx_word' id='word_1_126' title='bbox 108 1385 198 1416; x_wconf 84' lang='lat' dir='ltr'>nium</span> <span class='ocrx_word' id='word_1_127' title='bbox 214 1395 222 1423; x_wconf 87' lang='lat'>;</span> <span class='ocrx_word' id='word_1_128' title='bbox 246 1395 324 1416; x_wconf 84' lang='lat' dir='ltr'>mox</span> <span class='ocrx_word' id='word_1_129' title='bbox 343 1395 475 1425; x_wconf 82' lang='lat' dir='ltr'>quoque</span> <span class='ocrx_word' id='word_1_130' title='bbox 489 1389 627 1424; x_wconf 82' lang='lat' dir='ltr'>sceptro</span> <span class='ocrx_word' id='word_1_131' title='bbox 645 1383 813 1421; x_wconf 87' lang='lat' dir='ltr'>Romano,</span> 
     </span>
     <span class='ocr_line' id='line_1_25' title="bbox 109 1435 811 1476; baseline -0.001 -11"><span class='ocrx_word' id='word_1_132' title='bbox 109 1435 274 1466; x_wconf 74' lang='lat' dir='ltr'>instinctu</span> <span class='ocrx_word' id='word_1_133' title='bbox 299 1435 500 1476; x_wconf 81' lang='lat' dir='ltr'>Arbogastis</span> <span class='ocrx_word' id='word_1_134' title='bbox 526 1435 747 1475; x_wconf 78' lang='lat' dir='ltr'>aspirantem,</span> <span class='ocrx_word' id='word_1_135' title='bbox 776 1439 811 1465; x_wconf 84' lang='lat' dir='ltr'>et</span> 
     </span>
     <span class='ocr_line' id='line_1_26' title="bbox 101 1485 814 1525; baseline 0 -11"><span class='ocrx_word' id='word_1_136' title='bbox 101 1486 172 1524; x_wconf 80' lang='lat' dir='ltr'>jam</span> <span class='ocrx_word' id='word_1_137' title='bbox 191 1495 278 1525; x_wconf 86' lang='lat' dir='ltr'>pene</span> <span class='ocrx_word' id='word_1_138' title='bbox 303 1486 462 1525; x_wconf 79' lang='lat' dir='ltr'>positum.</span> <span class='ocrx_word' id='word_1_139' title='bbox 510 1485 719 1523; x_wconf 72' lang='lat' dir='ltr'>Arbogastes</span> <span class='ocrx_word' id='word_1_140' title='bbox 741 1485 814 1525; x_wconf 90' lang='lat' dir='ltr'>qui-</span> 
     </span>
     <span class='ocr_line' id='line_1_27' title="bbox 110 1536 813 1576; baseline 0 -10"><span class='ocrx_word' id='word_1_141' title='bbox 110 1536 187 1567; x_wconf 81' lang='lat' dir='ltr'>dem</span> <span class='ocrx_word' id='word_1_142' title='bbox 205 1537 267 1567; x_wconf 90' lang='lat' dir='ltr'>sub</span> <span class='ocrx_word' id='word_1_143' title='bbox 284 1538 356 1576; x_wconf 88' lang='lat' dir='ltr'>ipso</span> <span class='ocrx_word' id='word_1_144' title='bbox 380 1536 569 1567; x_wconf 75' lang='lat' dir='ltr'>Theodosio</span> <span class='ocrx_word' id='word_1_145' title='bbox 598 1541 700 1566; x_wconf 88' lang='lat' dir='ltr'>antea</span> <span class='ocrx_word' id='word_1_146' title='bbox 727 1545 813 1576; x_wconf 78' lang='lat' dir='ltr'>prae-</span> 
     </span>
     <span class='ocr_line' id='line_1_28' title="bbox 111 1585 815 1627; baseline -0.003 -9"><span class='ocrx_word' id='word_1_147' title='bbox 111 1587 202 1618; x_wconf 85' lang='lat' dir='ltr'>clare</span> <span class='ocrx_word' id='word_1_148' title='bbox 231 1586 435 1627; x_wconf 78' lang='lat' dir='ltr'>fortiterque</span> <span class='ocrx_word' id='word_1_149' title='bbox 465 1587 665 1625; x_wconf 75' lang='lat' dir='ltr'>bellaverat,</span> <span class='ocrx_word' id='word_1_150' title='bbox 692 1591 728 1616; x_wconf 88' lang='lat' dir='ltr'>et</span> <span class='ocrx_word' id='word_1_151' title='bbox 753 1585 815 1616; x_wconf 86' lang='lat' dir='ltr'>sub</span> 
     </span>
     <span class='ocr_line' id='line_1_29' title="bbox 111 1637 816 1678; baseline -0.004 -9"><span class='ocrx_word' id='word_1_152' title='bbox 111 1638 255 1678; x_wconf 79' lang='lat' dir='ltr'>Eugeuii</span> <span class='ocrx_word' id='word_1_153' title='bbox 269 1637 400 1676; x_wconf 90' lang='lat' dir='ltr'>umbra,</span> <span class='ocrx_word' id='word_1_154' title='bbox 412 1637 593 1677; x_wconf 85' lang='lat' dir='ltr'>imperium</span> <span class='ocrx_word' id='word_1_155' title='bbox 610 1637 727 1677; x_wconf 76' lang='lat' dir='ltr'>utique</span> <span class='ocrx_word' id='word_1_156' title='bbox 742 1637 816 1676; x_wconf 87' lang='lat' dir='ltr'>ipse</span> 
     </span>
     <span class='ocr_line' id='line_1_30' title="bbox 111 1686 819 1719; baseline -0.003 0"><span class='ocrx_word' id='word_1_157' title='bbox 111 1687 346 1719; x_wconf 81' lang='lat' dir='ltr'>moderaturus</span> <span class='ocrx_word' id='word_1_158' title='bbox 372 1692 469 1718; x_wconf 84' lang='lat' dir='ltr'>erat:</span> <span class='ocrx_word' id='word_1_159' title='bbox 495 1687 563 1718; x_wconf 92' lang='lat' dir='ltr'>vid.</span> <span class='ocrx_word' id='word_1_160' title='bbox 589 1688 686 1718; x_wconf 84' lang='lat' dir='ltr'>Paul.</span> <span class='ocrx_word' id='word_1_161' title='bbox 703 1686 819 1719; x_wconf 88' lang='lat' dir='ltr'>Orosi-</span> 
     </span>
     <span class='ocr_line' id='line_1_31' title="bbox 112 1740 399 1779; baseline -0.003 -7"><span class='ocrx_word' id='word_1_162' title='bbox 112 1749 180 1779; x_wconf 83' lang='lat' dir='ltr'>um,</span> <span class='ocrx_word' id='word_1_163' title='bbox 195 1742 258 1772; x_wconf 68' lang='grc' dir='ltr'>διο.</span> <span class='ocrx_word' id='word_1_164' title='bbox 287 1740 399 1771; x_wconf 85' lang='lat' dir='ltr'>Barth.</span> 
     </span>
    </p>

    <p class='ocr_par' dir='ltr' id='par_1_8' title="bbox 113 1789 822 2083">
     <span class='ocr_line' id='line_1_32' title="bbox 155 1789 819 1831; baseline -0.003 -10"><span class='ocrx_word' id='word_1_165' title='bbox 155 1793 217 1821; x_wconf 84' lang='lat'>139</span> <span class='ocrx_word' id='word_1_166' title='bbox 242 1790 376 1821; x_wconf 83' lang='lat' dir='ltr'>Paribus</span> <span class='ocrx_word' id='word_1_167' title='bbox 401 1790 584 1831; x_wconf 77' lang='lat' dir='ltr'>triumphis]</span> <span class='ocrx_word' id='word_1_168' title='bbox 607 1789 762 1820; x_wconf 79' lang='lat' dir='ltr'>Priorem</span> <span class='ocrx_word' id='word_1_169' title='bbox 777 1790 819 1819; x_wconf 89' lang='lat' dir='ltr'>si-</span> 
     </span>
     <span class='ocr_line' id='line_1_33' title="bbox 113 1840 819 1872; baseline -0.001 0"><span class='ocrx_word' id='word_1_170' title='bbox 113 1842 180 1872; x_wconf 89' lang='lat' dir='ltr'>mul</span> <span class='ocrx_word' id='word_1_171' title='bbox 197 1841 373 1872; x_wconf 82' lang='lat' dir='ltr'>victoriam</span> <span class='ocrx_word' id='word_1_172' title='bbox 389 1841 431 1871; x_wconf 89' lang='lat' dir='ltr'>de</span> <span class='ocrx_word' id='word_1_173' title='bbox 448 1841 600 1872; x_wconf 82' lang='lat' dir='ltr'>Maximo</span> <span class='ocrx_word' id='word_1_174' title='bbox 617 1845 653 1871; x_wconf 88' lang='lat' dir='ltr'>et</span> <span class='ocrx_word' id='word_1_175' title='bbox 676 1840 819 1871; x_wconf 81' lang='lat' dir='ltr'>Victore</span> 
     </span>
     <span class='ocr_line' id='line_1_34' title="bbox 113 1891 821 1932; baseline -0.004 -8"><span class='ocrx_word' id='word_1_176' title='bbox 113 1892 285 1932; x_wconf 74' lang='lat' dir='ltr'>intelligit.</span> <span class='ocrx_word' id='word_1_177' title='bbox 330 1891 523 1932; x_wconf 83' lang='lat' dir='ltr'>Utrobique</span> <span class='ocrx_word' id='word_1_178' title='bbox 540 1892 625 1922; x_wconf 88' lang='lat' dir='ltr'>mira</span> <span class='ocrx_word' id='word_1_179' title='bbox 642 1891 768 1922; x_wconf 82' lang='lat' dir='ltr'>virtute</span> <span class='ocrx_word' id='word_1_180' title='bbox 785 1895 821 1921; x_wconf 85' lang='lat' dir='ltr'>et</span> 
     </span>
     <span class='ocr_line' id='line_1_35' title="bbox 114 1941 821 1982; baseline 0 -9"><span class='ocrx_word' id='word_1_181' title='bbox 114 1941 282 1974; x_wconf 82' lang='lat' dir='ltr'>felicitate</span> <span class='ocrx_word' id='word_1_182' title='bbox 313 1943 431 1982; x_wconf 84' lang='lat' dir='ltr'>paucis</span> <span class='ocrx_word' id='word_1_183' title='bbox 460 1943 650 1973; x_wconf 84' lang='lat' dir='ltr'>innumeras</span> <span class='ocrx_word' id='word_1_184' title='bbox 674 1943 821 1973; x_wconf 84' lang='lat' dir='ltr'>hostium</span> 
     </span>
     <span class='ocr_line' id='line_1_36' title="bbox 115 1993 822 2034; baseline -0.003 -9"><span class='ocrx_word' id='word_1_185' title='bbox 115 1993 232 2032; x_wconf 85' lang='lat' dir='ltr'>copias</span> <span class='ocrx_word' id='word_1_186' title='bbox 257 1993 444 2033; x_wconf 84' lang='lat' dir='ltr'>superavit,</span> <span class='ocrx_word' id='word_1_187' title='bbox 470 1999 507 2023; x_wconf 89' lang='lat' dir='ltr'>ut</span> <span class='ocrx_word' id='word_1_188' title='bbox 524 1994 645 2023; x_wconf 90' lang='lat' dir='ltr'>merito</span> <span class='ocrx_word' id='word_1_189' title='bbox 659 2003 751 2034; x_wconf 84' lang='lat' dir='ltr'>pares</span> <span class='ocrx_word' id='word_1_190' title='bbox 766 1993 822 2023; x_wconf 84' lang='lat' dir='ltr'>tri-</span> 
     </span>
     <span class='ocr_line' id='line_1_37' title="bbox 116 2042 549 2083; baseline -0.002 -9"><span class='ocrx_word' id='word_1_191' title='bbox 116 2043 223 2083; x_wconf 75' lang='lat' dir='ltr'>umphi</span> <span class='ocrx_word' id='word_1_192' title='bbox 240 2042 408 2074; x_wconf 68' lang='lat' dir='ltr'>dieantur.</span> <span class='ocrx_word' id='word_1_193' title='bbox 434 2044 549 2074; x_wconf 82' lang='lat' dir='ltr'>Barth.</span> 
     </span>
    </p>

    <p class='ocr_par' dir='ltr' id='par_1_9' title="bbox 117 2092 824 2276">
     <span class='ocr_line' id='line_1_38' title="bbox 162 2092 819 2134; baseline 0.002 -11"><span class='ocrx_word' id='word_1_194' title='bbox 162 2095 224 2123; x_wconf 72' lang='lat'>140</span> <span class='ocrx_word' id='word_1_195' title='bbox 249 2092 409 2122; x_wconf 72' lang='lat' dir='ltr'>Libertate</span> <span class='ocrx_word' id='word_1_196' title='bbox 438 2093 570 2134; x_wconf 78' lang='lat' dir='ltr'>recenti]</span> <span class='ocrx_word' id='word_1_197' title='bbox 630 2093 819 2124; x_wconf 88' lang='lat' dir='ltr'>Barbarum</span> 
     </span>
     <span class='ocr_line' id='line_1_39' title="bbox 118 2143 824 2184; baseline -0.001 -9"><span class='ocrx_word' id='word_1_198' title='bbox 118 2143 284 2175; x_wconf 78' lang='lat' dir='ltr'>homiuem</span> <span class='ocrx_word' id='word_1_199' title='bbox 305 2143 519 2184; x_wconf 76' lang='lat' dir='ltr'>perstringit,</span> <span class='ocrx_word' id='word_1_200' title='bbox 548 2144 641 2174; x_wconf 83' lang='lat' dir='ltr'>velut</span> <span class='ocrx_word' id='word_1_201' title='bbox 664 2144 696 2174; x_wconf 93' lang='lat' dir='ltr'>iu</span> <span class='ocrx_word' id='word_1_202' title='bbox 721 2144 824 2174; x_wconf 90' lang='lat' dir='ltr'>servi-</span> 
     </span>
     <span class='ocr_line' id='line_1_40' title="bbox 117 2193 824 2235; baseline 0 -9"><span class='ocrx_word' id='word_1_203' title='bbox 117 2199 226 2226; x_wconf 85' lang='lat' dir='ltr'>tutem</span> <span class='ocrx_word' id='word_1_204' title='bbox 252 2200 392 2234; x_wconf 80' lang='lat' dir='ltr'>rapturo</span> <span class='ocrx_word' id='word_1_205' title='bbox 420 2193 590 2235; x_wconf 82' lang='lat' dir='ltr'>Rempub.</span> <span class='ocrx_word' id='word_1_206' title='bbox 622 2194 824 2235; x_wconf 83' lang='lat' dir='ltr'>Arbogaste.</span> 
     </span>
     <span class='ocr_line' id='line_1_41' title="bbox 121 2244 235 2276; baseline -0.018 0"><span class='ocrx_word' id='word_1_207' title='bbox 121 2244 235 2276; x_wconf 79' lang='lat' dir='ltr'>Barth.</span> 
     </span>
    </p>

    <p class='ocr_par' dir='ltr' id='par_1_10' title="bbox 121 2295 829 2591">
     <span class='ocr_line' id='line_1_42' title="bbox 162 2295 828 2335; baseline 0 -9"><span class='ocrx_word' id='word_1_208' title='bbox 162 2295 223 2326; x_wconf 84' lang='lat' dir='ltr'>Sed</span> <span class='ocrx_word' id='word_1_209' title='bbox 244 2305 352 2335; x_wconf 79' lang='lat' dir='ltr'>precor</span> <span class='ocrx_word' id='word_1_210' title='bbox 377 2296 431 2326; x_wconf 86' lang='lat' dir='ltr'>hoc</span> <span class='ocrx_word' id='word_1_211' title='bbox 455 2297 566 2325; x_wconf 80' lang='lat' dir='ltr'>donum</span> <span class='ocrx_word' id='word_1_212' title='bbox 591 2306 659 2326; x_wconf 83' lang='lat' dir='ltr'>cum</span> <span class='ocrx_word' id='word_1_213' title='bbox 685 2295 828 2326; x_wconf 76' lang='lat' dir='ltr'>libertate</span> 
     </span>
     <span class='ocr_line' id='line_1_43' title="bbox 121 2346 827 2387; baseline 0 -9"><span class='ocrx_word' id='word_1_214' title='bbox 121 2347 237 2379; x_wconf 81' lang='lat' dir='ltr'>recenti</span> <span class='ocrx_word' id='word_1_215' title='bbox 275 2346 431 2387; x_wconf 76' lang='lat' dir='ltr'>Adjicius]</span> <span class='ocrx_word' id='word_1_216' title='bbox 467 2346 570 2386; x_wconf 82' lang='lat' dir='ltr'><strong><em>Adde,</em></strong></span> <span class='ocrx_word' id='word_1_217' title='bbox 604 2357 724 2387; x_wconf 77' lang='lat' dir='ltr'>precor,</span> <span class='ocrx_word' id='word_1_218' title='bbox 757 2347 827 2387; x_wconf 85' lang='lat' dir='ltr'>Gy·</span> 
     </span>
     <span class='ocr_line' id='line_1_44' title="bbox 122 2397 827 2437; baseline -0.003 -8"><span class='ocrx_word' id='word_1_219' title='bbox 122 2397 292 2429; x_wconf 74' lang='lat' dir='ltr'>nidiuus:</span> <span class='ocrx_word' id='word_1_220' title='bbox 319 2407 398 2428; x_wconf 87' lang='lat' dir='ltr'>vere</span> <span class='ocrx_word' id='word_1_221' title='bbox 423 2403 460 2428; x_wconf 90' lang='lat' dir='ltr'>ut</span> <span class='ocrx_word' id='word_1_222' title='bbox 489 2401 583 2437; x_wconf 88' lang='lat' dir='ltr'>puto.</span> <span class='ocrx_word' id='word_1_223' title='bbox 630 2399 733 2428; x_wconf 76' lang='lat' dir='ltr'>Certe</span> <span class='ocrx_word' id='word_1_224' title='bbox 761 2397 827 2437; x_wconf 69' lang='lat' dir='ltr'>pri⁶</span> 
     </span>
     <span class='ocr_line' id='line_1_45' title="bbox 123 2448 829 2489; baseline -0.001 -10"><span class='ocrx_word' id='word_1_225' title='bbox 123 2458 195 2479; x_wconf 87' lang='lat' dir='ltr'>mus</span> <span class='ocrx_word' id='word_1_226' title='bbox 211 2449 324 2478; x_wconf 84' lang='lat' dir='ltr'>Vatic.</span> <span class='ocrx_word' id='word_1_227' title='bbox 343 2453 376 2477; x_wconf 65' lang='lat' dir='ltr'>et</span> <span class='ocrx_word' id='word_1_228' title='bbox 395 2449 533 2479; x_wconf 77' lang='lat' dir='ltr'>Fames.</span> <span class='ocrx_word' id='word_1_229' title='bbox 556 2449 648 2479; x_wconf 83' lang='lat' dir='ltr'><strong><em>Adde</em></strong></span> <span class='ocrx_word' id='word_1_230' title='bbox 665 2458 726 2489; x_wconf 83' lang='lat' dir='ltr'>pro</span> <span class='ocrx_word' id='word_1_231' title='bbox 742 2448 829 2486; x_wconf 75' lang='lat' dir='ltr'><strong><em>Adji-</em></strong></span> 
     </span>
     <span class='ocr_line' id='line_1_46' title="bbox 123 2499 828 2537; baseline -0.003 -6"><span class='ocrx_word' id='word_1_232' title='bbox 123 2500 197 2537; x_wconf 73' lang='lat' dir='ltr'>cias,</span> <span class='ocrx_word' id='word_1_233' title='bbox 227 2499 444 2530; x_wconf 80' lang='lat' dir='ltr'>claudit-aute</span> <span class='ocrx_word' id='word_1_234' title='bbox 475 2509 585 2530; x_wconf 88' lang='lat' dir='ltr'>versu.</span> <span class='ocrx_word' id='word_1_235' title='bbox 631 2499 828 2530; x_wconf 89' lang='lat' dir='ltr'>Geminatio</span> 
     </span>
     <span class='ocr_line' id='line_1_47' title="bbox 123 2550 785 2591; baseline -0.002 -9"><span class='ocrx_word' id='word_1_236' title='bbox 123 2551 181 2583; x_wconf 82' lang='lat' dir='ltr'>illa</span> <span class='ocrx_word' id='word_1_237' title='bbox 194 2551 250 2581; x_wconf 82' lang='grc' dir='ltr'>τοῦ</span> <span class='ocrx_word' id='word_1_238' title='bbox 260 2561 369 2591; x_wconf 82' lang='lat' dir='ltr'>precor</span> <span class='ocrx_word' id='word_1_239' title='bbox 381 2550 502 2581; x_wconf 80' lang='lat' dir='ltr'>efficax</span> <span class='ocrx_word' id='word_1_240' title='bbox 520 2555 583 2581; x_wconf 89' lang='lat' dir='ltr'>est.</span> <span class='ocrx_word' id='word_1_241' title='bbox 610 2550 656 2581; x_wconf 93' lang='lat' dir='ltr'>D.</span> <span class='ocrx_word' id='word_1_242' title='bbox 674 2550 785 2581; x_wconf 74' lang='lat' dir='ltr'>Heius.</span> 
     </span>
    </p>

    <p class='ocr_par' dir='ltr' id='par_1_11' title="bbox 129 2601 829 2683">
     <span class='ocr_line' id='line_1_48' title="bbox 169 2601 829 2641; baseline -0.002 -8"><span class='ocrx_word' id='word_1_243' title='bbox 169 2605 230 2633; x_wconf 77' lang='grc'>142</span> <span class='ocrx_word' id='word_1_244' title='bbox 257 2602 331 2633; x_wconf 77' lang='lat' dir='ltr'>Alto</span> <span class='ocrx_word' id='word_1_245' title='bbox 355 2603 393 2632; x_wconf 89' lang='lat' dir='ltr'>de</span> <span class='ocrx_word' id='word_1_246' title='bbox 415 2601 543 2641; x_wconf 78' lang='lat' dir='ltr'>semine]</span> <span class='ocrx_word' id='word_1_247' title='bbox 573 2601 764 2641; x_wconf 84' lang='lat' dir='ltr'>Generoso,</span> <span class='ocrx_word' id='word_1_248' title='bbox 792 2602 829 2632; x_wconf 91' lang='lat' dir='ltr'>il-</span> 
     </span>
     <span class='ocr_line' id='line_1_49' title="bbox 129 2652 239 2683; baseline -0.009 0"><span class='ocrx_word' id='word_1_249' title='bbox 129 2652 239 2683; x_wconf 83' lang='lat' dir='ltr'>lustri.</span> 
     </span>
    </p>

    <p class='ocr_par' dir='ltr' id='par_1_12' title="bbox 132 2701 833 2793">
     <span class='ocr_line' id='line_1_50' title="bbox 175 2701 832 2742; baseline 0 -10"><span class='ocrx_word' id='word_1_250' title='bbox 175 2704 235 2732; x_wconf 83' lang='grc'>143</span> <span class='ocrx_word' id='word_1_251' title='bbox 262 2702 357 2732; x_wconf 81' lang='lat' dir='ltr'>Festa</span> <span class='ocrx_word' id='word_1_252' title='bbox 369 2712 441 2742; x_wconf 81' lang='lat' dir='ltr'>quos</span> <span class='ocrx_word' id='word_1_253' title='bbox 451 2703 516 2733; x_wconf 80' lang='lat' dir='ltr'>luce</span> <span class='ocrx_word' id='word_1_254' title='bbox 528 2701 663 2742; x_wconf 83' lang='lat' dir='ltr'>creatos]</span> <span class='ocrx_word' id='word_1_255' title='bbox 688 2702 832 2733; x_wconf 87' lang='lat' dir='ltr'>Minime</span> 
     </span>
     <span class='ocr_line' id='line_1_51' title="bbox 132 2750 833 2793; baseline -0.001 -8"><span class='ocrx_word' id='word_1_256' title='bbox 132 2752 242 2785; x_wconf 82' lang='lat' dir='ltr'>omine</span> <span class='ocrx_word' id='word_1_257' title='bbox 261 2751 416 2793; x_wconf 81' lang='lat' dir='ltr'>adverso,</span> <span class='ocrx_word' id='word_1_258' title='bbox 433 2759 491 2784; x_wconf 81' lang='lat' dir='ltr'>aut</span> <span class='ocrx_word' id='word_1_259' title='bbox 506 2752 561 2783; x_wconf 87' lang='lat' dir='ltr'>die</span> <span class='ocrx_word' id='word_1_260' title='bbox 578 2750 721 2784; x_wconf 82' lang='lat' dir='ltr'>nefasto.</span> <span class='ocrx_word' id='word_1_261' title='bbox 765 2753 833 2784; x_wconf 86' lang='lat' dir='ltr'>Na·</span> 
     </span>
    </p>
   </div>
   <div class='ocr_carea' id='block_1_3' title="bbox 1439 168 1552 212">
    <p class='ocr_par' dir='ltr' id='par_1_13' title="bbox 1439 168 1552 212">
     <span class='ocr_line' id='line_1_52' title="bbox 1439 168 1552 212; baseline 0 -1"><span class='ocrx_word' id='word_1_262' title='bbox 1439 168 1552 212; x_wconf 74' lang='lat'>1223</span> 
     </span>
    </p>
   </div>
   <div class='ocr_carea' id='block_1_4' title="bbox 853 270 1586 2786">
    <p class='ocr_par' dir='ltr' id='par_1_14' title="bbox 853 270 1558 566">
     <span class='ocr_line' id='line_1_53' title="bbox 853 270 1554 312; baseline 0 -9"><span class='ocrx_word' id='word_1_263' title='bbox 853 273 941 303; x_wconf 63' lang='lat' dir='ltr'>talos</span> <span class='ocrx_word' id='word_1_264' title='bbox 969 271 1113 302; x_wconf 78' lang='lat' dir='ltr'>fratrum</span> <span class='ocrx_word' id='word_1_265' title='bbox 1136 272 1253 302; x_wconf 83' lang='lat' dir='ltr'>horum</span> <span class='ocrx_word' id='word_1_266' title='bbox 1282 270 1491 312; x_wconf 72' lang='lat' dir='ltr'>observatos,</span> <span class='ocrx_word' id='word_1_267' title='bbox 1518 276 1554 303; x_wconf 82' lang='lat' dir='ltr'>et</span> 
     </span>
     <span class='ocr_line' id='line_1_54' title="bbox 853 321 1554 361; baseline 0.001 -8"><span class='ocrx_word' id='word_1_268' title='bbox 853 322 1014 353; x_wconf 67' lang='lat' dir='ltr'>incidisse</span> <span class='ocrx_word' id='word_1_269' title='bbox 1031 323 1064 352; x_wconf 95' lang='lat' dir='ltr'>iu</span> <span class='ocrx_word' id='word_1_270' title='bbox 1082 322 1172 352; x_wconf 72' lang='lat' dir='ltr'>diem</span> <span class='ocrx_word' id='word_1_271' title='bbox 1186 322 1301 352; x_wconf 63' lang='lat' dir='ltr'>lartum</span> <span class='ocrx_word' id='word_1_272' title='bbox 1319 321 1554 361; x_wconf 86' lang='lat' dir='ltr'>Reipub.hiuc</span> 
     </span>
     <span class='ocr_line' id='line_1_55' title="bbox 854 370 1554 404; baseline 0 0"><span class='ocrx_word' id='word_1_273' title='bbox 854 378 1000 404; x_wconf 78' lang='lat' dir='ltr'>constat.</span> <span class='ocrx_word' id='word_1_274' title='bbox 1029 373 1137 403; x_wconf 82' lang='lat' dir='ltr'>Bonos</span> <span class='ocrx_word' id='word_1_275' title='bbox 1154 373 1258 402; x_wconf 75' lang='lat' dir='ltr'>festos</span> <span class='ocrx_word' id='word_1_276' title='bbox 1275 371 1347 401; x_wconf 84' lang='lat' dir='ltr'>dies</span> <span class='ocrx_word' id='word_1_277' title='bbox 1365 376 1398 401; x_wconf 87' lang='lat' dir='ltr'>et</span> <span class='ocrx_word' id='word_1_278' title='bbox 1417 370 1554 404; x_wconf 85' lang='lat' dir='ltr'>familiae</span> 
     </span>
     <span class='ocr_line' id='line_1_56' title="bbox 855 421 1557 464; baseline -0.004 -9"><span class='ocrx_word' id='word_1_279' title='bbox 855 424 994 463; x_wconf 68' lang='lat' dir='ltr'>singula·</span> <span class='ocrx_word' id='word_1_280' title='bbox 1014 423 1205 464; x_wconf 69' lang='lat' dir='ltr'>peculiares</span> <span class='ocrx_word' id='word_1_281' title='bbox 1224 432 1299 452; x_wconf 82' lang='lat' dir='ltr'>suos</span> <span class='ocrx_word' id='word_1_282' title='bbox 1316 421 1498 460; x_wconf 83' lang='lat' dir='ltr'>habebant,</span> <span class='ocrx_word' id='word_1_283' title='bbox 1521 427 1557 453; x_wconf 85' lang='lat' dir='ltr'>et</span> 
     </span>
     <span class='ocr_line' id='line_1_57' title="bbox 856 471 1558 515; baseline 0 -10"><span class='ocrx_word' id='word_1_284' title='bbox 856 475 887 505; x_wconf 90' lang='lat' dir='ltr'>in</span> <span class='ocrx_word' id='word_1_285' title='bbox 902 475 940 505; x_wconf 73' lang='lat' dir='ltr'>iis</span> <span class='ocrx_word' id='word_1_286' title='bbox 957 484 1124 515; x_wconf 79' lang='lat' dir='ltr'>personae.</span> <span class='ocrx_word' id='word_1_287' title='bbox 1143 472 1294 504; x_wconf 84' lang='lat' dir='ltr'>Macrob.</span> <span class='ocrx_word' id='word_1_288' title='bbox 1310 473 1447 504; x_wconf 87' lang='lat' dir='ltr'>Saturn.</span> <span class='ocrx_word' id='word_1_289' title='bbox 1460 471 1518 504; x_wconf 79' lang='lat' dir='ltr'>lib.</span> <span class='ocrx_word' id='word_1_290' title='bbox 1532 481 1558 504; x_wconf 86' lang='lat'>1.</span> 
     </span>
     <span class='ocr_line' id='line_1_58' title="bbox 855 525 1137 566; baseline -0.007 -9"><span class='ocrx_word' id='word_1_291' title='bbox 855 536 929 566; x_wconf 83' lang='lat' dir='ltr'>cap.</span> <span class='ocrx_word' id='word_1_292' title='bbox 950 529 997 556; x_wconf 80' lang='lat'>15.</span> <span class='ocrx_word' id='word_1_293' title='bbox 1021 525 1137 556; x_wconf 86' lang='lat' dir='ltr'>Barth.</span> 
     </span>
    </p>

    <p class='ocr_par' dir='ltr' id='par_1_15' title="bbox 856 573 1562 765">
     <span class='ocr_line' id='line_1_59' title="bbox 902 573 1560 614; baseline -0.003 -9"><span class='ocrx_word' id='word_1_294' title='bbox 902 579 960 606; x_wconf 73' lang='lat'>141</span> <span class='ocrx_word' id='word_1_295' title='bbox 986 575 1207 614; x_wconf 64' lang='lat' dir='ltr'>Fut-tgremio]</span> <span class='ocrx_word' id='word_1_296' title='bbox 1225 574 1391 604; x_wconf 78' lang='lat' dir='ltr'>Parentes</span> <span class='ocrx_word' id='word_1_297' title='bbox 1405 573 1493 603; x_wconf 87' lang='lat' dir='ltr'>enim</span> <span class='ocrx_word' id='word_1_298' title='bbox 1509 582 1560 604; x_wconf 88' lang='lat' dir='ltr'>re-</span> 
     </span>
     <span class='ocr_line' id='line_1_60' title="bbox 857 624 1560 664; baseline -0.003 -8"><span class='ocrx_word' id='word_1_299' title='bbox 857 635 936 656; x_wconf 89' lang='lat' dir='ltr'>cens</span> <span class='ocrx_word' id='word_1_300' title='bbox 965 630 1060 656; x_wconf 83' lang='lat' dir='ltr'>natos</span> <span class='ocrx_word' id='word_1_301' title='bbox 1090 625 1215 656; x_wconf 85' lang='lat' dir='ltr'>liberos</span> <span class='ocrx_word' id='word_1_302' title='bbox 1251 624 1401 655; x_wconf 85' lang='lat' dir='ltr'>sublatos</span> <span class='ocrx_word' id='word_1_303' title='bbox 1433 625 1560 664; x_wconf 84' lang='lat' dir='ltr'>gremio</span> 
     </span>
     <span class='ocr_line' id='line_1_61' title="bbox 856 675 1562 716; baseline -0.001 -9"><span class='ocrx_word' id='word_1_304' title='bbox 856 676 1098 716; x_wconf 82' lang='lat' dir='ltr'>imponebant:</span> <span class='ocrx_word' id='word_1_305' title='bbox 1124 675 1183 705; x_wconf 78' lang='lat' dir='ltr'>hos</span> <span class='ocrx_word' id='word_1_306' title='bbox 1205 685 1285 715; x_wconf 85' lang='lat' dir='ltr'>ergo</span> <span class='ocrx_word' id='word_1_307' title='bbox 1308 680 1343 705; x_wconf 85' lang='lat' dir='ltr'>et</span> <span class='ocrx_word' id='word_1_308' title='bbox 1370 675 1562 715; x_wconf 76' lang='lat' dir='ltr'>suscepisse</span> 
     </span>
     <span class='ocr_line' id='line_1_62' title="bbox 857 725 1518 765; baseline -0.002 -8"><span class='ocrx_word' id='word_1_309' title='bbox 857 731 892 757; x_wconf 88' lang='lat' dir='ltr'>et</span> <span class='ocrx_word' id='word_1_310' title='bbox 909 727 1074 757; x_wconf 75' lang='lat' dir='ltr'>educasse</span> <span class='ocrx_word' id='word_1_311' title='bbox 1092 734 1178 765; x_wconf 88' lang='lat' dir='ltr'>sese,</span> <span class='ocrx_word' id='word_1_312' title='bbox 1194 726 1242 756; x_wconf 87' lang='lat' dir='ltr'>ait</span> <span class='ocrx_word' id='word_1_313' title='bbox 1259 725 1376 756; x_wconf 87' lang='lat' dir='ltr'>Roma.</span> <span class='ocrx_word' id='word_1_314' title='bbox 1402 726 1518 756; x_wconf 83' lang='lat' dir='ltr'>Barth.</span> 
     </span>
    </p>

    <p class='ocr_par' dir='ltr' id='par_1_16' title="bbox 859 775 1564 967">
     <span class='ocr_line' id='line_1_63' title="bbox 902 775 1564 815; baseline 0 -8"><span class='ocrx_word' id='word_1_315' title='bbox 902 779 964 807; x_wconf 72' lang='lat' dir='ltr'>l-lfi</span> <span class='ocrx_word' id='word_1_316' title='bbox 987 775 1140 815; x_wconf 75' lang='lat' dir='ltr'>Solveret]</span> <span class='ocrx_word' id='word_1_317' title='bbox 1187 776 1318 806; x_wconf 88' lang='lat' dir='ltr'>Lucina</span> <span class='ocrx_word' id='word_1_318' title='bbox 1356 776 1497 808; x_wconf 86' lang='lat' dir='ltr'>tenebat</span> <span class='ocrx_word' id='word_1_319' title='bbox 1529 780 1564 807; x_wconf 84' lang='lat' dir='ltr'>et</span> 
     </span>
     <span class='ocr_line' id='line_1_64' title="bbox 859 827 1564 867; baseline -0.001 -8"><span class='ocrx_word' id='word_1_320' title='bbox 859 827 1012 859; x_wconf 72' lang='lat' dir='ltr'>solvebat</span> <span class='ocrx_word' id='word_1_321' title='bbox 1031 832 1180 858; x_wconf 83' lang='lat' dir='ltr'>maturos</span> <span class='ocrx_word' id='word_1_322' title='bbox 1198 831 1327 867; x_wconf 84' lang='lat' dir='ltr'>partus.</span> <span class='ocrx_word' id='word_1_323' title='bbox 1364 827 1498 867; x_wconf 79' lang='lat' dir='ltr'>Aperire</span> <span class='ocrx_word' id='word_1_324' title='bbox 1515 827 1564 858; x_wconf 92' lang='lat' dir='ltr'>di-</span> 
     </span>
     <span class='ocr_line' id='line_1_65' title="bbox 859 877 1564 919; baseline -0.001 -10"><span class='ocrx_word' id='word_1_325' title='bbox 859 879 905 909; x_wconf 81' lang='lat' dir='ltr'>cit</span> <span class='ocrx_word' id='word_1_326' title='bbox 920 878 1042 909; x_wconf 86' lang='lat' dir='ltr'>Horat.</span> <span class='ocrx_word' id='word_1_327' title='bbox 1068 879 1076 894; x_wconf 87' lang='lat'>‘</span> <span class='ocrx_word' id='word_1_328' title='bbox 1091 877 1168 908; x_wconf 82' lang='lat' dir='ltr'>Rite</span> <span class='ocrx_word' id='word_1_329' title='bbox 1181 883 1332 909; x_wconf 81' lang='lat' dir='ltr'>maturos</span> <span class='ocrx_word' id='word_1_330' title='bbox 1346 878 1476 918; x_wconf 88' lang='lat' dir='ltr'>aperire</span> <span class='ocrx_word' id='word_1_331' title='bbox 1488 887 1564 919; x_wconf 85' lang='lat' dir='ltr'>par-</span> 
     </span>
     <span class='ocr_line' id='line_1_66' title="bbox 860 928 1159 967; baseline 0 -8"><span class='ocrx_word' id='word_1_332' title='bbox 860 928 937 967; x_wconf 79' lang='lat' dir='ltr'>tus,&#39;</span> <span class='ocrx_word' id='word_1_333' title='bbox 953 930 1017 959; x_wconf 60' lang='lat' dir='ltr'>occ.</span> <span class='ocrx_word' id='word_1_334' title='bbox 1042 928 1159 959; x_wconf 87' lang='lat' dir='ltr'>Barth.</span> 
     </span>
    </p>

    <p class='ocr_par' dir='ltr' id='par_1_17' title="bbox 861 978 1569 1270">
     <span class='ocr_line' id='line_1_67' title="bbox 907 978 1566 1018; baseline 0.002 -10"><span class='ocrx_word' id='word_1_335' title='bbox 907 978 1089 1015; x_wconf 78' lang='lat' dir='ltr'>I’roserrent</span> <span class='ocrx_word' id='word_1_336' title='bbox 1105 979 1209 1008; x_wconf 78' lang='lat' dir='ltr'>sidera</span> <span class='ocrx_word' id='word_1_337' title='bbox 1222 978 1347 1018; x_wconf 81' lang='lat' dir='ltr'>partus]</span> <span class='ocrx_word' id='word_1_338' title='bbox 1378 979 1434 1009; x_wconf 89' lang='lat' dir='ltr'>Sic</span> <span class='ocrx_word' id='word_1_339' title='bbox 1452 978 1566 1010; x_wconf 86' lang='lat' dir='ltr'>melio·</span> 
     </span>
     <span class='ocr_line' id='line_1_68' title="bbox 861 1028 1566 1069; baseline -0.001 -10"><span class='ocrx_word' id='word_1_340' title='bbox 861 1039 914 1059; x_wconf 86' lang='lat' dir='ltr'>res</span> <span class='ocrx_word' id='word_1_341' title='bbox 931 1029 1063 1069; x_wconf 79' lang='lat' dir='ltr'>scripti.</span> <span class='ocrx_word' id='word_1_342' title='bbox 1109 1028 1294 1067; x_wconf 66' lang='lat' dir='ltr'>Vulgatuin</span> <span class='ocrx_word' id='word_1_343' title='bbox 1309 1028 1493 1067; x_wconf 78' lang='lat' dir='ltr'>pra’fcrrent</span> <span class='ocrx_word' id='word_1_344' title='bbox 1509 1028 1566 1058; x_wconf 83' lang='lat' dir='ltr'>ad·</span> 
     </span>
     <span class='ocr_line' id='line_1_69' title="bbox 861 1078 1567 1118; baseline 0 -9"><span class='ocrx_word' id='word_1_345' title='bbox 861 1079 952 1109; x_wconf 84' lang='lat' dir='ltr'>mitti</span> <span class='ocrx_word' id='word_1_346' title='bbox 968 1088 1034 1109; x_wconf 91' lang='lat' dir='ltr'>non</span> <span class='ocrx_word' id='word_1_347' title='bbox 1050 1083 1178 1118; x_wconf 83' lang='lat' dir='ltr'>potest,</span> <span class='ocrx_word' id='word_1_348' title='bbox 1195 1087 1271 1107; x_wconf 90' lang='lat' dir='ltr'>cum</span> <span class='ocrx_word' id='word_1_349' title='bbox 1285 1078 1477 1117; x_wconf 76' lang='lat' dir='ltr'>praetulerim</span> <span class='ocrx_word' id='word_1_350' title='bbox 1489 1087 1567 1109; x_wconf 83' lang='lat' dir='ltr'>mox</span> 
     </span>
     <span class='ocr_line' id='line_1_70' title="bbox 861 1126 1567 1170; baseline -0.001 -11"><span class='ocrx_word' id='word_1_351' title='bbox 861 1134 1025 1170; x_wconf 81' lang='lat' dir='ltr'>sequatur</span> <span class='ocrx_word' id='word_1_352' title='bbox 1040 1140 1047 1159; x_wconf 89' lang='lat'>:</span> <span class='ocrx_word' id='word_1_353' title='bbox 1084 1128 1258 1168; x_wconf 70' lang='lat' dir='ltr'>pra’bcrent</span> <span class='ocrx_word' id='word_1_354' title='bbox 1291 1126 1438 1168; x_wconf 68' lang='lat' dir='ltr'>Gyraldi</span> <span class='ocrx_word' id='word_1_355' title='bbox 1469 1127 1567 1159; x_wconf 86' lang='lat' dir='ltr'>liber.</span> 
     </span>
     <span class='ocr_line' id='line_1_71' title="bbox 862 1177 1569 1219; baseline -0.004 -8"><span class='ocrx_word' id='word_1_356' title='bbox 862 1180 947 1211; x_wconf 86' lang='lat' dir='ltr'>Mox</span> <span class='ocrx_word' id='word_1_357' title='bbox 977 1179 1080 1210; x_wconf 89' lang='lat' dir='ltr'>iidem</span> <span class='ocrx_word' id='word_1_358' title='bbox 1108 1179 1229 1219; x_wconf 85' lang='lat' dir='ltr'>scripti</span> <span class='ocrx_word' id='word_1_359' title='bbox 1257 1178 1398 1217; x_wconf 87' lang='lat' dir='ltr'>rectius,</span> <span class='ocrx_word' id='word_1_360' title='bbox 1424 1177 1489 1208; x_wconf 73' lang='lat' dir='ltr'>His</span> <span class='ocrx_word' id='word_1_361' title='bbox 1512 1187 1569 1218; x_wconf 78' lang='lat' dir='ltr'>ego</span> 
     </span>
     <span class='ocr_line' id='line_1_72' title="bbox 862 1228 1336 1270; baseline -0.002 -10"><span class='ocrx_word' id='word_1_362' title='bbox 862 1239 929 1268; x_wconf 77' lang='lat' dir='ltr'>nec,</span> <span class='ocrx_word' id='word_1_363' title='bbox 947 1240 1047 1270; x_wconf 87' lang='lat' dir='ltr'>quam</span> <span class='ocrx_word' id='word_1_364' title='bbox 1063 1239 1133 1260; x_wconf 84' lang='lat' dir='ltr'>non.</span> <span class='ocrx_word' id='word_1_365' title='bbox 1158 1230 1202 1260; x_wconf 90' lang='lat' dir='ltr'>D.</span> <span class='ocrx_word' id='word_1_366' title='bbox 1216 1228 1336 1259; x_wconf 85' lang='lat' dir='ltr'>Heius.</span> 
     </span>
    </p>

    <p class='ocr_par' dir='ltr' id='par_1_18' title="bbox 864 1279 1575 1474">
     <span class='ocr_line' id='line_1_73' title="bbox 908 1279 1569 1320; baseline -0.002 -9"><span class='ocrx_word' id='word_1_367' title='bbox 908 1283 967 1311; x_wconf 71' lang='lat'>147</span> <span class='ocrx_word' id='word_1_368' title='bbox 993 1280 1107 1311; x_wconf 84' lang='lat' dir='ltr'>Decios</span> <span class='ocrx_word' id='word_1_369' title='bbox 1132 1280 1286 1320; x_wconf 79' lang='lat' dir='ltr'>pulchros,</span> <span class='ocrx_word' id='word_1_370' title='bbox 1316 1279 1384 1320; x_wconf 54' lang='lat' dir='ltr'>sxa]</span> <span class='ocrx_word' id='word_1_371' title='bbox 1440 1279 1569 1311; x_wconf 85' lang='lat' dir='ltr'>Lucan.</span> 
     </span>
     <span class='ocr_line' id='line_1_74' title="bbox 864 1329 1575 1363; baseline -0.004 0"><span class='ocrx_word' id='word_1_372' title='bbox 864 1332 886 1363; x_wconf 87' lang='grc' dir='ltr'>Ι.</span> <span class='ocrx_word' id='word_1_373' title='bbox 899 1340 965 1362; x_wconf 77' lang='lat' dir='ltr'>vn.</span> <span class='ocrx_word' id='word_1_374' title='bbox 989 1334 997 1348; x_wconf 92' lang='lat'>‘</span> <span class='ocrx_word' id='word_1_375' title='bbox 1010 1330 1176 1361; x_wconf 84' lang='lat' dir='ltr'>SiCurios</span> <span class='ocrx_word' id='word_1_376' title='bbox 1192 1329 1242 1360; x_wconf 88' lang='lat' dir='ltr'>his</span> <span class='ocrx_word' id='word_1_377' title='bbox 1252 1329 1323 1360; x_wconf 84' lang='lat' dir='ltr'>fata</span> <span class='ocrx_word' id='word_1_378' title='bbox 1337 1330 1459 1360; x_wconf 86' lang='lat' dir='ltr'>darent</span> <span class='ocrx_word' id='word_1_379' title='bbox 1472 1329 1575 1360; x_wconf 86' lang='lat' dir='ltr'>redu·</span> 
     </span>
     <span class='ocr_line' id='line_1_75' title="bbox 865 1379 1570 1422; baseline -0.004 -9"><span class='ocrx_word' id='word_1_380' title='bbox 865 1391 990 1422; x_wconf 77' lang='lat' dir='ltr'>cosque</span> <span class='ocrx_word' id='word_1_381' title='bbox 1016 1381 1175 1412; x_wconf 79' lang='lat' dir='ltr'>Camillos</span> <span class='ocrx_word' id='word_1_382' title='bbox 1201 1380 1436 1420; x_wconf 82' lang='lat' dir='ltr'>Temporibus,</span> <span class='ocrx_word' id='word_1_383' title='bbox 1464 1379 1570 1411; x_wconf 89' lang='lat' dir='ltr'>Deci-</span> 
     </span>
     <span class='ocr_line' id='line_1_76' title="bbox 866 1430 1410 1474; baseline -0.006 -11"><span class='ocrx_word' id='word_1_384' title='bbox 866 1442 968 1474; x_wconf 77' lang='lat' dir='ltr'>osque</span> <span class='ocrx_word' id='word_1_385' title='bbox 985 1436 1091 1472; x_wconf 89' lang='lat' dir='ltr'>caput</span> <span class='ocrx_word' id='word_1_386' title='bbox 1107 1430 1209 1461; x_wconf 78' lang='lat' dir='ltr'>fatale</span> <span class='ocrx_word' id='word_1_387' title='bbox 1225 1430 1410 1461; x_wconf 67' lang='lat' dir='ltr'>voventes!</span> 
     </span>
    </p>

    <p class='ocr_par' dir='ltr' id='par_1_19' title="bbox 866 1481 1572 1623">
     <span class='ocr_line' id='line_1_77' title="bbox 912 1481 1572 1521; baseline -0.003 -7"><span class='ocrx_word' id='word_1_388' title='bbox 912 1486 971 1514; x_wconf 84' lang='lat'>150</span> <span class='ocrx_word' id='word_1_389' title='bbox 1000 1482 1115 1513; x_wconf 78' lang='lat' dir='ltr'>Pieriis</span> <span class='ocrx_word' id='word_1_390' title='bbox 1129 1483 1243 1521; x_wconf 75' lang='lat' dir='ltr'>pollent</span> <span class='ocrx_word' id='word_1_391' title='bbox 1264 1481 1394 1521; x_wconf 75' lang='lat' dir='ltr'>studiis]</span> <span class='ocrx_word' id='word_1_392' title='bbox 1425 1481 1572 1512; x_wconf 88' lang='lat' dir='ltr'>Omnem</span> 
     </span>
     <span class='ocr_line' id='line_1_78' title="bbox 866 1531 1572 1571; baseline -0.003 -7"><span class='ocrx_word' id='word_1_393' title='bbox 866 1534 1125 1571; x_wconf 72' lang='lat' dir='ltr'>humanitatem,</span> <span class='ocrx_word' id='word_1_394' title='bbox 1142 1541 1274 1562; x_wconf 86' lang='lat' dir='ltr'>omnem</span> <span class='ocrx_word' id='word_1_395' title='bbox 1297 1531 1422 1571; x_wconf 77' lang='lat' dir='ltr'>ingenii</span> <span class='ocrx_word' id='word_1_396' title='bbox 1443 1532 1572 1563; x_wconf 85' lang='lat' dir='ltr'>cultum</span> 
     </span>
     <span class='ocr_line' id='line_1_79' title="bbox 867 1583 1172 1623; baseline -0.007 -9"><span class='ocrx_word' id='word_1_397' title='bbox 867 1584 1032 1623; x_wconf 76' lang='lat' dir='ltr'>intellige.</span> <span class='ocrx_word' id='word_1_398' title='bbox 1058 1583 1172 1613; x_wconf 76' lang='lat' dir='ltr'>Barth.</span> 
     </span>
    </p>

    <p class='ocr_par' dir='ltr' id='par_1_20' title="bbox 868 1631 1578 1969">
     <span class='ocr_line' id='line_1_80' title="bbox 913 1631 1574 1671; baseline -0.005 -7"><span class='ocrx_word' id='word_1_399' title='bbox 913 1636 970 1664; x_wconf 84' lang='lat'>151</span> <span class='ocrx_word' id='word_1_400' title='bbox 999 1632 1153 1669; x_wconf 66' lang='lat' dir='ltr'>Desidiis,</span> <span class='ocrx_word' id='word_1_401' title='bbox 1167 1632 1235 1671; x_wconf 50' lang='grc' dir='ltr'>ἔγω]</span> <span class='ocrx_word' id='word_1_402' title='bbox 1259 1631 1375 1661; x_wconf 72' lang='lat' dir='ltr'>Voluit</span> <span class='ocrx_word' id='word_1_403' title='bbox 1387 1640 1503 1662; x_wconf 89' lang='lat' dir='ltr'>omnes</span> <span class='ocrx_word' id='word_1_404' title='bbox 1517 1640 1574 1661; x_wconf 88' lang='lat' dir='ltr'>an-</span> 
     </span>
     <span class='ocr_line' id='line_1_81' title="bbox 868 1681 1576 1721; baseline -0.004 -6"><span class='ocrx_word' id='word_1_405' title='bbox 868 1695 921 1715; x_wconf 84' lang='lat' dir='ltr'>sas</span> <span class='ocrx_word' id='word_1_406' title='bbox 938 1688 974 1714; x_wconf 88' lang='lat' dir='ltr'>et</span> <span class='ocrx_word' id='word_1_407' title='bbox 1002 1684 1231 1713; x_wconf 82' lang='lat' dir='ltr'>instrumenta</span> <span class='ocrx_word' id='word_1_408' title='bbox 1256 1681 1369 1711; x_wconf 84' lang='lat' dir='ltr'>onmia</span> <span class='ocrx_word' id='word_1_409' title='bbox 1400 1681 1576 1721; x_wconf 65' lang='lat' dir='ltr'>nequitiae,</span> 
     </span>
     <span class='ocr_line' id='line_1_82' title="bbox 869 1732 1574 1775; baseline -0.004 -10"><span class='ocrx_word' id='word_1_410' title='bbox 869 1744 944 1775; x_wconf 85' lang='lat' dir='ltr'>quae</span> <span class='ocrx_word' id='word_1_411' title='bbox 958 1733 1088 1764; x_wconf 85' lang='lat' dir='ltr'>desidia</span> <span class='ocrx_word' id='word_1_412' title='bbox 1103 1732 1195 1772; x_wconf 90' lang='lat' dir='ltr'>parit</span> <span class='ocrx_word' id='word_1_413' title='bbox 1207 1742 1246 1763; x_wconf 88' lang='lat' dir='ltr'>ac</span> <span class='ocrx_word' id='word_1_414' title='bbox 1260 1732 1367 1769; x_wconf 79' lang='lat' dir='ltr'>fovet,</span> <span class='ocrx_word' id='word_1_415' title='bbox 1381 1732 1483 1761; x_wconf 79' lang='lat' dir='ltr'>semel</span> <span class='ocrx_word' id='word_1_416' title='bbox 1498 1740 1574 1771; x_wconf 87' lang='lat' dir='ltr'>pro-</span> 
     </span>
     <span class='ocr_line' id='line_1_83' title="bbox 871 1782 1578 1826; baseline -0.003 -11"><span class='ocrx_word' id='word_1_417' title='bbox 871 1785 983 1826; x_wconf 84' lang='lat' dir='ltr'>loqui3</span> <span class='ocrx_word' id='word_1_418' title='bbox 1008 1783 1199 1824; x_wconf 69' lang='lat' dir='ltr'>pra‘sertim</span> <span class='ocrx_word' id='word_1_419' title='bbox 1225 1783 1326 1813; x_wconf 87' lang='lat' dir='ltr'>variis</span> <span class='ocrx_word' id='word_1_420' title='bbox 1353 1783 1427 1823; x_wconf 84' lang='lat' dir='ltr'>ejus</span> <span class='ocrx_word' id='word_1_421' title='bbox 1449 1782 1578 1822; x_wconf 86' lang='lat' dir='ltr'>specie-</span> 
     </span>
     <span class='ocr_line' id='line_1_84' title="bbox 872 1832 1578 1875; baseline -0.004 -8"><span class='ocrx_word' id='word_1_422' title='bbox 872 1837 932 1867; x_wconf 88' lang='lat' dir='ltr'>bus</span> <span class='ocrx_word' id='word_1_423' title='bbox 950 1845 1024 1866; x_wconf 87' lang='lat' dir='ltr'>sese</span> <span class='ocrx_word' id='word_1_424' title='bbox 1042 1845 1083 1865; x_wconf 83' lang='lat' dir='ltr'>ex</span> <span class='ocrx_word' id='word_1_425' title='bbox 1108 1834 1282 1875; x_wconf 84' lang='lat' dir='ltr'>opulentia</span> <span class='ocrx_word' id='word_1_426' title='bbox 1306 1832 1578 1874; x_wconf 80' lang='lat' dir='ltr'>subjicientibus,</span> 
     </span>
     <span class='ocr_line' id='line_1_85' title="bbox 872 1883 1577 1929; baseline -0.003 -12"><span class='ocrx_word' id='word_1_427' title='bbox 872 1897 970 1929; x_wconf 85' lang='lat' dir='ltr'>quam</span> <span class='ocrx_word' id='word_1_428' title='bbox 1004 1886 1157 1917; x_wconf 86' lang='lat' dir='ltr'>celebrat</span> <span class='ocrx_word' id='word_1_429' title='bbox 1186 1885 1219 1914; x_wconf 92' lang='lat' dir='ltr'>iu</span> <span class='ocrx_word' id='word_1_430' title='bbox 1251 1884 1368 1915; x_wconf 89' lang='lat' dir='ltr'>iisdem</span> <span class='ocrx_word' id='word_1_431' title='bbox 1407 1883 1577 1915; x_wconf 82' lang='lat' dir='ltr'>heroibus.</span> 
     </span>
     <span class='ocr_line' id='line_1_86' title="bbox 873 1937 1576 1969; baseline -0.004 0"><span class='ocrx_word' id='word_1_432' title='bbox 873 1938 988 1969; x_wconf 84' lang='lat' dir='ltr'>Barth.</span> <span class='ocrx_word' id='word_1_433' title='bbox 1573 1937 1576 1941; x_wconf 86' lang='lat'>&#39;</span> 
     </span>
    </p>

    <p class='ocr_par' dir='ltr' id='par_1_21' title="bbox 875 1985 1582 2178">
     <span class='ocr_line' id='line_1_87' title="bbox 919 1985 1580 2027; baseline -0.006 -7"><span class='ocrx_word' id='word_1_434' title='bbox 919 1992 979 2020; x_wconf 78' lang='lat'>152</span> <span class='ocrx_word' id='word_1_435' title='bbox 1003 1988 1146 2019; x_wconf 80' lang='lat' dir='ltr'>Licentia</span> <span class='ocrx_word' id='word_1_436' title='bbox 1158 1987 1232 2018; x_wconf 73' lang='lat' dir='ltr'>vitae</span> <span class='ocrx_word' id='word_1_437' title='bbox 1244 1987 1386 2027; x_wconf 71' lang='lat' dir='ltr'>Abu-ipit]</span> <span class='ocrx_word' id='word_1_438' title='bbox 1412 1986 1496 2019; x_wconf 83' lang='lat' dir='ltr'>Quae</span> <span class='ocrx_word' id='word_1_439' title='bbox 1515 1985 1580 2017; x_wconf 86' lang='lat' dir='ltr'>vir-</span> 
     </span>
     <span class='ocr_line' id='line_1_88' title="bbox 875 2037 1580 2077; baseline -0.006 -7"><span class='ocrx_word' id='word_1_440' title='bbox 875 2045 927 2071; x_wconf 85' lang='lat' dir='ltr'>tus</span> <span class='ocrx_word' id='word_1_441' title='bbox 942 2049 1071 2070; x_wconf 86' lang='lat' dir='ltr'>summa</span> <span class='ocrx_word' id='word_1_442' title='bbox 1089 2043 1154 2069; x_wconf 85' lang='lat' dir='ltr'>est.</span> <span class='ocrx_word' id='word_1_443' title='bbox 1179 2037 1349 2068; x_wconf 86' lang='lat' dir='ltr'>Laudavit</span> <span class='ocrx_word' id='word_1_444' title='bbox 1362 2047 1466 2077; x_wconf 86' lang='lat' dir='ltr'>supra</span> <span class='ocrx_word' id='word_1_445' title='bbox 1476 2037 1508 2067; x_wconf 91' lang='lat' dir='ltr'>in</span> <span class='ocrx_word' id='word_1_446' title='bbox 1521 2046 1580 2077; x_wconf 86' lang='lat' dir='ltr'>pa·</span> 
     </span>
     <span class='ocr_line' id='line_1_89' title="bbox 875 2085 1582 2125; baseline -0.006 -4"><span class='ocrx_word' id='word_1_447' title='bbox 875 2095 946 2121; x_wconf 84' lang='lat' dir='ltr'>tre:</span> <span class='ocrx_word' id='word_1_448' title='bbox 971 2090 979 2105; x_wconf 77' lang='lat'>⁶</span> <span class='ocrx_word' id='word_1_449' title='bbox 996 2089 1093 2120; x_wconf 84' lang='lat' dir='ltr'>Mens</span> <span class='ocrx_word' id='word_1_450' title='bbox 1105 2085 1302 2118; x_wconf 81' lang='lat' dir='ltr'>circumflua</span> <span class='ocrx_word' id='word_1_451' title='bbox 1315 2088 1409 2125; x_wconf 87' lang='lat' dir='ltr'>luxu,</span> <span class='ocrx_word' id='word_1_452' title='bbox 1428 2088 1582 2117; x_wconf 88' lang='lat' dir='ltr'>Noverat</span> 
     </span>
     <span class='ocr_line' id='line_1_90' title="bbox 876 2137 1487 2178; baseline -0.007 -6"><span class='ocrx_word' id='word_1_453' title='bbox 876 2141 1041 2172; x_wconf 83' lang='lat' dir='ltr'>intactum</span> <span class='ocrx_word' id='word_1_454' title='bbox 1058 2138 1148 2169; x_wconf 80' lang='lat' dir='ltr'>vitiis</span> <span class='ocrx_word' id='word_1_455' title='bbox 1165 2147 1301 2169; x_wconf 83' lang='lat' dir='ltr'>servare</span> <span class='ocrx_word' id='word_1_456' title='bbox 1319 2137 1487 2178; x_wconf 83' lang='lat' dir='ltr'>rigorem.’</span> 
     </span>
    </p>

    <p class='ocr_par' dir='ltr' id='par_1_22' title="bbox 876 2189 1585 2535">
     <span class='ocr_line' id='line_1_91' title="bbox 921 2189 1581 2230; baseline -0.002 -8"><span class='ocrx_word' id='word_1_457' title='bbox 921 2194 981 2222; x_wconf 73' lang='lat'>153</span> <span class='ocrx_word' id='word_1_458' title='bbox 1006 2189 1148 2230; x_wconf 82' lang='lat' dir='ltr'>Abripit]</span> <span class='ocrx_word' id='word_1_459' title='bbox 1165 2191 1293 2230; x_wconf 82' lang='lat' dir='ltr'>Sequor</span> <span class='ocrx_word' id='word_1_460' title='bbox 1307 2189 1359 2220; x_wconf 86' lang='lat' dir='ltr'>liic</span> <span class='ocrx_word' id='word_1_461' title='bbox 1374 2189 1581 2221; x_wconf 83' lang='lat' dir='ltr'>Claverium.</span> 
     </span>
     <span class='ocr_line' id='line_1_92' title="bbox 876 2239 1582 2283; baseline -0.003 -10"><span class='ocrx_word' id='word_1_462' title='bbox 876 2243 989 2283; x_wconf 56' lang='lat' dir='ltr'>Vulgo</span> <span class='ocrx_word' id='word_1_463' title='bbox 1006 2242 1143 2282; x_wconf 82' lang='lat' dir='ltr'>Arripit.</span> <span class='ocrx_word' id='word_1_464' title='bbox 1168 2240 1266 2272; x_wconf 90' lang='lat' dir='ltr'>Idem</span> <span class='ocrx_word' id='word_1_465' title='bbox 1291 2241 1467 2272; x_wconf 89' lang='lat' dir='ltr'>Claverius</span> <span class='ocrx_word' id='word_1_466' title='bbox 1495 2239 1582 2272; x_wconf 87' lang='lat' dir='ltr'>bene</span> 
     </span>
     <span class='ocr_line' id='line_1_93' title="bbox 877 2290 1581 2332; baseline -0.003 -10"><span class='ocrx_word' id='word_1_467' title='bbox 877 2296 911 2323; x_wconf 82' lang='lat' dir='ltr'>ut</span> <span class='ocrx_word' id='word_1_468' title='bbox 930 2293 1061 2332; x_wconf 79' lang='lat' dir='ltr'>relaxet,</span> <span class='ocrx_word' id='word_1_469' title='bbox 1079 2300 1144 2321; x_wconf 89' lang='lat' dir='ltr'>uon</span> <span class='ocrx_word' id='word_1_470' title='bbox 1172 2294 1225 2321; x_wconf 85' lang='lat' dir='ltr'>aut</span> <span class='ocrx_word' id='word_1_471' title='bbox 1252 2292 1392 2321; x_wconf 79' lang='lat' dir='ltr'>relaxat.-</span> <span class='ocrx_word' id='word_1_472' title='bbox 1416 2290 1505 2321; x_wconf 86' lang='lat' dir='ltr'>haud</span> <span class='ocrx_word' id='word_1_473' title='bbox 1522 2290 1581 2321; x_wconf 88' lang='lat' dir='ltr'>du-</span> 
     </span>
     <span class='ocr_line' id='line_1_94' title="bbox 878 2341 1584 2380; baseline -0.004 -6"><span class='ocrx_word' id='word_1_474' title='bbox 878 2343 933 2374; x_wconf 86' lang='lat' dir='ltr'>bie</span> <span class='ocrx_word' id='word_1_475' title='bbox 949 2352 990 2373; x_wconf 78' lang='lat' dir='ltr'>ex</span> <span class='ocrx_word' id='word_1_476' title='bbox 1009 2343 1118 2373; x_wconf 79' lang='lat' dir='ltr'>veteri</span> <span class='ocrx_word' id='word_1_477' title='bbox 1134 2342 1228 2373; x_wconf 90' lang='lat' dir='ltr'>libro.</span> <span class='ocrx_word' id='word_1_478' title='bbox 1274 2342 1377 2373; x_wconf 82' lang='lat' dir='ltr'>Certe</span> <span class='ocrx_word' id='word_1_479' title='bbox 1394 2341 1584 2380; x_wconf 76' lang='lat' dir='ltr'>Palatinus,</span> 
     </span>
     <span class='ocr_line' id='line_1_95' title="bbox 878 2391 1582 2435; baseline -0.004 -11"><span class='ocrx_word' id='word_1_480' title='bbox 878 2404 977 2435; x_wconf 85' lang='lat' dir='ltr'>quein</span> <span class='ocrx_word' id='word_1_481' title='bbox 993 2392 1154 2424; x_wconf 85' lang='lat' dir='ltr'>Barthius</span> <span class='ocrx_word' id='word_1_482' title='bbox 1178 2392 1301 2432; x_wconf 90' lang='lat' dir='ltr'>ubique</span> <span class='ocrx_word' id='word_1_483' title='bbox 1317 2401 1412 2421; x_wconf 89' lang='lat' dir='ltr'>suum</span> <span class='ocrx_word' id='word_1_484' title='bbox 1429 2391 1582 2422; x_wconf 79' lang='lat' dir='ltr'>codicem</span> 
     </span>
     <span class='ocr_line' id='line_1_96' title="bbox 879 2442 1585 2485; baseline -0.004 -10"><span class='ocrx_word' id='word_1_485' title='bbox 879 2444 1042 2485; x_wconf 84' lang='lat' dir='ltr'>appellat,</span> <span class='ocrx_word' id='word_1_486' title='bbox 1060 2443 1176 2474; x_wconf 86' lang='lat' dir='ltr'>nescio</span> <span class='ocrx_word' id='word_1_487' title='bbox 1190 2442 1358 2483; x_wconf 80' lang='lat' dir='ltr'>quojure,</span> <span class='ocrx_word' id='word_1_488' title='bbox 1383 2447 1415 2473; x_wconf 82' lang='lat' dir='ltr'>ut</span> <span class='ocrx_word' id='word_1_489' title='bbox 1441 2444 1585 2473; x_wconf 79' lang='lat' dir='ltr'>relaxat:</span> 
     </span>
     <span class='ocr_line' id='line_1_97' title="bbox 879 2492 1387 2535; baseline -0.006 -11"><span class='ocrx_word' id='word_1_490' title='bbox 879 2494 1032 2535; x_wconf 77' lang='lat' dir='ltr'>proxime</span> <span class='ocrx_word' id='word_1_491' title='bbox 1050 2503 1181 2524; x_wconf 87' lang='lat' dir='ltr'>verum.</span> <span class='ocrx_word' id='word_1_492' title='bbox 1212 2493 1257 2523; x_wconf 84' lang='lat' dir='ltr'>D.</span> <span class='ocrx_word' id='word_1_493' title='bbox 1276 2492 1387 2523; x_wconf 75' lang='lat' dir='ltr'>Heius.</span> 
     </span>
    </p>

    <p class='ocr_par' dir='ltr' id='par_1_23' title="bbox 880 2540 1586 2729">
     <span class='ocr_line' id='line_1_98' title="bbox 921 2540 1582 2583; baseline -0.009 -7"><span class='ocrx_word' id='word_1_494' title='bbox 921 2545 988 2576; x_wconf 80' lang='lat' dir='ltr'>Aut</span> <span class='ocrx_word' id='word_1_495' title='bbox 1014 2554 1113 2575; x_wconf 83' lang='lat' dir='ltr'>mores</span> <span class='ocrx_word' id='word_1_496' title='bbox 1135 2542 1273 2583; x_wconf 81' lang='lat' dir='ltr'>relaxat]</span> <span class='ocrx_word' id='word_1_497' title='bbox 1306 2543 1471 2572; x_wconf 78' lang='lat' dir='ltr'>Ordinem</span> <span class='ocrx_word' id='word_1_498' title='bbox 1503 2540 1582 2571; x_wconf 80' lang='lat' dir='ltr'>vitae</span> 
     </span>
     <span class='ocr_line' id='line_1_99' title="bbox 880 2591 1584 2636; baseline -0.01 -10"><span class='ocrx_word' id='word_1_499' title='bbox 880 2595 922 2626; x_wconf 90' lang='lat' dir='ltr'>ad</span> <span class='ocrx_word' id='word_1_500' title='bbox 938 2595 1140 2636; x_wconf 77' lang='lat' dir='ltr'>sapientiam</span> <span class='ocrx_word' id='word_1_501' title='bbox 1165 2594 1378 2633; x_wconf 65' lang='lat' dir='ltr'>compositae,</span> <span class='ocrx_word' id='word_1_502' title='bbox 1404 2601 1463 2622; x_wconf 89' lang='lat' dir='ltr'>seu</span> <span class='ocrx_word' id='word_1_503' title='bbox 1481 2591 1584 2623; x_wconf 87' lang='lat' dir='ltr'>vitam</span> 
     </span>
     <span class='ocr_line' id='line_1_100' title="bbox 880 2640 1586 2688; baseline -0.008 -10"><span class='ocrx_word' id='word_1_504' title='bbox 880 2647 923 2678; x_wconf 88' lang='lat' dir='ltr'>ad</span> <span class='ocrx_word' id='word_1_505' title='bbox 955 2651 1130 2688; x_wconf 68' lang='lat' dir='ltr'>praecepta</span> <span class='ocrx_word' id='word_1_506' title='bbox 1157 2645 1321 2675; x_wconf 79' lang='lat' dir='ltr'>virtutum</span> <span class='ocrx_word' id='word_1_507' title='bbox 1352 2640 1586 2680; x_wconf 83' lang='lat' dir='ltr'>compositam.</span> 
     </span>
     <span class='ocr_line' id='line_1_101' title="bbox 881 2698 999 2729; baseline -0.008 0"><span class='ocrx_word' id='word_1_508' title='bbox 881 2698 999 2729; x_wconf 81' lang='lat' dir='ltr'>Barth.</span> 
     </span>
    </p>

    <p class='ocr_par' dir='ltr' id='par_1_24' title="bbox 927 2741 1586 2786">
     <span class='ocr_line' id='line_1_102' title="bbox 927 2741 1586 2786; baseline -0.005 -8"><span class='ocrx_word' id='word_1_509' title='bbox 927 2751 988 2778; x_wconf 82' lang='lat'>155</span> <span class='ocrx_word' id='word_1_510' title='bbox 1014 2746 1113 2786; x_wconf 79' lang='lat' dir='ltr'>Ignea</span> <span class='ocrx_word' id='word_1_511' title='bbox 1131 2743 1294 2783; x_wconf 75' lang='lat' dir='ltr'>juventus]</span> <span class='ocrx_word' id='word_1_512' title='bbox 1338 2742 1510 2782; x_wconf 85' lang='lat' dir='ltr'>Impetum</span> <span class='ocrx_word' id='word_1_513' title='bbox 1536 2741 1586 2775; x_wconf 84' lang='lat' dir='ltr'>ef·</span> 
     </span>
    </p>
   </div>
  </div>
 </body>
</html>
