1851 3213
235 208 349 252 1420

466 219 613 250 NOTAE
643 219 913 250 VARIORUM
954 220 1005 250 IN
1040 219 1113 250 CL.
1146 219 1326 250 CLAUD.
1361 218 1492 250 XVII.

888 470 1055 512 XVII.

303 619 405 666 DE
446 618 699 667 MALLII
747 616 1141 665 THEODORI
1189 615 1638 665 CONSULATU-

279 757 494 798 Panegyrz'cus
514 759 547 789 in
574 759 775 789 Consulatum
793 758 842 788 ΓΙ.
862 757 946 787 Μαῖ-

234 806 271 838 ῖὶἱ
291 808 459 848 Theodori]
494 809 550 839 Ita
576 809 777 839 concinnavi
807 809 945 839 titulum

235 866 277 887 ex
294 859 404 888 veteri
429 868 595 888 marmore
620 859 709 898 apud
728 858 945 898 Onuphrium

235 907 432 938 Panuinum
449 909 482 938 in
501 909 623 940 Fastis.
647 909 744 939 Basis
760 920 767 939 :

314 967 502 990 DEnchTA
531 969 566 990 Vl
593 968 675 991 mus
699 968 866 991 NOVEMB.

285 1017 384 1041 coxs.
422 1019 475 1041 FL.
514 1019 653 1041 MALLto
688 1019 889 1042 ‘sueonouo

538 1070 573 1094 v.
597 1071 629 1092 c.

235 1109 423 1149 Perperam
442 1111 547 1151 igitur
572 1112 605 1141 in
633 1111 835 1142 membranis
852 1113 945 1143 Man-

235 1160 297 1191 lius
313 1167 466 1193 vocatur.
507 1162 700 1193 Oiselianus
728 1163 856 1193 codex:
892 1164 945 1194 In-

234 1210 312 1250 cipit
331 1211 543 1252 Panegyricus
567 1213 672 1243 dictus
698 1212 854 1243 Theodoro
876 1223 944 1243 con—

238 1261 311 1291 suli.
343 1262 386 1292 D.
401 1261 521 1292 Heius.

290 1312 580 1352 Eruditissimum,
618 1313 944 1354 eloquentissimum,

236 1365 439 1403 tantumque
455 1372 521 1393 non
535 1363 687 1394 divinum
704 1364 794 1395 hunc
811 1365 947 1405 librum,

235 1413 390 1444 humanm
408 1415 586 1454 sapientiae
603 1417 767 1456 mysteria
790 1427 946 1458 magnam

235 1469 369 1504 partem
396 1464 619 1505 indicantem,
655 1466 683 1497 si
714 1475 874 1499 enarrare
905 1478 946 1499 ex

236 1515 359 1545 merito
376 1516 472 1555 velis,
490 1516 636 1548 Graeciae
663 1518 821 1559 Latiique
846 1529 948 1560 peue-

237 1566 338 1596 tralia
352 1568 466 1598 omnia
490 1577 630 1599 neccsse
647 1568 713 1600 erit
729 1574 766 1600 ut
783 1570 945 1602 excutias.

238 1617 357 1649 Barth.

281 1671 298 1699 1
334 1668 408 1708 Ipsa
436 1669 557 1709 quidem
587 1671 686 1701 virius
711 1673 849 1711 pretinm
870 1673 946 1713 sibi]

237 1718 377 1758 Quippe
393 1719 530 1751 virtutis
555 1723 736 1762 possessio,
752 1733 882 1754 summa
897 1723 946 1754 fe-

235 1768 359 1801 licitas.
404 1770 564 1801 Felicitas
603 1772 757 1804 absoluta
784 1783 851 1804 non
879 1779 944 1813 est,

235 1818 302 1849 nisi
329 1829 404 1860 quae
429 1821 540 1851 omnia
564 1822 597 1852 in
628 1832 663 1853 se
692 1823 803 1854 habet.
842 1825 943 1856 Unde

237 1874 339 1901 extra
354 1871 514 1902 virtutem
534 1871 658 1902 bonum
674 1875 813 1906 nullum.
844 1875 944 1906 Unde

237 1926 356 1951 natum
380 1921 456 1959 hoc,
480 1922 588 1962 ipsam
614 1923 662 1953 sui
688 1934 761 1955 esse
786 1926 944 1965 pretium.

237 1970 369 2002 Seneca
384 1972 494 2012 Epist.
513 1981 637 2005 Lxxxl.
653 1975 662 1991 ‘
680 1975 854 2006 Virtutum
879 1987 947 2007 om-

236 2020 329 2052 nium
344 2022 490 2062 pretium
506 2023 537 2053 in
556 2025 639 2064 ipsis
657 2030 720 2057 est.
766 2027 844 2057 Non
857 2028 946 2058 enim

237 2078 443 2104 exercentur
460 2074 501 2104 ad
519 2076 718 2115 praemium:
746 2082 838 2108 recte
865 2077 947 2109 facti

235 2132 367 2155 merces
393 2129 445 2156 est
466 2124 615 2157 fecisse.'
655 2127 785 2158 Eodem
811 2134 947 2168 spectat

236 2174 321 2205 illud
337 2175 474 2206 Plauti:
502 2177 511 2193 ‘
531 2177 644 2207 omnia
666 2178 697 2207 ei
718 2178 841 2209 adsunt
860 2179 946 2210 bona

238 2224 349 2257 Quem
369 2235 473 2265 penes
488 2232 540 2258 est
558 2227 690 2258 virtus!

283 2275 356 2315 Ipsa
383 2277 516 2316 quidem,
542 2278 613 2318 Qu]
648 2279 736 2311 Haec
754 2280 944 2321 Panegyris

238 2326 388 2357 recitata
409 2331 461 2357 est
489 2337 576 2358 anno
604 2332 679 2361 399.
718 2332 886 2371 Eutropio
910 2336 946 2363 et

237 2377 417 2408 Theodoro
436 2378 529 2409 Coss.
554 2380 612 2410 sed
640 2382 798 2422 Eutropii
822 2393 946 2414 nomen

239 2436 374 2458 erasum
397 2432 461 2467 est,
482 2428 575 2465 μόνᾱυ
595 2431 750 2471 Θεοδώρου
769 2433 946 2473 γεγραμμέ-

238 2489 301 2509 νου.
325 2478 404 2524 ἶῖιήῐ
416 2483 530 2509 autem
545 2480 594 2524 yir
611 2481 666 2511 ille
681 2482 713 2512 in
730 2483 945 2524 philosophia

237 2527 385 2558 maxime
409 2534 574 2568 versatus,
590 2532 693 2571 etqui
709 2532 945 2566 Geometriam

239 2583 275 2609 et
293 2578 533 2618 Astrologiam,
558 2584 596 2610 ut
618 2581 666 2611 ait
690 2582 812 2622 Poeta,
834 2586 947 2617 colue-

238 2629 306 2667 rit3
345 2629 405 2660 sed
437 2629 538 2660 rebus
576 2632 716 2671 agendis
743 2635 852 2666 miuus
879 2635 946 2668 fuit

239 2680 394 2720 idoneus,
411 2685 447 2711 ut
461 2680 530 2711 fere
547 2682 598 2713 fit.
630 2684 751 2717 elaver.

285 2731 431 2761 Pretium
446 2731 521 2772 sibi]
545 2733 659 2764 Causa
682 2736 734 2766 sui
759 2739 947 2778 appetendi

239 2781 386 2825 ipsamet
400 2783 477 2825 sibi,
492 2784 584 2815 nullo
606 2784 668 2816 snb
684 2788 837 2828 praemio,
853 2789 946 2820 nulla

1000 760 1145 787 externa
1160 755 1418 795 commoditate,
1428 755 1544 786 fructu
1558 754 1623 786 alio
1636 754 1711 786 nul-

998 807 1044 837 lo.
1082 806 1199 837 Barth.

1042 861 1062 888 2
1086 858 1235 888 Fortunae
1247 857 1370 898 secura]
1400 857 1440 887 In
1458 856 1605 887 animum
1619 856 1709 887 enim

998 908 1127 939 virtute
1145 907 1372 948 compositum
1396 907 1523 938 nullum
1547 907 1605 947 jus
1626 907 1710 937 For-

999 963 1100 989 tunae.
1138 958 1185 989 Et
1216 958 1264 988 sic
1291 957 1457 988 Manlium
1482 958 1572 989 hunc
1597 958 1710 998 ipsum

998 1009 1160 1039 Fortunae
1181 1007 1384 1039 domitorem
1403 1013 1504 1040 vocat
1519 1009 1560 1041 B.
1577 1008 1712 1049 Augus-

999 1061 1103 1092 tinus,
1158 1059 1357 1091 Ausonius:
1392 1060 1531 1093 ‘Judex
1560 1061 1633 1102 ipse
1660 1060 1712 1091 sui

998 1115 1107 1141 totum
1125 1121 1160 1141 se
1178 1112 1338 1151 explorat
1364 1111 1406 1142 ad
1423 1121 1570 1152 unguem
1585 1122 1593 1150 3
1619 1110 1710 1144 Quid

997 1160 1180 1201 Prooeres,
1207 1161 1350 1202 vanique
1373 1161 1465 1192 ferat
1490 1162 1571 1203 quid
1594 1161 1711 1203 opinio

999 1213 1102 1252 vulgi,
1115 1212 1286 1243 Securus!

1043 1262 1193 1293 fascibus
1214 1262 1300 1301 ullis]
1325 1263 1475 1293 Fastibus
1491 1263 1589 1294 multi
1605 1263 1712 1304 scrip-

998 1314 1024 1345 ti
1040 1324 1046 1343 :
1074 1312 1204 1343 dictum
1225 1312 1304 1343 alibi
1320 1323 1327 1343 :
1358 1323 1421 1353 pro
1440 1313 1579 1353 vulgata
1595 1318 1711 1344 tamen

999 1366 1173 1405 scriptura
1223 1368 1292 1395 stat
1338 1365 1466 1405 primus
1504 1365 1708 1396 Vaticanus.

998 1418 1083 1448 Mox
1113 1418 1194 1448 viret
1227 1427 1289 1458 pro
1321 1417 1403 1448 nitet
1431 1417 1648 1448 Florentinus
1676 1417 1712 1449 S.

998 1470 1132 1500 Marci:
1159 1473 1325 1506 venuste;
1347 1474 1385 1499 ut
1401 1468 1590 1499 indicamus
1605 1468 1666 1500 lib.
1684 1477 1710 1501 1.

1000 1519 1042 1550 de
1070 1521 1171 1560 Rapt.
1198 1529 1244 1550 vs.
1273 1522 1348 1550 236.
1366 1523 1402 1550 et
1426 1522 1523 1550 tumet
1542 1528 1604 1559 pro
1629 1519 1711 1559 petit

999 1571 1156 1612 sequenti
1171 1580 1271 1601 versu
1289 1570 1508 1600 Pricaeanus:
1527 1569 1628 1601 etiam
1642 1570 1712 1600 elc-

999 1627 1132 1661 ganter.
1149 1621 1219 1654 vid.
1246 1621 1337 1653 bello
1365 1620 1457 1653 Gild.
1483 1631 1533 1652 vs.
1555 1624 1630 1654 330.
1663 1621 1710 1654 D.

999 1673 1114 1703 Heius.
1537 1696 1541 1702 .

1042 1724 1192 1756 Fascibus
1218 1724 1307 1764 ullis]
1334 1724 1413 1755 Ullo
1441 1724 1579 1755 omnino
1603 1724 1710 1756 hono-

999 1782 1071 1803 rum
1086 1783 1222 1813 genere.
1268 1773 1504 1804 Ambitionem
1525 1773 1636 1806 animo
1657 1785 1708 1806 sa-

998 1824 1122 1864 pientis
1140 1824 1274 1854 omnino
1291 1824 1456 1856 excludit.
1488 1825 1606 1857 Barth.

1043 1877 1061 1905 3
1086 1874 1253 1914 Erigitur]
1277 1874 1319 1905 In
1337 1876 1580 1916 arrogantiam.
1625 1877 1710 1908 For-

1001 1929 1116 1956 tunam
1129 1930 1187 1956 aut
1201 1934 1378 1956 successus
1389 1925 1448 1956 vix
1460 1925 1631 1966 optabiles
1643 1936 1709 1958 non

1001 1975 1130 2006 debere
1160 1976 1326 2006 extollere
1363 1976 1512 2007 animum
1543 1977 1710 2018 sapientis

1002 2026 1155 2057 sciscunt
1194 2026 1298 2058 docti.
1357 2026 1485 2066 Livius,
1522 2027 1582 2059 lib.
1620 2037 1707 2060 xxv.

1001 2077 1009 2092 ‘
1029 2076 1123 2107 Nihil
1139 2077 1172 2106 in
1198 2087 1402 2118 quemquam
1418 2077 1566 2117 superbe
1579 2088 1618 2110 ac
1641 2079 1711 2110 vio-

1002 2127 1114 2157 lenter
1131 2128 1310 2158 consulere
1326 2127 1442 2168 decet,
1461 2137 1525 2158 nec
1545 2129 1710 2169 praesenti

1002 2177 1144 2209 credere
1174 2178 1348 2216 Fortunae,
1377 2187 1453 2209 cum
1478 2177 1560 2219 quid
1585 2188 1708 2219 vesper

1001 2227 1104 2259 vehat
1131 2228 1297 2258 incertum
1325 2227 1380 2258 sit.
1427 2227 1462 2258 Is
1489 2227 1626 2259 demum
1656 2228 1709 2259 vir

1000 2279 1080 2319 erit,
1093 2278 1190 2318 cujus
1203 2279 1350 2309 animum
1364 2287 1428 2308 nec
1442 2287 1609 2318 prospera
1622 2276 1708 2310 flatu

1000 2339 1060 2360 suo
1077 2328 1214 2368 efferat,
1230 2339 1294 2360 nec
1315 2329 1459 2360 adversa
1472 2327 1665 2369 infringat!-

1043 2380 1199 2411 Plausut‘e
1220 2380 1302 2420 petit
1325 2380 1490 2410 clarescere
1515 2379 1618 2420 vulgi]
1657 2381 1707 2413 Ut

999 2439 1090 2460 aurae
1121 2430 1293 2470 popularis
1323 2433 1531 2469 captatores.
1589 2430 1707 2463 Vanus

1000 2479 1130 2510 animus
1144 2489 1224 2509 aura
1235 2482 1354 2518 eaptus
1366 2478 1500 2519 frivola,
1515 2480 1607 2519 Vulgi
1619 2491 1707 2514 man.

998 2530 1128 2570 cipium,
1139 2529 1228 2569 apud
1239 2528 1707 2569 Phaedrumfflabmxxxvui.

1001 2580 1117 2610 Barth.

1041 2640 1062 2668 4
1088 2637 1167 2677 Opis
1189 2640 1327 2667 (κτίσητε
1351 2638 1492 2678 cupiens]
1521 2639 1608 2671 Cum
1631 2641 1703 2683 opi-

1000 2688 1063 2718 bus
1078 2688 1165 2718 enim
1176 2688 1395 2728 subsidiisque,
1409 2689 1500 2730 vulgi
1514 2690 1703 2733 Idolis‚pa-

1000 2748 1073 2769 rum
1104 2738 1224 2768 virtuti
1261 2739 1470 2779 commercii,
1507 2741 1572 2772 nisi
1598 2746 1638 2774 ut
1666 2743 1706 2776 iis

1000 2792 1120 2820 utatur
1135 2788 1276 2819 aliorum
1292 2789 1532 2823 emolumento.
1562 2793 1661 2827 Idem.
