1851 3213
271 178 386 221 1456

273 285 364 316 mine
380 288 462 325 apto
479 283 742 325 glossographus
756 282 977 323 μορμολυκεῖον

273 336 438 377 appellat.
462 336 606 375 Dempst.

319 387 428 418 Toedia
441 387 566 427 mensis]
583 385 638 416 Ob
650 384 897 424 turpitudinem
908 382 976 414 fas-

272 437 432 469 tidiosam
451 436 588 473 eluviei,
613 445 712 475 quam
737 433 866 474 affingit
884 434 976 473 turpi

272 491 446 525 monstr03
484 486 525 516 ad
554 486 652 526 cujus
680 485 807 515 cariem
838 484 976 515 taedium

272 537 480 568 obnascatur
494 537 684 576 epularum.
709 535 824 566 Barth.

313 590 374 619 125
402 585 686 625 Crimenfumulis]
721 586 868 616 Tantam
883 594 976 616 mon-

271 638 336 669 stri
363 638 412 669 ait
436 636 683 677 turpitudinem
705 635 824 675 fuisse,
851 642 888 667 ut
912 637 976 667 toti

270 687 410 719 familia!
437 688 508 728 ejus
539 686 750 718 cohabitatio
781 686 888 717 fuerit
913 696 975 727 pro

270 738 468 779 opprobrio.

313 788 557 819 Procedentibus
567 787 669 827 omen]
694 787 791 817 Omen
805 790 918 816 autem
929 786 976 816 le-

269 839 442 870 vissimum
459 838 547 868 inter
568 841 731 878 portenta
756 846 867 867 rerum
885 835 976 867 futu-

269 898 396 928 rarum,
424 892 459 920 et
483 888 513 919 ei
541 887 703 919 effectum
729 887 901 917 minimum
918 886 976 916 ad-

269 939 475 972 scribebant.
520 939 656 970 Veteris
679 943 795 969 autom
816 937 977 978 insipien-

269 991 325 1021 tiae
343 990 376 1021 in
393 990 573 1022 Ominibus
591 990 676 1020 mira
692 998 828 1029 semper
843 987 908 1018 fuit
924 997 977 1018 su-

270 1041 441 1082 perstitio.
465 1041 554 1072 Vide
581 1041 651 1072 late
675 1041 715 1071 B.
734 1039 976 1079 Augustiuum,

267 1091 386 1132 lib.‚11.
404 1091 447 1122 de
463 1091 634 1122 Doctrina
651 1090 857 1125 Christiana,-
878 1098 906 1118 c-
923 1090 976 1119 20.

268 1142 399 1173 Eadem
415 1142 555 1182 auspicia
571 1145 673 1171 vocat
688 1140 808 1179 virgil.
824 1148 881 1169 111.
907 1139 978 1169 [En.

268 1193 422 1234 auguria,
439 1202 479 1224 11.
495 1196 525 1223 7.
550 1192 694 1222 Plinius.
731 1190 843 1221 Omen
861 1197 977 1220 autem

267 1243 395 1274 dictum
413 1243 506 1273 velut
523 1250 675 1279 oremen,
691 1240 781 1281 quod
807 1240 903 1280 quasi
919 1249 976 1271 ore

266 1293 444 1333 augurium
456 1291 528 1328 fiat.
540 1295 578 1322 ut
592 1295 692 1321 notat
705 1291 839 1321 Festus.
856 1290 975 1320 Barth.

310 1343 554 1374 Procedentibus
579 1341 682 1381 omen]
724 1342 835 1372 Vetus
861 1341 976 1381 opinio

267 1394 371 1425 etiarn
397 1393 520 1431 doctis,
544 1403 611 1423 non
634 1396 767 1423 tantum
791 1392 891 1431 vulgo
917 1402 975 1432 ap-

266 1445 427 1485 probata,
452 1453 597 1475 occursu
623 1442 796 1483 aethiopis‚
818 1443 874 1473 vel
891 1443 975 1473 alte-

266 1495 336 1526 rius
367 1493 542 1534 deformis,
573 1495 642 1525 iter
672 1494 847 1534 inceptum
877 1493 974 1524 reddi

265 1544 446 1576 infaustum
461 1557 468 1577 :
494 1549 615 1575 contra
632 1543 722 1585 quod
736 1543 876 1575 disserit
892 1544 976 1574 Bro-

267 1596 373 1636 daeus,
396 1595 456 1627 lib.
473 1604 523 1626 lv.
538 1595 687 1626 Miscell.
704 1604 780 1635 cap.
798 1597 826 1625 1.
844 1604 887 1625 ex
905 1594 975 1634 Ap-

267 1645 368 1686 piano
383 1650 418 1676 et
436 1646 600 1686 Luciano,
614 1655 757 1686 quorum
772 1644 879 1675 verba
895 1644 973 1674 inde

267 1702 358 1736 pete.
386 1696 528 1735 Dempst.

313 1747 375 1776 126
401 1745 563 1775 Exhausto
587 1747 731 1785 caperent
754 1745 787 1775 in
802 1744 912 1784 stipite
928 1745 974 1774 [ιι-

267 1795 328 1836 cri]
373 1794 692 1834 Quomodocunque
741 1794 790 1825 uti
840 1793 974 1824 informi

267 1849 419 1876 monstro
437 1844 577 1882 vellent,
602 1844 665 1882 ait,
690 1845 781 1874 nulla
806 1845 872 1874 erit
895 1844 975 1884 ipsis

267 1894 439 1935 speranda
454 1904 496 1924 ex
513 1903 552 1924 eo
568 1894 711 1934 utilitas,
737 1904 803 1925 uon
819 1904 918 1925 secus
936 1903 975 1924 ac

268 1945 295 1976 si
313 1945 385 1986 quis
408 1954 548 1975 succum
573 1945 764 1985 exprimere
788 1945 909 1976 tendat
932 1944 976 1975 de

267 1995 363 2026 arido
401 1994 545 2036 quodam
585 1999 622 2026 et
659 1994 806 2026 deformi
844 1995 974 2035 stipite.

267 2046 384 2077 Barth.

312 2098 351 2127 In
367 2096 474 2136 stipite
490 2096 582 2136 lucri]
611 2096 739 2136 Scripti
756 2096 853 2127 multi
869 2096 901 2127 in
915 2107 978 2128 ces-

264 2148 341 2188 pite.
387 2148 480 2187 Lego
497 2158 511 2178 e
526 2147 645 2187 stipite.
670 2148 714 2178 D.
732 2148 852 2178 Heius.

313 2200 373 2228 127
398 2197 545 2228 Sternere
557 2197 779 2238 quippetoros]
801 2198 976 2228 Thalamo-

270 2257 343 2277 rum
381 2257 462 2278 cura
498 2258 539 2277 ex
575 2247 685 2279 officio
722 2245 976 2288 Eunuchbrum‚

268 2297 359 2328 unde
376 2308 497 2329 nomen
515 2299 629 2329 etiam.

316 2348 441 2378 Ccedere
456 2348 542 2385 ligna
558 2348 683 2388 culinoe]
708 2350 753 2380 Et
768 2349 833 2380 hoc
847 2359 888 2379 ex
904 2349 973 2380 offi-

268 2397 329 2428 ciis
352 2398 695 2429 contemtibilioribus
723 2399 766 2429 ad
792 2399 974 2430 Eunuchos

269 2453 342 2479 tum
358 2448 547 2488 spectabat.
571 2448 688 2478 Bar-tlt.

314 2501 377 2529 13⁰
402 2497 525 2537 Funus]
550 2498 716 2529 Cadaver.
729 2499 974 2537 Manilius‚lib.

269 2557 320 2580 lv.
344 2550 353 2566 ‘
372 2549 417 2579 Et
441 2549 532 2588 rapit
559 2558 577 2578 e
604 2554 742 2589 sceptro
769 2548 869 2580 funus
895 2550 974 2581 For-

269 2603 354 2629 tuna
369 2597 540 2638 superbo.’
565 2599 663 2629 Idem.

314 2652 375 2680 131
404 2648 567 2688 Umbram]
592 2649 720 2679 Malum
738 2650 896 2689 Genium,
912 2651 974 2681 Ca—

270 2699 516 2730 codaemonem.
561 2699 659 2730 Tales
685 2698 839 2730 domibus
869 2700 973 2730 certis

270 2749 382 2782 inesse
411 2749 622 2790 putabantur
651 2754 769 2791 certae,
800 2749 975 2781 notissimo

485 188 628 218 NOTAE
664 185 929 218 VARIORUM
963 185 1016 216 ΙΝ
1049 185 1125 216 CL.
1157 186 1342 217 GLAUD.
1375 187 1521 217 xvlll.

1030 281 1188 320 exemplo
1206 280 1238 310 in
1255 279 1420 320 Epistolis
1437 279 1551 311 Plinii.
1577 281 1677 312 Idem.

1072 333 1134 361 132
1160 331 1324 362 Contemlu
1343 332 1415 369 jum
1440 331 1518 362 liber
1544 331 1628 371 erat]
1665 332 1736 363 Ne-

1028 382 1118 412 mine
1136 383 1332 413 vindicante
1345 383 1546 413 dominium.

1074 433 1204 463 obesum
1228 433 1324 464 Lacte
1347 432 1468 472 canem]
1506 433 1598 464 Dum
1624 433 1737 464 teneri

1028 488 1107 514 sunt
1124 493 1223 514 canes
1240 494 1326 524 pane
1355 489 1390 514 et
1418 484 1508 514 lacte
1536 484 1660 514 nutriri
1678 483 1737 514 bu·

1027 533 1107 564 bulo
1122 534 1291 575 praecepit
1317 535 1575 572 Constantinus,
1601 534 1737 574 Geopo-

1026 586 1127 617 nicon
1157 587 1216 617 lib.
1241 595 1318 618 xrx.
1365 586 1543 616 Claudiani
1567 585 1739 617 sententia

1027 643 1093 675 est,
1111 638 1188 668 dum
1208 638 1299 669 utilis
1324 638 1432 674 canis,
1457 637 1551 677 pasci
1577 647 1652 667 eum
1671 637 1737 667 lar-

1029 689 1118 727 giter
1133 699 1152 718 a
1165 693 1302 728 pastore
1316 698 1323 725 ;
1349 688 1502 717 inutilem
1513 687 1587 726 jam
1601 691 1635 717 et
1650 695 1738 717 mor-

1027 739 1158 776 bosum,
1184 748 1245 778 pro
1263 738 1429 768 cadavere
1447 738 1586 777 expelli,
1612 742 1647 768 et
1663 737 1736 767 vin-

1028 789 1152 828 culum,
1168 798 1235 829 quo
1249 787 1415 818 custodiae
1430 788 1589 827 alligatus
1602 793 1689 825 erat,
1702 787 1736 817 in

1027 838 1122 868 lucro
1151 838 1276 878 putari,
1305 838 1383 868 dum
1410 837 1509 868 alteri
1534 838 1737 878 applicatur.

1028 889 1146 920 Barth.

1073 942 1135 970 136
1160 940 1298 971 Demisit
1327 939 1466 970 sordibus
1486 939 1592 980 aures]
1627 939 1736 971 Manu

1029 990 1161 1021 exarati
1189 990 1333 1022 maxima
1360 1000 1402 1021 ex
1419 996 1529 1031 parte,
1544 991 1655 1029 dejecit
1669 1000 1736 1022 sor-

1028 1042 1140 1072 didus.-
1166 1042 1296 1082 probe3
1321 1043 1473 1084 quamvis
1500 1044 1675 1084 vulgatum
1692 1053 1736 1074 ex

1030 1091 1176 1122 Horatio
1202 1097 1339 1123 tueatur
1365 1093 1563 1124 Claverius:
1598 1097 1738 1133 poterat

1029 1145 1065 1171 et
1089 1151 1132 1171 ex
1158 1142 1317 1179 Marone,
1335 1143 1392 1182 qui
1414 1143 1599 1174 ‘demissas
1627 1142 1739 1174 aures’

1028 1190 1062 1220 in
1075 1191 1254 1230 Georgicis
1272 1192 1332 1222 dat
1347 1202 1433 1232 equo
1450 1193 1645 1232 aegrotanti.
1679 1193 1738 1224 Sic

1029 1239 1120 1270 bello
1138 1241 1219 1272 Get.
1242 1241 1250 1256 ⁴
1269 1242 1375 1272 Frons
1394 1242 1529 1281 dejecta
1544 1242 1641 1272 malis
1654 1241 1675 1272 :’
1700 1247 1737 1274 et

1029 1298 1077 1321 vl.
1093 1290 1195 1321 Cons.
1219 1291 1349 1322 Honor.
1373 1292 1381 1308 ‘
1396 1296 1599 1331 prospectat
1615 1296 1736 1323 euntes

1029 1341 1179 1381 Dejecta
1193 1342 1330 1372 cervice
1356 1341 1487 1373 Getas!
1509 1341 1631 1382 Virgil.
1657 1342 1736 1374 AEn.

1027 1401 1085 1422 111.
1109 1393 1118 1409 ‘
1132 1393 1269 1433 Dejecit
1285 1393 1429 1431 vultum,
1442 1396 1477 1423 et
1493 1392 1640 1423 demissa
1651 1402 1738 1424 voce

1027 1442 1142 1473 locuta
1158 1443 1232 1475 est!
1258 1444 1332 1474 Lib.
1346 1453 1395 1474 VI.
1418 1444 1427 1460 ‘
1444 1442 1512 1474 Sed
1538 1442 1629 1474 frons
1654 1443 1739 1474 laeta

1026 1503 1147 1533 parum
1173 1499 1208 1524 et
1225 1493 1363 1534 dejecto
1385 1493 1512 1527 lumina
1527 1493 1624 1525 vultu
1641 1493 1661 1525 :’
1687 1498 1738 1525 at·

1027 1553 1091 1584 que
1109 1543 1158 1575 ita
1173 1543 1374 1585 frequenter
1390 1544 1503 1575 Naso:
1530 1544 1621 1585 apud
1637 1543 1731 1585 Apu-

1026 1594 1129 1625 leium
1147 1595 1179 1625 in
1197 1594 1365 1635 Apologia
1380 1606 1387 1625 :
1411 1594 1420 1611 ‘
1437 1593 1520 1625 feris
1536 1598 1572 1626 et
1595 1594 1736 1635 pecudi-

1027 1645 1089 1675 bus
1106 1655 1142 1676 os
1155 1645 1281 1676 humile
1299 1649 1333 1676 et
1346 1645 1387 1676 ad
1405 1645 1511 1686 pedes
1528 1644 1701 1685 dejectum
1717 1645 1737 1676 ε’

1025 1696 1115 1736 apud
1133 1696 1278 1727 eundem
1295 1696 1354 1727 lib.
1368 1705 1425 1726 111.
1443 1696 1530 1726 Met.
1552 1695 1621 1729 ‘Et
1633 1705 1739 1736 quan-

1027 1756 1126 1786 quam
1143 1746 1256 1785 capite
1274 1746 1316 1776 ad
1335 1751 1475 1782 terram,
1497 1745 1564 1775 imo
1582 1745 1624 1775 ad
1642 1745 1735 1786 ipsos

1026 1794 1162 1826 Inferos
1188 1795 1263 1835 jam
1280 1795 1416 1836 dejecto
1434 1795 1637 1825 incedebam
1654 1794 1675 1825 ι’
1700 1799 1736 1827 et

1027 1851 1166 1885 postea;
1192 1846 1200 1862 ‘
1215 1845 1364 1885 Dejecto
1381 1849 1416 1876 et
1429 1846 1602 1886 quassanti
1620 1846 1736 1886 capite

1026 1896 1060 1926 in
1093 1895 1263 1926 stabulum
1295 1895 1446 1925 concedo
1461 1895 1482 1925 :’
1520 1905 1611 1935 mox,
1643 1896 1736 1937 quod

1028 1945 1200 1986 praecipue
1229 1945 1271 1976 ad
1300 1955 1371 1975 rem
1399 1944 1498 1985 facit,
1514 1945 1557 1976 de
1584 1955 1672 1986 equo
1700 1950 1738 1977 et

1026 1996 1140 2027 asino:
1181 1998 1189 2013 ‘
1206 1996 1255 2026 Ut
1297 2005 1351 2026 me
1394 1997 1567 2036 praesepio
1615 1996 1736 2027 videre

1027 2047 1291 2086 proximantem,
1323 2046 1468 2086 dejectis
1499 2046 1635 2078 auribus
1660 2047 1735 2088 jam

1026 2096 1191 2136 furentes,
1216 2096 1350 2127 infestis
1379 2097 1530 2127 calcibus
1553 2097 1735 2138 insequun-

1027 2147 1105 2178 tur.'
1149 2147 1227 2178 Hoc
1249 2147 1258 2163 ‘
1277 2146 1431 2177 remulsis
1461 2146 1611 2177 auribus’
1645 2146 1736 2177 idem

1027 2198 1114 2229 libro
1132 2207 1198 2229 vn.
1221 2197 1307 2228 dixit
1333 2198 1409 2228 loco
1439 2206 1578 2237 prorsus
1608 2197 1733 2228 simili:

1026 2249 1035 2265 ‘
1052 2249 1136 2278 alius
1152 2248 1284 2279 hinnitu
1313 2248 1462 2288 maligno
1492 2247 1733 2286 comminatus,⁴

1027 2299 1183 2329 remulsis
1201 2298 1335 2329 auribus
1352 2298 1572 2338 dentiumque
1589 2297 1735 2328 canden-

1027 2349 1111 2379 tium
1130 2349 1301 2379 renudatis
1317 2348 1422 2379 hastis
1439 2353 1551 2379 totum
1577 2357 1631 2378 me
1647 2357 1736 2378 com-

1026 2399 1220 2431 morsicat2’
1245 2399 1293 2430 sic
1320 2399 1441 2438 scripti
1470 2407 1586 2429 omnes
1617 2404 1652 2428 et
1669 2398 1736 2438 pri-

1025 2461 1089 2481 mae
1108 2450 1277 2481 editiones
1290 2453 1499 2487 constanter,
1513 2458 1580 2478 non
1595 2449 1736 2480 remissis

1025 2500 1176 2531 auribus:
1215 2499 1356 2540 optime.
1399 2498 1622 2529 Lactantius:
1660 2501 1669 2516 ‘
1687 2500 1734 2531 Et

1026 2555 1139 2581 tamen
1167 2550 1320 2581 videmus
1345 2550 1378 2579 in
1399 2549 1473 2580 aliis
1502 2550 1732 2582 animantibus

1027 2600 1182 2641 quaedam
1200 2601 1295 2639 signa
1311 2600 1458 2638 laetitiae,
1472 2609 1547 2630 cum
1565 2600 1609 2630 ad
1622 2600 1731 2632 lusum

1026 2651 1187 2690 gestiunt,
1227 2660 1324 2682 aures
1365 2650 1575 2690 demulcent,
1607 2651 1732 2682 rictum

1027 2702 1245 2740 contrahunt,
1265 2700 1415 2732 frontem
1432 2700 1616 2733 serenant.'
1663 2700 1734 2732 Ubi

1026 2752 1130 2784 etiam
1144 2753 1312 2783 remulcent
1337 2761 1462 2783 censeo
1483 2751 1666 2792 legendum
1681 2760 1734 2783 es·
