1789 3223
891 421 1084 468 XLIV.

645 630 780 688 CL.
832 627 1068 686 CLAU
1077 628 1171 684 DI
1181 625 1339 682 ANI

370 813 1597 918 EIDYLLIA.

750 1210 794 1250 1.
845 1184 885 1250 P
907 1207 955 1250 H
977 1207 1039 1251 OE
1061 1206 1107 1249 N
1128 1207 1152 1250 1
1175 1207 1242 1250 X.

807 1315 1167 1349 ARGUMENTUM.

295 1401 466 1431 Pnoexici
484 1407 559 1439 quae
575 1397 667 1438 regio
682 1396 877 1433 habitetur3
893 1404 968 1435 quae
987 1394 1055 1424 sint
1070 1394 1142 1435 ejus
1156 1396 1290 1434 natura,
1302 1392 1475 1433 alimenta,
1488 1390 1720 1433 pulchritudo,

261 1461 363 1492 mors,
379 1449 559 1490 cunabula,
577 1448 773 1487 comitatus,
789 1450 825 1477 et
842 1446 907 1477 alia
923 1454 1073 1476 munera.

261 1627 352 1686 Oc
362 1655 476 1685 EANi
502 1655 670 1685 summo
692 1641 973 1684 circumfluus
996 1654 1174 1695 aequore
1193 1642 1320 1683 lucus

261 1712 405 1753 Trans
425 1710 558 1752 Indos
579 1710 831 1764 Eurumque
848 1709 970 1758 viret,
992 1709 1068 1762 qui
1093 1708 1260 1763 primus
1281 1708 1449 1750 anhelis

307 1835 402 1876 Sylva
430 1834 614 1873 circumfusa
641 1835 728 1875 aquis
752 1834 884 1866 extremi
913 1835 1029 1866 Oceani
1051 1835 1177 1867 virescit
1201 1836 1287 1867 ultra
1314 1834 1409 1866 Indos
1433 1837 1464 1867 et
1496 1834 1626 1876 Eumm,
1651 1843 1719 1876 qua·

872 1931 1106 1943 eeeeeeeeeee

307 1996 349 2026 In
365 1995 456 2026 Med.
474 2005 523 2035 pr.
537 1995 753 2026 desideratur
768 1995 831 2026 hoc
847 2004 995 2026 carmen.
1029 1996 1166 2027 Phoenix
1178 1996 1376 2027 inscribitur
1392 1994 1426 2025 in
1450 1994 1582 2025 Bonon.
1600 1996 1637 2024 et
1652 1993 1719 2023 Lu-

265 2048 357 2070 cens.
371 2047 422 2078 pr.
451 2038 484 2068 in
497 2038 576 2069 Vat.
592 2048 643 2078 pr.
669 2042 704 2069 et
725 2038 851 2069 Moret.
867 2047 918 2078 pr.
944 2042 1030 2077 erat,
1046 2039 1165 2079 Incipit
1181 2039 1326 2070 Phoenix.
1344 2039 1411 2069 inc.
1430 2037 1551 2068 Heins.
1573 2037 1611 2067 de
1626 2035 1718 2066 Plue-

263 2080 352 2117 nice5
375 2081 452 2111 Var.
470 2081 537 2110 LL.
563 2091 581 2111 e
609 2090 711 2121 marg.
736 2081 851 2111 Parm.
885 2081 922 2111 de
940 2081 1086 2112 Phoenioe
1100 2092 1155 2113 ave
1170 2082 1373 2113 inscribunt.
1405 2081 1441 2111 in
1464 2080 1626 2111 Put.nou
1642 2082 1717 2109 erat

263 2122 452 2163 inscriptio.
485 2122 644 2153 Heinsius
668 2123 721 2153 hic
749 2123 832 2154 duos
859 2132 963 2154 novos
989 2124 1142 2155 adhibuit
1166 2125 1317 2164 codices,
1343 2125 1487 2155 alterum
1510 2122 1718 2153 Vaticanum

266 2165 412 2196 chartac.
427 2175 458 2195 n.
475 2167 570 2196 5346.
585 2176 684 2206 quem
702 2165 801 2196 litera
820 2166 847 2195 Α
864 2171 1063 2206 notaverat3
1090 2168 1234 2199 alterum
1260 2167 1487 2199 Bibliothecae
1510 2163 1721 2203 Hafniensis,

266 2206 383 2239 itidem
399 2207 625 2246 chartaceum,
637 2209 735 2239 litera
752 2209 780 2239 B
800 2208 842 2239 ab
860 2209 934 2249 ipso
946 2214 1113 2241 notatum.

311 2253 327 2280 1
351 2251 434 2281 lucus
449 2251 501 2281 vel
518 2251 613 2281 Nilus
631 2250 750 2282 Ambr.
765 2255 883 2292 pr.-2
906 2253 988 2282 volat
1005 2261 1066 2292 pro
1081 2252 1162 2283 viret
1178 2252 1258 2284 Vat.
1274 2256 1353 2284 tert.
1367 2261 1413 2282 m.
1430 2260 1484 2291 pr.
1506 2248 1624 2280 hanelis
1636 2248 1718 2280 Var.

917 2338 947 2369 N
954 2338 1060 2371 OTAE

307 2398 487 2430 SeAmGER
502 2399 566 2430 hoc
582 2409 666 2440 opus
679 2410 739 2441 pro
761 2402 962 2434 luculentis-ri—
1014 2403 1139 2434 aucta.’
1160 2402 1311 2434 Tacitus.
1352 2400 1423 2432 Alii
1443 2400 1475 2431 in
1489 2398 1652 2440 AEgypto,
1663 2397 1720 2429 alii

267 2460 315 2481 mo
331 2450 490 2481 Poematia
508 2451 691 2490 reputavit.
1014 2452 1049 2483 in
1066 2451 1226 2493 Assyria3
1250 2452 1283 2482 hi
1299 2451 1333 2482 in
1350 2450 1490 2488 Arabia,
1505 2449 1554 2480 illi
1568 2448 1602 2478 in
1618 2446 1720 2479 India

311 2500 469 2541 Eidytlia]
516 2500 674 2541 Εῖδύλλια,
702 2502 753 2532 vel
789 2502 915 2543 Idyma,
943 2514 962 2534 a
1014 2502 1142 2542 degere
1172 2506 1348 2533 asserunt:
1381 2510 1509 2540 omnes,
1532 2509 1608 2530 cum
1631 2498 1719 2529 hanc

266 2559 350 2582 voce
382 2548 469 2590 εἶδος,
496 2551 620 2591 ερεαέε,
647 2556 723 2583 sunt
746 2561 850 2592 parva
875 2553 961 2584 Poe·
1015 2562 1112 2584 avem
1127 2553 1330 2593 depingunt,
1347 2556 1413 2582 tam
1432 2559 1549 2591 parum
1561 2548 1625 2580 sibi
1639 2557 1720 2580 con-

265 2604 370 2640 mata,
398 2611 472 2642 quae
501 2610 620 2631 novam
647 2611 778 2642 semper
801 2603 962 2644 speciem,
1016 2607 1121 2643 stant,
1149 2613 1190 2634 ea
1219 2608 1256 2633 ut
1286 2602 1442 2632 fabulosa
1470 2604 1504 2631 et
1533 2597 1719 2630 Poetarum

265 2660 388 2682 novum
403 2656 638 2692 argumentum
654 2655 814 2682 tractant.
1018 2653 1156 2693 propria
1172 2662 1246 2683 esse
1262 2651 1431 2682 videatur.

309 2701 463 2741 Phoenix]
518 2702 604 2733 Haec
636 2702 707 2733 avis
739 2702 960 2733 describitur:
1060 2705 1080 2733 2
1104 2702 1242 2742 Eurum]
1264 2703 1412 2733 Ventum
1429 2700 1551 2739 Eoum,
1564 2707 1624 2730 seu
1638 2705 1718 2729 ven-

267 2750 310 2782 de
325 2761 391 2793 qua
412 2752 520 2783 multa
542 2753 552 2770 ‘
568 2752 713 2794 incerta,
741 2756 777 2784 et
803 2751 964 2785 fabulosis
1020 2756 1090 2784 tum
1105 2753 1146 2785 ab
1164 2754 1310 2785 Oriente
1323 2751 1473 2785 flantem.
