1852 3182
538 228 601 257 DE
636 229 700 257 IV·
733 227 868 258 coNS.
904 228 1091 258 HONOR.

86 331 181 363 qum,
205 322 258 353 vel
275 322 420 354 Ovidius
446 321 553 360 testis,
570 321 626 362 qui
645 321 789 352 verbera

87 377 122 402 et
147 372 301 403 stimulos
330 373 417 403 ultra
443 371 580 401 modum
604 382 645 402 ex
667 372 788 402 dolore

87 422 268 453 saevientes
285 432 351 453 non
367 422 574 452 obliteravit.
600 423 716 452 Barth.

128 475 171 503 68
211 473 438 512 concentusque
460 471 538 511 poli]
570 471 788 502 Harmoniam

86 522 201 553 muudi
226 523 361 554 laeserat
385 522 521 552 vesania
548 522 788 553 Phaethontis.

87 572 169 602 Eam
198 572 350 602 restituit
371 571 522 611 Jupiter,
548 572 644 611 pulso
672 581 789 612 puero.

89 621 144 652 De
162 621 350 652 Harmonia
365 621 495 652 coelesti
523 627 604 652 uota
621 631 789 652 commcn-

87 677 135 710 ta‚
163 671 354 701 verisimilia
377 672 524 712 quidem,
547 672 790 713 I’ythagoraeo-

87 729 159 751 rum
176 725 212 751 et
228 720 495 752 Platonicorum.
530 722 626 754 laem.

141 771 320 811 Cur-rusque
355 772 469 812 recepit
507 772 692 812 Imperium]
737 772 792 803 Ita

86 829 161 851 cnm
175 820 344 861 Isingrino
356 822 628 862 Raphelengius:
646 822 793 862 probant

87 871 289 902 vetustiores
318 873 446 903 nostri:
476 873 589 912 vulgo,
621 882 793 912 rursusque.

85 920 182 952 Vidit
191 926 225 952 et
235 931 349 952 veram
360 922 564 962 scripturam
574 923 664 953 curis
676 932 795 954 serun-

88 971 138 1002 dis
156 971 329 1003 Barthius.
365 973 452 1004 Mox
472 973 595 1004 deiude
611 975 746 1004 traditus
760 978 795 1005 et

86 1026 239 1061 serratus,
263 1031 330 1053 non
358 1024 495 1054 traditur
511 1030 545 1055 et
568 1029 732 1055 servatur:
757 1025 794 1055 ii-

87 1072 176 1103 dem.
219 1072 301 1103 Mox
316 1073 455 1113 irrupere
470 1084 536 1104 non
552 1084 679 1115 erupere
695 1076 793 1115 prim.

86 1122 182 1152 Med.
211 1131 280 1153 sec.
297 1123 411 1154 Vatic.
436 1128 471 1154 et
496 1125 607 1155 Palat.
630 1129 667 1155 ut
691 1124 788 1155 alibi:

85 1173 94 1188 ‘
119 1171 199 1202 Non
231 1171 258 1202 si
285 1171 430 1211 perfidia
455 1174 549 1205 nacti
575 1175 794 1206 memorabile

87 1225 221 1260 tempus
238 1220 401 1261 Irrupere
419 1223 544 1255 Getae.’
567 1225 610 1256 D.
628 1225 740 1257 Heins.

129 1273 171 1302 69
197 1271 349 1303 Traditur
362 1272 410 1304 ini
429 1274 642 1315 Servaturque
666 1275 794 1315 Oriens]

88 1322 165 1353 Uno
181 1323 273 1354 velut
291 1327 444 1364 tempore
460 1331 623 1365 acceptus
637 1331 672 1357 et
689 1327 795 1357 vindi-

89 1377 186 1403 catus
212 1372 320 1404 Saluti
335 1375 546 1416 Quietique:
573 1376 620 1407 illi
636 1377 794 1408 ad'l'lico-

88 1423 217 1454 dosium
234 1429 380 1464 spectat.
426 1425 652 1457 Occidentem
680 1433 793 1458 autem

88 1483 199 1514 neque
213 1474 350 1505 tradere
363 1475 477 1515 potuit
487 1476 672 1508 Gratianus
685 1478 795 1508 Theo-

90 1524 195 1563 dosio,
220 1533 332 1565 neque
357 1525 422 1556 iste
448 1535 489 1556 ex
519 1524 611 1557 facili
636 1533 793 1567 pacatum

89 1574 284 1614 suscipere3
311 1579 407 1605 tanta
430 1576 536 1606 moles
554 1577 716 1608 bellorum
737 1587 794 1608 uu-

91 1624 204 1664 dique,
220 1623 351 1655 duobus
369 1626 546 1666 praecipue
564 1627 720 1666 ducibus,
747 1629 793 1658 in-

90 1674 244 1715 gruebat.
287 1675 402 1706 Solum
417 1677 595 1708 Orientem
608 1679 795 1719 regendum

88 1724 277 1756 Theodosio
309 1726 511 1757 Gratianum
555 1728 688 1759 dedisse
713 1730 794 1760 scri-

92 1775 177 1806 bunt
194 1780 351 1807 auctores
376 1786 442 1807 non
467 1779 579 1818 pauci.
625 1778 666 1810 Id
690 1785 725 1811 et
749 1781 796 1820 ip-

91 1835 161 1856 sum
178 1826 243 1857 huc
258 1825 354 1858 facit.
379 1827 494 1859 Barth.

135 1878 176 1906 70
199 1876 244 1907 At
259 1886 317 1907 non
329 1887 404 1917 pars
419 1879 517 1909 altera
533 1889 638 1910 rerum
650 1880 796 1920 Tradita]

93 1926 267 1957 Occidens
282 1927 417 1958 minime
435 1928 592 1967 traditus,
615 1934 653 1960 ut
681 1931 737 1970 qui
764 1931 796 1960 iu

93 1970 265 2016 potestate
283 1986 348 2007 non
371 1982 445 2008 erat
461 1978 629 2010 Gratiani.
664 1979 797 2011 Tradere

92 2027 156 2057 hoc
169 2026 242 2057 loco
255 2026 362 2057 levem
378 2028 632 2059 translationem
645 2029 799 2070 denotat,

93 2076 186 2106 nullo
214 2077 414 2117 accipientis
442 2078 572 2116 labore,
600 2088 636 2109 re
663 2080 797 2111 scilicet

92 2127 164 2157 solo
181 2125 322 2158 duorum
339 2128 512 2159 hominum
540 2139 704 2161 consensu
721 2140 797 2172 pcr-

94 2182 182 2208 acta.
208 2177 308 2208 Idem.

137 2228 220 2259 Pars
235 2229 351 2268 altera]
377 2229 561 2261 Occidens.

137 2281 177 2310 71
202 2279 264 2310 Bis
284 2280 437 2320 possessa]
477 2281 619 2312 Duobus
646 2283 799 2323 tyrannis

94 2329 236 2366 eversis,
262 2339 350 2371 eque
366 2340 466 2361 manu
493 2341 608 2363 eorum
627 2333 800 2365 vindicata

95 2378 300 2418 Republica.

139 2429 255 2469 Manu]
271 2430 315 2460 vi
331 2435 473 2463 armata.
498 2433 614 2463 Manus
626 2434 728 2474 enim,
743 2443 801 2474 po-

97 2481 267 2518 testatem,
282 2479 511 2522 effectumque
528 2483 575 2513 rei
593 2484 747 2515 denotat.

139 2530 180 2560 73
204 2529 300 2561 Hunc
320 2541 403 2562 saeva
418 2532 590 2564 Britannia
607 2533 715 2574 fudit]
740 2534 800 2566 Di-

98 2587 197 2610 versa
212 2579 254 2611 de
270 2580 335 2612 hoc
355 2581 490 2614 homine
508 2583 653 2624 judicia.
691 2585 802 2616 Maxi-

98 2637 185 2667 mus,
199 2629 250 2659 vir
266 2631 400 2671 quidem
427 2638 583 2665 strenuus
606 2639 641 2665 et
664 2635 802 2676 probus,

99 2683 204 2719 atque
230 2679 386 2722 Augusto
415 2684 550 2725 dignus,
582 2686 646 2716 nisi
682 2691 803 2717 contra

99 2728 310 2760 sacramenti
337 2730 439 2763 fidem
466 2743 526 2773 per
542 2735 753 2775 tyrannidem
769 2745 802 2766 e-

100 2778 288 2821 mersisset,
303 2780 336 2812 in
350 2781 528 2815 Britannia
538 2784 664 2816 invitus
679 2794 802 2826 prope-

1430 224 1542 265 1327

842 321 976 352 modum
1005 322 1047 352 ab
1070 322 1224 352 exercitu
1250 322 1434 363 imperator
1451 337 1542 358 croa-

842 376 906 402 tus.
950 371 1134 402 Subdolum
1150 372 1332 411 homiuem,
1347 375 1439 413 pacis
1454 377 1544 407 invo-

842 421 938 452 lucro
975 422 1107 453 Bellum
1136 426 1324 461 tegentem,
1349 423 1477 455 indicat
1502 427 1544 457 B.

842 470 1055 511 Ambrosius,
1070 471 1180 512 Epist.
1194 481 1266 503 ινι.
1311 472 1363 503 Ex
1380 474 1477 513 cujus
1493 484 1546 505 ea—

842 519 919 550 dem
937 526 971 552 et
988 531 1141 552 sermone
1157 522 1300 553 hominis
1313 522 1408 562 inibi,
1424 524 1549 564 iugeni-

842 581 896 601 um
911 571 985 611 ejus
1001 582 1140 603 noscere
1159 574 1277 613 possis,

885 620 975 651 δίει-(ι
1001 621 1188 663 Britannia]
1226 623 1413 656 Immauior
1431 626 1549 668 ntique

843 670 1002 700 Romanis
1016 672 1173 703 moribus.
1198 674 1314 705 Barth.

885 720 975 752 Saeva
990 721 1175 763 Britannia]
1212 725 1339 756 Nescio
1371 736 1437 767 quo
1464 726 1549 768 fato,

844 774 903 801 aut
917 780 983 811 qna
999 772 1130 803 ratione
1147 774 1246 814 liujus
1272 776 1335 806 aevi
1364 777 1549 818 scriptores

845 825 880 852 et
896 821 952 851 alii
971 822 1158 854 Britanniae
1182 824 1378 858 adscribant
1400 830 1548 860 natalem

845 879 912 901 non
936 871 1035 901 modo
1060 872 1291 913 Constantini,
1310 876 1365 916 qni
1382 877 1550 918 Bithynus

846 919 923 959 fuit,
947 920 1004 951 sed
1033 926 1067 952 et
1097 923 1239 954 Maximi
1270 926 1417 965 tyranni.
1460 928 1549 958 Sane

847 971 1033 1002 Maximum
1053 971 1139 1003 fudit
1155 974 1347 1014 Britannia,
1358 986 1459 1016 (μιιιῐη
1472 977 1550 1008 inde

847 1021 1037 1052 exercitum
1067 1022 1242 1062 educeret,
1264 1034 1329 1055 non
1361 1027 1465 1057 etiam
1497 1037 1552 1067 ge-

847 1069 942 1100 nuit:
967 1079 1077 1111 neque
1103 1072 1167 1101 alia
1191 1073 1232 1103 de
1258 1083 1360 1105 causa
1377 1075 1463 1106 (lixit
1480 1077 1550 1106 Au-

846 1121 959 1150 sonius
992 1121 1185 1161 Rutupinum
1227 1124 1385 1156 latronem.
1445 1126 1550 1157 Vides

846 1169 927 1210 quid
950 1174 1071 1210 peccet
1093 1171 1200 1202 lector
1216 1172 1324 1204 minus
1344 1174 1554 1216 intelligens,

846 1224 882 1250 et
900 1226 1063 1260 quantum
1079 1222 1285 1262 praejudicet
1299 1224 1392 1255 bonis
1407 1226 1554 1256 anctori-

846 1269 906 1300 bus
934 1276 1036 1311 atque
1054 1272 1201 1303 historiae
1219 1274 1282 1313 ipsi
1300 1275 1352 1305 vel
1371 1276 1469 1307 unica
1487 1286 1552 1308 vox

845 1320 931 1350 male
950 1326 1104 1361 accepta.
1131 1322 1209 1353 Fuit
1226 1332 1309 1363 ergo
1322 1323 1497 1364 Hispanus
1515 1330 1552 1356 ut

846 1370 974 1411 liquido
992 1377 1125 1404 constat
1144 1382 1186 1403 ex
1211 1374 1365 1406 oratione
1382 1376 1552 1415 Drepanii

847 1421 1074 1461 Prot-ominis,
1091 1423 1146 1463 qui
1163 1423 1332 1455 hominem
1354 1426 1435 1456 satis
1454 1435 1552 1457 nove-

847 1476 920 1502 rat:
952 1472 1000 1503 sic
1024 1473 1114 1504 enim
1143 1474 1184 1504 ad
1200 1474 1447 1506 Theodosium:
1473 1477 1481 1493 ‘
1498 1476 1550 1507 An

845 1521 1012 1552 sustinere
1026 1526 1059 1553 te
1072 1532 1197 1562 coram,
1210 1529 1245 1555 et
1257 1526 1361 1556 solum
1375 1527 1552 1557 oculorum

846 1575 981 1601 tuorum
992 1571 1082 1603 ferre
1096 1573 1302 1613 conjectum,
1316 1574 1369 1606 ille
1382 1575 1551 1616 quondam

847 1621 965 1652 domus
981 1627 1047 1652 tuan
1063 1623 1373 1662 negligentissimus
1388 1625 1551 1665 vernula‚’

847 1674 910 1703 Sc.
936 1671 969 1702 Is
988 1681 1067 1702 vero
1081 1682 1157 1703 cum
1172 1673 1383 1705 dominorum
1402 1675 1554 1716 benigni-

849 1726 920 1752 tate
944 1721 985 1751 ad
1006 1721 1168 1762 quosdam
1186 1723 1310 1763 gradus
1327 1724 1458 1756 militiae
1479 1735 1555 1765 per-

848 1771 1010 1811 venisset,
1038 1772 1218 1812 splendore
1249 1773 1426 1805 adscititio
1456 1784 1491 1806 se
1519 1776 1553 1807 in

848 1826 977 1852 tantum
991 1822 1138 1861 exeruit,
1152 1829 1188 1853 ut
1199 1823 1328 1855 Gallias
1343 1834 1361 1855 e
1374 1825 1554 1857 Britannia

848 1872 1227 1911 ingressus,Tlieodosii
1246 1873 1379 1906 affinem
1404 1886 1439 1907 se
1463 1876 1553 1907 dice·
1603 1892 1605 1895 ·

849 1926 914 1961 ret,
931 1932 997 1962 quo
1013 1927 1102 1953 esset
1128 1924 1339 1956 nostratibus
1366 1926 1553 1967 acceptior.

852 1973 1023 2004 Cluverius.

893 2033 933 2061 74
949 2031 1122 2062 Germanus
1133 2031 1218 2072 exul]
1229 2032 1443 2075 Arbogastes
1454 2036 1556 2067 Fran-

851 2090 921 2119 cus,
938 2082 1033 2121 cnjus
1057 2083 1240 2115 notissimae
1270 2095 1323 2116 res
1340 2093 1376 2117 et
1399 2087 1555 2127 superius

851 2134 974 2174 partim
990 2135 1167 2165 recensitae
1185 2140 1274 2166 sunt.
1295 2137 1485 2168 Germanum
1500 2147 1558 2169 vo-

851 2183 1024 2223 cat,quod
1043 2184 1104 2214 toti
1130 2185 1254 2216 mundo
1280 2191 1360 2217 tunc
1385 2191 1555 2218 contesta-

852 2233 1013 2263 tissimum
1031 2233 1179 2264 Francos
1193 2244 1258 2265 non
1276 2236 1337 2266 nisi
1356 2236 1556 2278 Germanos,

853 2283 1034 2314 Germanis
1064 2285 1237 2325 oriundos,
1270 2287 1412 2327 populos
1439 2286 1554 2319 fuisse.

852 2333 968 2363 Barth.

897 2383 1084 2424 Germanus]
1108 2384 1329 2426 Arbogastes.

895 2434 1077 2474 famulum]
1112 2437 1321 2476 Eugenium:
1353 2438 1428 2469 vide
1459 2438 1558 2469 Paul.

854 2484 1023 2523 Orosium,
1044 2487 1099 2517 lib.
1115 2487 1178 2517 ult.
1223 2488 1342 2519 Delrio.

899 2536 1076 2577 Famulum]
1101 2538 1268 2568 Clientem
1288 2543 1387 2569 vocat
1403 2537 1555 2568 versibus

854 2586 953 2617 modo
972 2588 1102 2626 positis.
1140 2587 1228 2618 Vide
1245 2589 1432 2626 Socratem,
1448 2587 1502 2617 lib.
1521 2595 1553 2617 v.

853 2639 906 2667 24.
951 2637 1066 2669 Barth.

896 2690 936 2718 75
962 2687 1107 2728 Domini]
1133 2688 1336 2718 Gratianum
1367 2691 1402 2717 ct
1428 2686 1553 2716 Valen-

854 2737 1021 2768 tinianum
1039 2739 1109 2778 ejus
1126 2737 1266 2767 fratrem
1284 2736 1428 2775 optimos
1441 2735 1553 2776 Impp.

852 2787 1017 2828 intellige.
1061 2788 1149 2818 Sane
1166 2787 1350 2818 Gratianus
1363 2784 1493 2817 nefarie
1509 2784 1555 2818 ab
