1851 3213
284 188 400 230 1424

289 304 366 336 quae
383 291 545 324 Romanis
562 296 704 323 eatenus
728 291 846 330 ignota
869 289 994 328 suerat,

287 345 344 385 qui
361 344 545 375 Terrarum
562 342 693 374 Orbem
710 341 865 372 victoriis
881 348 994 372 emen-

288 395 314 424 si
333 404 406 425 esse
423 394 533 424 videri
550 393 723 423 volebant.
749 391 864 422 Barth.

333 450 373 476 52
400 445 480 476 Tuas
496 443 596 482 voces]
624 444 816 482 Responsa,
832 439 995 481 jurisdic-

288 497 426 527 tionem.
464 496 602 526 Fluvios
621 502 698 523 cum
716 491 907 522 divinitatis
921 500 995 531 par-

288 547 411 587 ticipes
438 545 557 577 Poetae
587 543 729 581 faciant,
750 551 908 582 magnum
945 544 997 571 est

289 607 407 628 eornm
424 595 616 627 nominibus
633 604 695 634 pro
714 593 888 633 regionum
905 592 996 622 inco-

289 647 328 678 lis
346 647 409 678 uti.
435 648 532 678 Idem.

333 702 373 730 53
408 699 527 729 Lentus
548 697 649 737 Arar]
686 697 830 727 Flumen
862 695 997 733 Gallice,

291 748 496 789 ‘Lugdunum
534 745 728 788 praefluens,
764 745 998 784 Rhodanoquo

291 809 326 830 se
351 797 544 831 infundens.
601 797 750 827 Lentum
775 794 937 834 alioquin,
964 799 999 825 ct

292 849 397 879 stanti
420 847 541 885 simile,
558 845 792 885 Rhodanoque
817 850 1000 885 propterea

292 898 502 939 oppositum.

336 948 562 988 Rhodanusque
591 947 687 987 celer]
727 946 784 977 Sic
816 946 1001 976 Rhodanum

290 1000 484 1042 praecipitem
507 1008 574 1029 non
601 999 705 1028 semel
732 997 868 1028 vocavit
891 995 1001 1026 Auso-

293 1051 379 1083 nius.
402 1049 462 1081 sed
481 1050 649 1080 Rhodanus
658 1048 755 1086 ferox
773 1049 916 1078 Lucens.
936 1045 1000 1085 pri.

293 1101 404 1132 Vatic.
417 1104 453 1131 et
471 1100 618 1141 quinque
636 1099 704 1130 alii.
722 1103 759 1129 ut
771 1108 907 1129 caesnrae
923 1106 1001 1127 con-

295 1152 437 1183 sulatur.
482 1150 597 1189 Silius,
619 1150 640 1180 l.
658 1158 711 1180 1v.
735 1148 824 1178 ‘non
851 1147 1001 1177 Pirenen

294 1201 566 1241 Rhodanumque
591 1199 741 1229 ferocem
769 1198 871 1229 ,Iussa
888 1206 1002 1235 asper-

295 1249 418 1283 natos.'
451 1250 501 1280 ita
530 1248 733 1279 veterrimus
764 1247 862 1277 liber.
901 1246 1002 1285 vulgo

290 1302 461 1342 furentem,
485 1300 494 1316 ‘
513 1298 604 1330 feras
620 1297 776 1329 Rhodani
793 1296 924 1337 gentes’
938 1297 1003 1327 Lu-

296 1362 400 1384 canus
417 1351 503 1381 dixit
520 1350 578 1381 lib.
595 1359 644 1381 VI.
669 1348 759 1380 idem
785 1348 842 1379 lib.
860 1358 883 1379 r.
906 1349 915 1364 ⁴
934 1357 1005 1378 ruc-

297 1407 374 1434 rent
399 1402 434 1432 in
464 1406 561 1441 terga
587 1399 722 1430 feroces
747 1400 924 1430 Gallorum
947 1408 1004 1438 po-

296 1453 393 1495 puli!
416 1457 534 1483 noster
550 1450 608 1482 lib.
627 1459 666 1481 11.
693 1450 725 1480 in
738 1449 870 1480 Stilicli.
894 1449 903 1465 ί
916 1447 1005 1479 flava

298 1512 426 1544 repexo
439 1501 551 1533 Gallia
563 1501 657 1531 crine
674 1500 771 1530 ferox
787 1499 806 1530 ι’
830 1499 933 1530 alibi<
948 1509 1005 1540 po-

296 1555 395 1595 pulos
410 1553 554 1584 levitate
569 1551 712 1582 feroces’
730 1550 848 1582 Gallos
860 1550 1005 1581 dixerat.

298 1609 416 1636 noster
445 1603 455 1621 ‘
474 1602 623 1633 ferocem
662 1600 867 1632 Danubium'
903 1605 1006 1631 vocat

300 1655 358 1685 lib.
377 1664 417 1685 11.
431 1654 466 1684 in
482 1652 596 1684 Rufin.
621 1653 630 1669 ‘
647 1653 704 1689 alii
721 1662 782 1693 per
799 1657 897 1692 terga
914 1651 1005 1682 fero-

299 1705 345 1736 cis
359 1703 512 1735 Danubii
538 1703 683 1733 solidata
707 1703 830 1733 ruunt!
874 1703 1006 1732 Seneca

300 1756 452 1786 Hercule
470 1755 642 1784 Fui-ente:
667 1753 675 1768 ‘
695 1753 782 1784 Quis
796 1753 933 1790 Tanais,
949 1757 1007 1782 ant

301 1806 376 1846 quis
394 1805 577 1843 Nilus,aut
593 1803 730 1833 Rhenus
747 1802 843 1833 ferox
855 1802 1006 1833 Abluere

301 1856 459 1887 dextram
473 1854 602 1895 polerit
615 1853 637 1884 ξ’
665 1855 793 1884 Lucan.
811 1855 832 1884 l.
850 1863 873 1884 1.
896 1854 904 1870 ‘
920 1855 1006 1884 Rhe-

301 1907 403 1947 nique
434 1905 566 1936 feroces
596 1904 769 1936 Deseritis
799 1903 916 1945 ripas.'
963 1905 1006 1935 D.

302 1957 418 1988 Heius.

346 2007 575 2046 Rhodanusque
589 2005 684 2045 celer]
707 2004 914 2036 Notissimus
927 2005 1007 2036 Gal-

302 2058 356 2090 liae
384 2057 491 2088 amnis
520 2056 727 2087 describitur
755 2056 796 2086 ab
827 2055 1007 2086 Ammiano

304 2109 520 2147 Marcellino,
537 2108 557 2138 l.
575 2117 636 2138 xv.

348 2160 448 2189 Dives
476 2157 598 2196 Iberus]
638 2157 691 2187 Ob
718 2157 857 2187 metalla
886 2155 1009 2196 Hispa-

304 2210 381 2245 niae,
399 2210 575 2248 praecipue
592 2218 720 2238 aurum.
748 2208 862 2238 Barth.

347 2264 387 2291 55
413 2261 454 2290 Te
464 2259 579 2298 judice]
604 2258 789 2297 Praefecto,
803 2259 1009 2298 Pia-posito.

305 2310 468 2342 Barbarus
496 2310 634 2346 Rhenus,
665 2320 733 2349 qna
763 2319 829 2340 uon
867 2310 1011 2348 parebat

305 2360 476 2392 Romanis.
524 2360 676 2399 Eratque
705 2360 713 2376 ‘
733 2364 804 2389 tum
828 2359 924 2390 limes
945 2359 1010 2390 Im—

305 2410 415 2453 perii!
441 2411 540 2441 Idem.

349 2465 390 2493 56
419 2459 568 2501 Uniusfit
584 2469 656 2489 cura
672 2459 749 2498 viri]
787 2460 917 2490 Iterum
947 2461 1011 2491 Ro-

305 2521 404 2544 mano
428 2510 578 2551 Imperio
596 2514 762 2540 terrarum
789 2510 903 2540 orbem
920 2511 1013 2540 addi-

307 2564 366 2595 cit.
398 2563 495 2593 Idem.

353 2613 568 2651 Quodcumque
591 2610 726 2641 rubescit
759 2610 908 2649 Occasus]
957 2611 1011 2641 Sic

307 2662 428 2704 scripti
446 2661 518 2693 fere
534 2670 648 2691 omnes
663 2670 739 2691 cum
758 2660 875 2700 primis
890 2659 1013 2691 editio-

309 2713 420 2746 nibus.
437 2713 581 2744 Lucens.
598 2711 758 2742 Occasum.
778 2711 897 2741 Occasu
914 2711 1012 2751 prim.

514 197 659 228 NOTAE
692 195 958 227 VARIORUM
993 193 1043 224 IN
1080 192 1156 224 GL.
1188 188 1374 235 GLAUJJ',
1406 188 1535 222 XVII.

1045 288 1159 320 Vane.
1197 293 1233 320 et
1249 287 1432 328 Pomponii
1461 285 1546 317 Lae‘ti
1572 287 1751 326 excerpta.

1047 339 1141 379 prior
1167 339 1295 370 Moret.
1324 342 1360 369 et
1387 337 1454 367 duo
1472 336 1542 375 alii,
1565 344 1754 376 quocumque

1046 389 1179 421 rubescit
1209 390 1354 420 Occasus.
1390 391 1508 418 noster
1543 385 1754 417 locutionem

1048 441 1135 471 hanc
1158 440 1377 470 vehementer
1402 442 1504 468 amat.
1529 438 1627 477 paulo
1651 440 1752 477 post:

1047 490 1056 506 ‘
1070 489 1318 530 Quodcumque
1333 487 1616 527 receditLitibus,
1628 487 1758 518 incum-

1048 540 1100 571 bit
1116 540 1261 571 studiis?
1293 540 1390 570 Bello
1408 539 1499 569 Gild.
1522 539 1532 556 ζ
1547 537 1636 579 quod
1654 538 1756 569 Nilus

1050 596 1085 621 et
1103 591 1202 621 Anas
1218 589 1386 630 Dissidet,
1402 589 1566 621 Occiduis
1584 588 1675 630 quod
1690 588 1758 619 Ga-

1050 642 1149 672 dibus
1164 642 1259 673 arida
1275 642 1400 679 Barce,
1419 639 1588 680 Quodque
1602 639 1759 669 Paraeto-

1051 693 1106 723 nio
1133 692 1264 723 secedit
1290 693 1407 722 littore
1423 691 1574 729 Ganges,
1598 690 1676 721 Hoc
1692 689 1758 720 sibi

1052 741 1247 773 transcribit
1263 740 1461 780 proprium?
1507 740 1583 771 Lib.
1603 749 1626 770 1.
1643 740 1674 770 in
1693 740 1761 770 Eu-

1054 797 1141 830 trop.
1170 791 1178 807 ‘
1197 790 1357 831 quicquid
1384 800 1419 820 se
1445 790 1559 829 Tigris
1577 790 1618 820 ab
1637 790 1759 820 Haemo

1055 841 1217 872 Dividi&
1262 850 1310 871 Vl.
1335 842 1436 872 Cons.
1463 841 1594 872 Honor.
1616 841 1759 871 ‘Omne

1054 892 1213 922 Palatino
1232 891 1320 932 qnod
1345 901 1428 930 pons
1444 901 1462 921 a
1489 895 1602 922 monte
1626 891 1761 922 recedit

1054 942 1229 973 Mulvius)
1272 943 1414 981 Statius,
1436 942 1543 974 Theb.
1568 951 1619 973 Χῖ.
1653 943 1661 959 ‘
1681 941 1760 973 Hoc

1054 992 1282 1033 quodcunque
1320 992 1459 1022 madent
1497 993 1622 1032 campi,
1669 992 1760 1033 quod

1055 1044 1219 1083 sanguine
1244 1043 1377 1074 fumant
1401 1043 1540 1083 Stagna,
1554 1043 1644 1084 quod
1667 1043 1762 1074 innu-

1054 1104 1147 1124 mero
1167 1095 1305 1125 Lethaea
1329 1094 1484 1124 examine
1510 1093 1640 1133 gaudet
1662 1093 1762 1133 Ripa,

1056 1155 1138 1175 meae
1163 1144 1275 1175 vires!
1321 1145 1450 1175 Lucan.
1476 1145 1534 1175 lib.
1551 1154 1607 1175 ιη.
1631 1145 1640 1162 ‘
1659 1145 1761 1177 Quic-

1056 1195 1137 1235 quid
1155 1195 1198 1225 ab
1218 1194 1382 1225 Occiduis
1407 1194 1512 1234 Libye
1542 1199 1640 1234 patet
1666 1194 1762 1225 arida

1055 1246 1211 1276 Mauris?
1233 1246 1277 1277 D.
1296 1245 1407 1275 Heius.

1099 1300 1139 1327 57
1167 1297 1383 1335 Quodcumque
1398 1296 1464 1326 dies
1485 1296 1630 1326 devexior
1650 1295 1763 1337 ambit]

1057 1347 1264 1378 Universum
1305 1345 1505 1376 Occidentis
1553 1345 1760 1384 Imperium:

1058 1398 1198 1430 diversis
1215 1403 1329 1428 tamen
1346 1397 1568 1438 temporibus.
1592 1398 1707 1429 Barth.

1099 1453 1140 1480 58
1164 1449 1314 1480 Assiduos
1328 1448 1470 1488 honores]
1502 1449 1687 1489 Nunquam
1712 1449 1762 1480 in-

1056 1505 1241 1540 terruptos,
1267 1500 1360 1530 velut
1387 1500 1495 1530 altero
1513 1500 1658 1530 alterum
1682 1500 1764 1529 assi—

1057 1552 1173 1589 dente,
1190 1555 1398 1591 perpetuave
1414 1555 1537 1581 catena
1551 1550 1763 1581 adhaerente.

1103 1602 1234 1641 Cursus]
1260 1601 1312 1632 Ad
1339 1601 1466 1642 majora
1491 1601 1686 1632 festinantis
1714 1601 1763 1631 in-

1058 1655 1186 1694 tellige.
1222 1654 1278 1684 Sic
1297 1653 1375 1683 aiibi
1394 1658 1587 1683 transcursu
1605 1651 1763 1683 Stilicho-

1057 1714 1134 1734 nem
1166 1704 1273 1743 egisse
1303 1707 1478 1738 memorat,
1515 1710 1589 1742 qu‘ae
1618 1701 1675 1731 alii
1706 1701 1762 1732 vix

1057 1765 1186 1785 summo
1204 1754 1320 1784 labore
1338 1753 1524 1793 potuerint.
1551 1753 1648 1782 Idem.

1103 1803 1259 1843 Honores]
1325 1803 1562 1843 Magistratus,
1620 1802 1765 1843 dignita-

1060 1860 1120 1886 tes.

1101 1908 1142 1936 59
1171 1906 1240 1936 Una
1255 1904 1347 1944 celus]
1374 1904 1638 1946 Sequiturhand
1660 1903 1763 1936 dubie

1058 1959 1254 1996 togatorum
1267 1955 1512 1987 doctissimum.
1524 1955 1662 1986 Marcus
1674 1955 1764 1985 enim

1058 2008 1169 2037 Varro
1186 2007 1324 2037 sem-{m
1347 2007 1390 2036 ab
1406 2006 1479 2036 aliis
1496 2005 1656 2044 sentiens,
1682 2008 1764 2035 aeta⁴

1059 2057 1102 2088 tis
1119 2057 1264 2097 spatium
1283 2066 1342 2087 xv.
1368 2056 1461 2087 annis
1484 2055 1650 2086 definivit.
1694 2055 1764 2086 Ita-

1060 2118 1125 2148 que
1141 2118 1208 2138 una
1224 2107 1370 2148 juvenili
1395 2111 1512 2143 aetate,
1539 2107 1601 2137 hoc
1626 2110 1692 2142 est,
1721 2105 1764 2136 ab

1061 2168 1147 2188 anno
1178 2166 1236 2189 xv.
1264 2158 1306 2187 ad
1337 2166 1431 2188 xxx.
1458 2157 1622 2187 Manlium
1647 2165 1763 2187 omnes

1060 2209 1203 2239 bonores
1226 2218 1398 2239 emensum
1430 2212 1585 2238 autumat
1610 2206 1767 2238 Claudia-

1061 2269 1145 2289 nus:
1173 2259 1226 2289 vel
1250 2269 1329 2289 sane
1356 2258 1397 2289 ab
1424 2268 1511 2288 anuo
1538 2266 1626 2288 xxx.
1659 2266 1764 2297 usque

1062 2318 1145 2340 xxiv.
1192 2308 1286 2339 Alios
1303 2309 1367 2339 alio
1391 2309 1509 2339 ordine
1535 2309 1616 2338 alias
1644 2311 1764 2338 aetates

1062 2359 1254 2390 distinxisse
1285 2359 1392 2389 tradit
1419 2359 1625 2389 Censorinus
1656 2358 1693 2389 ej
1712 2361 1764 2390 14.

1062 2410 1104 2440 de
1125 2410 1189 2439 Die
1209 2410 1288 2440 Nat.
1313 2410 1411 2439 Idem.

1105 2459 1259 2497 Interfuit
1275 2459 1365 2498 atos]
1388 2458 1548 2497 [uterfiuit
1564 2467 1639 2488 cum
1657 2458 1767 2489 Delrii

1062 2510 1148 2540 libro
1165 2515 1198 2539 et
1216 2509 1363 2541 „Iuniano
1389 2508 1581 2547 legendnm.
1608 2508 1670 2547 pri.
1698 2509 1767 2538 Va-

1063 2561 1120 2590 tic.
1154 2570 1212 2599 pio
1241 2560 1374 2590 diversa
1409 2560 1556 2589 lectione
1586 2560 1769 2592 intervenit.

1065 2611 1169 2650 probe
1186 2611 1287 2640 etiam
1304 2610 1511 2650 Gyraldinus
1526 2613 1627 2641 oestas.
1645 2615 1680 2641 ut
1693 2612 1715 2642 l.
1729 2621 1768 2643 11.

1064 2661 1096 2690 in
1116 2662 1258 2701 Eun-op.
1281 2663 1290 2678 ‘
1304 2662 1371 2692 Sed
1390 2672 1473 2702 vaga
1490 2661 1623 2692 lascivis
1645 2661 1770 2694 flueret

1065 2709 1275 2742 discursibus
1292 2710 1418 2742 aestas!
1443 2711 1491 2742 D.
1509 2711 1624 2744 Heius.
