1851 3213
322 205 431 247 1140
759 215 834 245 cL.
868 213 1149 245 CLAUDtANJ
1188 212 1330 242 Lxm.

975 358 1007 390 N
1013 357 1121 389 OTAE

317 435 475 478 perisset,
502 444 576 466 eam
593 438 630 465 ut
647 434 753 465 instar
769 433 852 473 auri,
873 434 1021 474 argenti,
1076 433 1282 474 amplissima
1305 430 1521 463 decernenda
1541 429 1697 469 fuissent,
1719 429 1778 459 mi-

316 486 442 525 stanni‚
468 486 674 526 aliorumque
699 485 924 522 metassorum,
939 484 1019 514 mal·
1074 492 1151 514 scra
1174 488 1284 514 morte
1311 482 1415 513 fuisse
1440 479 1662 512 mulctatum?
1696 478 1778 519 Dig-

314 538 369 570 leo
402 536 630 576 tractabilem,
657 540 692 567 et
717 535 758 566 ad
788 543 1017 576 quascumque
1073 543 1153 564 num
1170 542 1249 565 sane
1267 537 1326 564 aut
1351 532 1486 563 Tiberio
1511 534 1569 562 aut
1592 529 1777 562 Tiberiano

314 588 441 620 formas
457 588 619 620 ductilem
636 586 788 618 efficeret
804 598 813 625 ;
837 587 1017 627 ipsumque
1072 583 1185 625 aliquo
1211 583 1374 624 Principe
1390 581 1573 623 flagitium!

313 639 396 671 artis
412 638 546 670 eximiae
565 642 789 679 repertorem,
802 637 857 668 cui
874 635 1015 678 praemia

945 880 1148 927 LXIII.

754 1053 825 1095 13.
853 1052 939 1091 ΕΤΙ
966 1051 1091 1090 ΠΕΡΙ
1120 1049 1317 1089 ΑΥΤΟΥ.

362 1185 502 1229 Χιονὲη
523 1185 760 1233 κρύσταλλος,
780 1183 839 1219 ὑπ’
855 1184 984 1230 ἀνέρος
1004 1182 1220 1226 ἀσκηθεῖσα,

360 1248 489 1294 Δεῖξεν
507 1249 721 1296 ἀκηρασίοιο
741 1250 950 1284 παναίολον
970 1247 1095 1283 εἰκόνα
1115 1246 1265 1293 κόσμου,

359 1311 535 1362 Οὐρανὸν
554 1314 671 1360 ἀγκὰς
691 1312 829 1362 ἔχοντα
849 1309 1084 1358 βαρύκτυπον
1104 1306 1226 1344 ἔνδοθι
1246 1306 1394 1344 πόντον.

601 1449 777 1486 ΕΤΙΑΜ
807 1449 879 1485 DE
909 1447 1101 1485 EADEM
1131 1442 1467 1484 CRYSTALLO.

725 1542 1117 1575 INTERPRETATIO
1144 1539 1360 1572 POETICA

565 1607 740 1647 Crystallus
761 1607 861 1645 nivea,
883 1608 1013 1638 humano
1036 1609 1147 1638 sudata
1170 1606 1283 1645 labore,

561 1650 734 1680 Pulchram
758 1651 943 1680 immortalis
965 1650 1082 1680 variam
1104 1652 1192 1680 notat
1215 1649 1303 1679 icona
1325 1646 1445 1686 mundi,

562 1693 679 1723 Coelum
701 1694 891 1732 complexum
913 1693 1009 1723 maris
1031 1693 1115 1723 intus
1137 1696 1251 1731 stagna
1273 1689 1384 1721 sonori.

742 1776 1142 1808 INTERPRETATIO
1168 1775 1328 1808 PROSA

344 1841 459 1873 Nivea
489 1841 692 1882 Crystallus,
716 1842 757 1872 ab
783 1841 908 1882 opifice
932 1843 1122 1880 elaborata,
1148 1841 1300 1872 ostendit
1333 1840 1404 1872 veri
1428 1840 1556 1872 variam
1586 1837 1766 1880 imaginem

301 1884 430 1926 mundi,
452 1886 646 1926 amplexum
673 1885 795 1916 coelum
821 1885 912 1916 intus
932 1890 1145 1916 resonantem
1167 1890 1321 1925 pontum.

914 1979 987 1990 ecoe
993 1978 1148 1989 eeeeeeee

562 2037 581 2065 3
606 2033 726 2074 ἔχουσα
742 2034 820 2067 Ald.
838 2034 928 2076 quod
946 2035 1074 2076 posteri
1090 2039 1264 2066 mutarunt
1279 2034 1313 2065 in
1328 2032 1454 2073 ἔχοντα.

967 2137 1106 2169 NOTAE

341 2216 360 2244 3
378 2212 490 2252 Ἀγκὰς
507 2212 637 2253 ἔχοντα]
656 2214 694 2244 In
709 2213 790 2244 ulnis
806 2213 929 2253 habere,
940 2224 1004 2244 am·
1060 2214 1156 2253 bere,
1173 2213 1315 2244 interius
1344 2221 1425 2243 vero
1450 2220 1572 2252 aquam
1595 2220 1652 2242 seu
1669 2221 1764 2244 mare

297 2265 411 2307 plecti:
434 2264 522 2304 apud
544 2265 728 2295 Homerum
744 2274 836 2304 saepe
855 2265 988 2304 iegitur.
1059 2264 1273 2295 concludere.
1328 2263 1490 2294 Ceterum
1519 2266 1642 2293 extant
1667 2266 1704 2295 et
1728 2263 1764 2295 in

342 2314 475 2353 Πόντον]
504 2316 752 2354 Hyperbolicffis
770 2327 775 2345 :
805 2321 902 2345 vocat
914 2316 1002 2346 enim
1059 2313 1264 2354 Anthologia
1319 2313 1576 2353 Epigrammata
1635 2313 1764 2345 Graeca

297 2371 439 2405 pomum
456 2375 511 2394 svn
527 2375 631 2402 mare,
645 2371 775 2404 guttmn
791 2366 880 2395 illam
894 2376 1003 2406 aquae,
1059 2365 1250 2403 Claudiani,
1267 2374 1372 2405 eaque
1388 2364 1508 2405 nitida,
1524 2369 1561 2395 ut
1578 2363 1636 2405 qui
1654 2363 1763 2397 Musis

297 2415 341 2446 de
358 2416 499 2455 quajam
519 2416 622 2445 multa
639 2416 797 2445 diximus.
838 2417 941 2447 ani
956 2417 1000 2446 sit
1058 2415 1186 2445 Atticis
1211 2424 1287 2445 suas
1319 2413 1488 2455 primitias
1515 2417 1766 2456 consecrasset,

296 2475 335 2497 ea
352 2467 451 2497 Vaus
468 2466 649 2505 sententia,
668 2471 705 2496 ut
721 2467 841 2506 globus
859 2467 1001 2507 crystal-
1056 2470 1095 2497 ut
1110 2465 1258 2497 diximus
1273 2469 1385 2497 antea.

296 2515 384 2548 linus
401 2516 551 2549 exterius
569 2517 698 2549 Coelum
724 2516 884 2548 videatur
907 2517 1000 2549 exhi-
