<?xml version="1.0" encoding="UTF-8"?>
<!DOCTYPE html PUBLIC "-//W3C//DTD XHTML 1.0 Transitional//EN"
    "http://www.w3.org/TR/xhtml1/DTD/xhtml1-transitional.dtd">
<html xmlns="http://www.w3.org/1999/xhtml" xml:lang="en" lang="en">
 <head>
  <title>
</title>
<meta http-equiv="Content-Type" content="text/html;charset=utf-8" />
  <meta name='ocr-system' content='tesseract 3.04.00' />
  <meta name='ocr-capabilities' content='ocr_page ocr_carea ocr_par ocr_line ocrx_word'/>
</head>
<body>
  <div class='ocr_page' id='page_1' title='image "./operaomniaexedit03clauuoft_0432.png"; bbox 0 0 1851 3213; ppageno 0'>
   <div class='ocr_carea' id='block_1_1' title="bbox 291 187 406 230">
    <p class='ocr_par' dir='ltr' id='par_1_1' title="bbox 291 187 406 230">
     <span class='ocr_line' id='line_1_1' title="bbox 291 187 406 230; baseline 0.026 -3"><span class='ocrx_word' id='word_1_1' title='bbox 291 187 406 230; x_wconf 85' lang='grc'>1404</span> 
     </span>
    </p>
   </div>
   <div class='ocr_carea' id='block_1_2' title="bbox 262 293 1000 2782">
    <p class='ocr_par' dir='ltr' id='par_1_2' title="bbox 290 293 1000 378">
     <span class='ocr_line' id='line_1_2' title="bbox 332 293 1000 336; baseline 0.012 -11"><span class='ocrx_word' id='word_1_2' title='bbox 332 293 459 336; x_wconf 78' lang='lat' dir='ltr'><em>Artem]</em></span> <span class='ocrx_word' id='word_1_3' title='bbox 484 295 709 330; x_wconf 82' lang='lat' dir='ltr'><em>Moderandae</em></span> <span class='ocrx_word' id='word_1_4' title='bbox 738 300 834 331; x_wconf 86' lang='lat' dir='ltr'><em>navis</em></span> <span class='ocrx_word' id='word_1_5' title='bbox 865 301 1000 332; x_wconf 87' lang='lat' dir='ltr'><em>scienti-</em></span> 
     </span>
     <span class='ocr_line' id='line_1_3' title="bbox 290 345 495 378; baseline 0.02 -4"><span class='ocrx_word' id='word_1_6' title='bbox 290 353 354 376; x_wconf 85' lang='lat' dir='ltr'><em>am.</em></span> <span class='ocrx_word' id='word_1_7' title='bbox 378 345 495 378; x_wconf 81' lang='lat' dir='ltr'><em>Barth.</em></span> 
     </span>
    </p>

    <p class='ocr_par' dir='ltr' id='par_1_3' title="bbox 278 397 998 1142">
     <span class='ocr_line' id='line_1_4' title="bbox 332 397 998 440; baseline 0.011 -13"><span class='ocrx_word' id='word_1_8' title='bbox 332 398 395 427; x_wconf 82' lang='lat'><em>220</em></span> <span class='ocrx_word' id='word_1_9' title='bbox 424 397 559 430; x_wconf 80' lang='lat' dir='ltr'><strong><em>Verbera</em></strong></span> <span class='ocrx_word' id='word_1_10' title='bbox 581 401 686 440; x_wconf 78' lang='lat' dir='ltr'><em>nutat]</em></span> <span class='ocrx_word' id='word_1_11' title='bbox 711 401 789 432; x_wconf 89' lang='lat' dir='ltr'><em>Non</em></span> <span class='ocrx_word' id='word_1_12' title='bbox 816 405 914 433; x_wconf 78' lang='lat' dir='ltr'><em>motat</em></span> <span class='ocrx_word' id='word_1_13' title='bbox 943 404 998 434; x_wconf 89' lang='lat' dir='ltr'><em>vel</em></span> 
     </span>
     <span class='ocr_line' id='line_1_5' title="bbox 288 448 996 494; baseline 0.013 -17"><span class='ocrx_word' id='word_1_14' title='bbox 288 450 401 486; x_wconf 82' lang='lat' dir='ltr'><em>mutat,</em></span> <span class='ocrx_word' id='word_1_15' title='bbox 418 448 493 479; x_wconf 85' lang='lat' dir='ltr'><em>libri</em></span> <span class='ocrx_word' id='word_1_16' title='bbox 511 450 682 489; x_wconf 85' lang='lat' dir='ltr'><em>meliores,</em></span> <span class='ocrx_word' id='word_1_17' title='bbox 696 456 731 482; x_wconf 91' lang='lat' dir='ltr'><em>et</em></span> <span class='ocrx_word' id='word_1_18' title='bbox 745 453 792 483; x_wconf 80' lang='lat' dir='ltr'><em>sic</em></span> <span class='ocrx_word' id='word_1_19' title='bbox 806 463 848 484; x_wconf 83' lang='lat' dir='ltr'><em>ex</em></span> <span class='ocrx_word' id='word_1_20' title='bbox 862 454 996 494; x_wconf 80' lang='lat' dir='ltr'><em>conjec-</em></span> 
     </span>
     <span class='ocr_line' id='line_1_6' title="bbox 288 499 997 542; baseline 0.013 -15"><span class='ocrx_word' id='word_1_21' title='bbox 288 501 364 528; x_wconf 88' lang='lat' dir='ltr'><em>tura</em></span> <span class='ocrx_word' id='word_1_22' title='bbox 382 499 654 540; x_wconf 75' lang='lat' dir='ltr'><em>Raplielengius:</em></span> <span class='ocrx_word' id='word_1_23' title='bbox 682 512 744 542; x_wconf 87' lang='lat' dir='ltr'><em>pro</em></span> <span class='ocrx_word' id='word_1_24' title='bbox 756 504 935 535; x_wconf 82' lang='lat' dir='ltr'><em>descensura</em></span> <span class='ocrx_word' id='word_1_25' title='bbox 946 515 997 536; x_wconf 85' lang='lat' dir='ltr'><em>ra-</em></span> 
     </span>
     <span class='ocr_line' id='line_1_7' title="bbox 286 548 995 590; baseline 0.013 -12"><span class='ocrx_word' id='word_1_26' title='bbox 286 548 330 579; x_wconf 81' lang='lat' dir='ltr'><em>tis</em></span> <span class='ocrx_word' id='word_1_27' title='bbox 345 555 486 590; x_wconf 82' lang='lat' dir='ltr'><em>quartus</em></span> <span class='ocrx_word' id='word_1_28' title='bbox 497 551 679 583; x_wconf 83' lang='lat' dir='ltr'>Vaticanus</span> <span class='ocrx_word' id='word_1_29' title='bbox 696 554 895 586; x_wconf 78' lang='lat' dir='ltr'><em>Descessuro.</em></span> <span class='ocrx_word' id='word_1_30' title='bbox 913 556 995 586; x_wconf 87' lang='lat' dir='ltr'><em>For-</em></span> 
     </span>
     <span class='ocr_line' id='line_1_8' title="bbox 287 600 994 647; baseline 0.014 -19"><span class='ocrx_word' id='word_1_31' title='bbox 287 602 321 629; x_wconf 81' lang='lat' dir='ltr'><em>te</em></span> <span class='ocrx_word' id='word_1_32' title='bbox 337 600 507 639; x_wconf 82' lang='lat' dir='ltr'><em>desessuro,</em></span> <span class='ocrx_word' id='word_1_33' title='bbox 523 611 540 631; x_wconf 81' lang='lat' dir='ltr'>a</span> <span class='ocrx_word' id='word_1_34' title='bbox 560 601 760 644; x_wconf 84' lang='lat' dir='ltr'><em>desidendo,</em></span> <span class='ocrx_word' id='word_1_35' title='bbox 779 606 917 647; x_wconf 85' lang='lat' dir='ltr'><em>proprio</em></span> <span class='ocrx_word' id='word_1_36' title='bbox 931 607 994 638; x_wconf 85' lang='lat' dir='ltr'><em>hac</em></span> 
     </span>
     <span class='ocr_line' id='line_1_9' title="bbox 285 648 992 696; baseline 0.014 -16"><span class='ocrx_word' id='word_1_37' title='bbox 285 648 318 680; x_wconf 91' lang='lat' dir='ltr'><em>in</em></span> <span class='ocrx_word' id='word_1_38' title='bbox 335 660 372 682; x_wconf 87' lang='lat' dir='ltr'><em>re</em></span> <span class='ocrx_word' id='word_1_39' title='bbox 389 652 506 684; x_wconf 89' lang='lat' dir='ltr'><em>verbo.</em></span> <span class='ocrx_word' id='word_1_40' title='bbox 533 655 784 696; x_wconf 83' lang='lat' dir='ltr'><em>Rottendorph.</em></span> <span class='ocrx_word' id='word_1_41' title='bbox 803 657 992 696; x_wconf 77' lang='lat' dir='ltr'><em>Desensura.</em></span> 
     </span>
     <span class='ocr_line' id='line_1_10' title="bbox 285 700 993 750; baseline 0.01 -18"><span class='ocrx_word' id='word_1_42' title='bbox 285 701 294 717; x_wconf 88' lang='lat'>‘</span> <span class='ocrx_word' id='word_1_43' title='bbox 309 700 350 732; x_wconf 89' lang='lat' dir='ltr'><em>In</em></span> <span class='ocrx_word' id='word_1_44' title='bbox 365 711 521 744; x_wconf 84' lang='lat' dir='ltr'><em>campum</em></span> <span class='ocrx_word' id='word_1_45' title='bbox 534 705 662 736; x_wconf 76' lang='lat' dir='ltr'><em>desidit</em></span> <span class='ocrx_word' id='word_1_46' title='bbox 677 707 780 746; x_wconf 76' lang='lat' dir='ltr'><em>apex&#39;</em></span> <span class='ocrx_word' id='word_1_47' title='bbox 798 708 829 738; x_wconf 93' lang='lat' dir='ltr'><em>in</em></span> <span class='ocrx_word' id='word_1_48' title='bbox 845 709 993 750; x_wconf 85' lang='lat' dir='ltr'>antiquis</span> 
     </span>
     <span class='ocr_line' id='line_1_11' title="bbox 283 752 994 796; baseline 0.01 -14"><span class='ocrx_word' id='word_1_49' title='bbox 283 752 491 785; x_wconf 83' lang='lat' dir='ltr'><strong>membranis</strong></span> <span class='ocrx_word' id='word_1_50' title='bbox 507 755 685 786; x_wconf 79' lang='lat' dir='ltr'><em>habuimus</em></span> <span class='ocrx_word' id='word_1_51' title='bbox 703 758 852 796; x_wconf 80' lang='lat' dir='ltr'><em>Epithal.</em></span> <span class='ocrx_word' id='word_1_52' title='bbox 877 759 994 789; x_wconf 85' lang='lat' dir='ltr'><em>Houo-</em></span> 
     </span>
     <span class='ocr_line' id='line_1_12' title="bbox 283 802 992 842; baseline 0.01 -10"><span class='ocrx_word' id='word_1_53' title='bbox 283 802 337 842; x_wconf 85' lang='lat' dir='ltr'><em>rii,</em></span> <span class='ocrx_word' id='word_1_54' title='bbox 349 813 399 834; x_wconf 90' lang='lat' dir='ltr'><em>vs.</em></span> <span class='ocrx_word' id='word_1_55' title='bbox 412 807 466 835; x_wconf 86' lang='grc'>26.</span> <span class='ocrx_word' id='word_1_56' title='bbox 481 804 523 835; x_wconf 89' lang='lat' dir='ltr'><em>de</em></span> <span class='ocrx_word' id='word_1_57' title='bbox 539 806 680 836; x_wconf 84' lang='lat' dir='ltr'><em>navibus</em></span> <span class='ocrx_word' id='word_1_58' title='bbox 693 815 747 837; x_wconf 90' lang='lat'><em>111.</em></span> <span class='ocrx_word' id='word_1_59' title='bbox 761 808 861 839; x_wconf 84' lang='lat' dir='ltr'><em>Cons.</em></span> <span class='ocrx_word' id='word_1_60' title='bbox 875 808 992 839; x_wconf 86' lang='lat' dir='ltr'><em>Hono-</em></span> 
     </span>
     <span class='ocr_line' id='line_1_13' title="bbox 282 854 991 900; baseline 0.01 -16"><span class='ocrx_word' id='word_1_61' title='bbox 282 854 344 884; x_wconf 87' lang='lat' dir='ltr'><em>rii:</em></span> <span class='ocrx_word' id='word_1_62' title='bbox 370 855 575 886; x_wconf 80' lang='lat' dir='ltr'><em>‘Succeusae</em></span> <span class='ocrx_word' id='word_1_63' title='bbox 600 857 720 887; x_wconf 76' lang='lat' dir='ltr'><em>sedere</em></span> <span class='ocrx_word' id='word_1_64' title='bbox 738 858 850 889; x_wconf 61' lang='lat' dir='ltr'><em>rates?</em></span> <span class='ocrx_word' id='word_1_65' title='bbox 885 860 991 900; x_wconf 82' lang='lat' dir='ltr'>Naso,</span> 
     </span>
     <span class='ocr_line' id='line_1_14' title="bbox 280 906 992 949; baseline 0.011 -14"><span class='ocrx_word' id='word_1_66' title='bbox 280 913 332 936; x_wconf 93' lang='lat' dir='ltr'><em>1v.</em></span> <span class='ocrx_word' id='word_1_67' title='bbox 350 906 444 936; x_wconf 83' lang='lat' dir='ltr'><em>Fast.</em></span> <span class='ocrx_word' id='word_1_68' title='bbox 470 907 478 922; x_wconf 95' lang='lat'>‘</span> <span class='ocrx_word' id='word_1_69' title='bbox 491 906 590 937; x_wconf 85' lang='lat' dir='ltr'>Sedit</span> <span class='ocrx_word' id='word_1_70' title='bbox 606 906 725 939; x_wconf 89' lang='lat' dir='ltr'><em>limoso</em></span> <span class='ocrx_word' id='word_1_71' title='bbox 743 919 861 949; x_wconf 80' lang='lat' dir='ltr'><em>pressa</em></span> <span class='ocrx_word' id='word_1_72' title='bbox 875 913 992 943; x_wconf 79' lang='lat' dir='ltr'><em>carina</em></span> 
     </span>
     <span class='ocr_line' id='line_1_15' title="bbox 278 954 989 994; baseline 0.014 -10"><span class='ocrx_word' id='word_1_73' title='bbox 278 954 392 987; x_wconf 60' lang='lat' dir='ltr'><em>vado?</em></span> <span class='ocrx_word' id='word_1_74' title='bbox 435 956 626 988; x_wconf 77' lang='lat' dir='ltr'><em>Videantur</em></span> <span class='ocrx_word' id='word_1_75' title='bbox 639 964 803 991; x_wconf 85' lang='lat' dir='ltr'><em>annotata</em></span> <span class='ocrx_word' id='word_1_76' title='bbox 819 966 934 993; x_wconf 82' lang='lat' dir='ltr'><em>nostra</em></span> <span class='ocrx_word' id='word_1_77' title='bbox 947 963 989 994; x_wconf 90' lang='lat' dir='ltr'><em>ad</em></span> 
     </span>
     <span class='ocr_line' id='line_1_16' title="bbox 278 1007 989 1053; baseline 0.014 -17"><span class='ocrx_word' id='word_1_78' title='bbox 278 1007 422 1038; x_wconf 87' lang='lat' dir='ltr'><em>tertium</em></span> <span class='ocrx_word' id='word_1_79' title='bbox 447 1008 608 1040; x_wconf 81' lang='lat' dir='ltr'><em>AEneidos</em></span> <span class='ocrx_word' id='word_1_80' title='bbox 634 1010 847 1053; x_wconf 67' lang='lat' dir='ltr'><em>Virgilianae,</em></span> <span class='ocrx_word' id='word_1_81' title='bbox 864 1024 897 1044; x_wconf 90' lang='lat' dir='ltr'><em>v.</em></span> <span class='ocrx_word' id='word_1_82' title='bbox 913 1018 989 1047; x_wconf 84' lang='lat'><em>555.</em></span> 
     </span>
     <span class='ocr_line' id='line_1_17' title="bbox 278 1058 987 1101; baseline 0.013 -13"><span class='ocrx_word' id='word_1_83' title='bbox 278 1058 338 1089; x_wconf 89' lang='lat' dir='ltr'><em>ubi</em></span> <span class='ocrx_word' id='word_1_84' title='bbox 364 1059 398 1090; x_wconf 91' lang='lat' dir='ltr'><em>id</em></span> <span class='ocrx_word' id='word_1_85' title='bbox 430 1060 541 1101; x_wconf 82' lang='lat' dir='ltr'><em>ipsum</em></span> <span class='ocrx_word' id='word_1_86' title='bbox 570 1061 709 1094; x_wconf 86' lang='lat' dir='ltr'><em>verbum</em></span> <span class='ocrx_word' id='word_1_87' title='bbox 737 1065 987 1098; x_wconf 85' lang='lat' dir='ltr'><em>revocabimus.</em></span> 
     </span>
     <span class='ocr_line' id='line_1_18' title="bbox 278 1109 454 1142; baseline 0.011 -2"><span class='ocrx_word' id='word_1_88' title='bbox 278 1109 325 1141; x_wconf 88' lang='lat' dir='ltr'><em>D.</em></span> <span class='ocrx_word' id='word_1_89' title='bbox 341 1110 454 1142; x_wconf 79' lang='lat' dir='ltr'><em>Heius.</em></span> 
     </span>
    </p>

    <p class='ocr_par' dir='ltr' id='par_1_4' title="bbox 277 1163 987 1245">
     <span class='ocr_line' id='line_1_19' title="bbox 320 1163 987 1208; baseline 0.012 -17"><span class='ocrx_word' id='word_1_90' title='bbox 320 1163 383 1192; x_wconf 84' lang='lat'><em>221</em></span> <span class='ocrx_word' id='word_1_91' title='bbox 410 1163 501 1193; x_wconf 79' lang='lat' dir='ltr'><em>Coeca</em></span> <span class='ocrx_word' id='word_1_92' title='bbox 524 1163 579 1194; x_wconf 76' lang='lat' dir='ltr'><em>sub</em></span> <span class='ocrx_word' id='word_1_93' title='bbox 601 1164 703 1205; x_wconf 79' lang='lat' dir='ltr'><em>nocte]</em></span> <span class='ocrx_word' id='word_1_94' title='bbox 729 1165 900 1208; x_wconf 81' lang='lat' dir='ltr'><em>Caligine,</em></span> <span class='ocrx_word' id='word_1_95' title='bbox 928 1171 987 1199; x_wconf 89' lang='lat' dir='ltr'><em>aut</em></span> 
     </span>
     <span class='ocr_line' id='line_1_20' title="bbox 277 1214 639 1245; baseline 0.014 -5"><span class='ocrx_word' id='word_1_96' title='bbox 277 1220 360 1241; x_wconf 87' lang='lat' dir='ltr'><em>vera</em></span> <span class='ocrx_word' id='word_1_97' title='bbox 375 1217 489 1244; x_wconf 84' lang='lat' dir='ltr'><em>nocte.</em></span> <span class='ocrx_word' id='word_1_98' title='bbox 520 1214 639 1245; x_wconf 82' lang='lat' dir='ltr'><em>Barth.</em></span> 
     </span>
    </p>

    <p class='ocr_par' dir='ltr' id='par_1_5' title="bbox 274 1263 987 1498">
     <span class='ocr_line' id='line_1_21' title="bbox 318 1263 987 1306; baseline 0.012 -14"><span class='ocrx_word' id='word_1_99' title='bbox 318 1264 382 1293; x_wconf 91' lang='grc'><em>222</em></span> <span class='ocrx_word' id='word_1_100' title='bbox 409 1263 516 1293; x_wconf 79' lang='lat' dir='ltr'><em>Ledoez&#39;</em></span> <span class='ocrx_word' id='word_1_101' title='bbox 551 1266 741 1306; x_wconf 71' lang='lat' dir='ltr'><strong><em>sustentant]</em></strong></span> <span class='ocrx_word' id='word_1_102' title='bbox 789 1268 912 1299; x_wconf 83' lang='lat' dir='ltr'>Castor</span> <span class='ocrx_word' id='word_1_103' title='bbox 951 1273 987 1300; x_wconf 89' lang='lat' dir='ltr'><em>et</em></span> 
     </span>
     <span class='ocr_line' id='line_1_22' title="bbox 276 1312 985 1360; baseline 0.014 -18"><span class='ocrx_word' id='word_1_104' title='bbox 276 1312 401 1343; x_wconf 85' lang='lat' dir='ltr'>Pollux</span> <span class='ocrx_word' id='word_1_105' title='bbox 419 1314 555 1354; x_wconf 77' lang='lat' dir='ltr'><em>Spartae</em></span> <span class='ocrx_word' id='word_1_106' title='bbox 571 1325 612 1346; x_wconf 84' lang='lat' dir='ltr'><em>ex</em></span> <span class='ocrx_word' id='word_1_107' title='bbox 628 1316 716 1347; x_wconf 86' lang='lat' dir='ltr'>Jove</span> <span class='ocrx_word' id='word_1_108' title='bbox 737 1322 773 1348; x_wconf 90' lang='lat' dir='ltr'><em>et</em></span> <span class='ocrx_word' id='word_1_109' title='bbox 794 1319 889 1350; x_wconf 84' lang='lat' dir='ltr'><em>Leda</em></span> <span class='ocrx_word' id='word_1_110' title='bbox 910 1331 985 1360; x_wconf 90' lang='lat' dir='ltr'><em>pro-</em></span> 
     </span>
     <span class='ocr_line' id='line_1_23' title="bbox 276 1363 984 1410; baseline 0.016 -18"><span class='ocrx_word' id='word_1_111' title='bbox 276 1363 383 1402; x_wconf 80' lang='lat' dir='ltr'><strong>gnati.</strong></span> <span class='ocrx_word' id='word_1_112' title='bbox 407 1364 536 1396; x_wconf 77' lang='lat' dir='ltr'>Seneca</span> <span class='ocrx_word' id='word_1_113' title='bbox 553 1377 560 1396; x_wconf 94' lang='lat'>:</span> <span class='ocrx_word' id='word_1_114' title='bbox 576 1366 584 1382; x_wconf 89' lang='lat'>‘</span> <span class='ocrx_word' id='word_1_115' title='bbox 596 1367 765 1406; x_wconf 83' lang='lat' dir='ltr'><em>geminum</em></span> <span class='ocrx_word' id='word_1_116' title='bbox 775 1369 984 1410; x_wconf 81' lang='lat' dir='ltr'><em>Tyndaridae</em></span> 
     </span>
     <span class='ocr_line' id='line_1_24' title="bbox 276 1416 985 1455; baseline 0.016 -11"><span class='ocrx_word' id='word_1_117' title='bbox 276 1424 382 1454; x_wconf 82' lang='lat' dir='ltr'><em>genus</em></span> <span class='ocrx_word' id='word_1_118' title='bbox 399 1416 614 1450; x_wconf 89' lang='lat' dir='ltr'><em>Succurruut</em></span> <span class='ocrx_word' id='word_1_119' title='bbox 641 1419 767 1451; x_wconf 82' lang='lat' dir='ltr'><em>timidis</em></span> <span class='ocrx_word' id='word_1_120' title='bbox 798 1421 910 1454; x_wconf 82' lang='lat' dir='ltr'><em>sidera</em></span> <span class='ocrx_word' id='word_1_121' title='bbox 927 1433 985 1455; x_wconf 82' lang='lat' dir='ltr'><em>na-</em></span> 
     </span>
     <span class='ocr_line' id='line_1_25' title="bbox 274 1464 523 1498; baseline 0.016 -4"><span class='ocrx_word' id='word_1_122' title='bbox 274 1464 398 1497; x_wconf 77' lang='lat' dir='ltr'><em>vibus.5</em></span> <span class='ocrx_word' id='word_1_123' title='bbox 424 1467 523 1498; x_wconf 74' lang='lat' dir='ltr'><em>Idem.</em></span> 
     </span>
    </p>

    <p class='ocr_par' dir='ltr' id='par_1_6' title="bbox 271 1518 984 1654">
     <span class='ocr_line' id='line_1_26' title="bbox 315 1518 984 1565; baseline 0.015 -18"><span class='ocrx_word' id='word_1_124' title='bbox 315 1519 378 1548; x_wconf 82' lang='lat'><em>223</em></span> <span class='ocrx_word' id='word_1_125' title='bbox 405 1518 548 1550; x_wconf 65' lang='lat' dir='ltr'><em>Circulos</em></span> <span class='ocrx_word' id='word_1_126' title='bbox 570 1522 605 1549; x_wconf 80' lang='lat' dir='ltr'><em>ut</em></span> <span class='ocrx_word' id='word_1_127' title='bbox 628 1524 736 1561; x_wconf 77' lang='lat' dir='ltr'><em>pateat</em></span> <span class='ocrx_word' id='word_1_128' title='bbox 760 1523 870 1565; x_wconf 69' lang='lat' dir='ltr'><em>Lance]</em></span> <span class='ocrx_word' id='word_1_129' title='bbox 893 1522 984 1557; x_wconf 87' lang='lat' dir='ltr'><em>Ulti-</em></span> 
     </span>
     <span class='ocr_line' id='line_1_27' title="bbox 271 1568 980 1613; baseline 0.017 -17"><span class='ocrx_word' id='word_1_130' title='bbox 271 1575 346 1597; x_wconf 83' lang='lat' dir='ltr'><em>mus</em></span> <span class='ocrx_word' id='word_1_131' title='bbox 360 1568 662 1609; x_wconf 76' lang='lat' dir='ltr'><em>aetlieriorun1‚sub</em></span> <span class='ocrx_word' id='word_1_132' title='bbox 681 1583 746 1613; x_wconf 88' lang='lat' dir='ltr'><em>quo</em></span> <span class='ocrx_word' id='word_1_133' title='bbox 764 1573 899 1606; x_wconf 89' lang='lat' dir='ltr'><em>demum</em></span> <span class='ocrx_word' id='word_1_134' title='bbox 912 1586 980 1607; x_wconf 86' lang='lat' dir='ltr'><em>om-</em></span> 
     </span>
     <span class='ocr_line' id='line_1_28' title="bbox 272 1616 743 1654; baseline 0.017 -8"><span class='ocrx_word' id='word_1_135' title='bbox 272 1616 328 1647; x_wconf 88' lang='lat' dir='ltr'><em>nia</em></span> <span class='ocrx_word' id='word_1_136' title='bbox 344 1618 443 1649; x_wconf 87' lang='lat' dir='ltr'><em>morti</em></span> <span class='ocrx_word' id='word_1_137' title='bbox 461 1619 619 1653; x_wconf 84' lang='lat' dir='ltr'><em>obnoxia.</em></span> <span class='ocrx_word' id='word_1_138' title='bbox 645 1622 743 1654; x_wconf 82' lang='lat' dir='ltr'><em>Idem.</em></span> 
     </span>
    </p>

    <p class='ocr_par' dir='ltr' id='par_1_7' title="bbox 270 1670 980 1767">
     <span class='ocr_line' id='line_1_29' title="bbox 314 1670 980 1721; baseline 0.018 -22"><span class='ocrx_word' id='word_1_139' title='bbox 314 1671 377 1700; x_wconf 83' lang='grc'><em>224</em></span> <span class='ocrx_word' id='word_1_140' title='bbox 394 1670 447 1701; x_wconf 84' lang='lat' dir='ltr'><em>Ad</em></span> <span class='ocrx_word' id='word_1_141' title='bbox 458 1673 544 1712; x_wconf 80' lang='lat' dir='ltr'><em>oras]</em></span> <span class='ocrx_word' id='word_1_142' title='bbox 559 1674 596 1703; x_wconf 83' lang='lat' dir='ltr'><em>In</em></span> <span class='ocrx_word' id='word_1_143' title='bbox 607 1685 688 1713; x_wconf 80' lang='lat' dir='ltr'><em>oros,</em></span> <span class='ocrx_word' id='word_1_144' title='bbox 699 1680 735 1707; x_wconf 88' lang='lat' dir='ltr'><em>et</em></span> <span class='ocrx_word' id='word_1_145' title='bbox 745 1687 822 1708; x_wconf 80' lang='lat' dir='ltr'><em>mox</em></span> <span class='ocrx_word' id='word_1_146' title='bbox 831 1678 980 1721; x_wconf 78' lang='lat' dir='ltr'><em>simulac,</em></span> 
     </span>
     <span class='ocr_line' id='line_1_30' title="bbox 270 1720 978 1767; baseline 0.02 -19"><span class='ocrx_word' id='word_1_147' title='bbox 270 1728 337 1750; x_wconf 88' lang='lat' dir='ltr'><em>uon</em></span> <span class='ocrx_word' id='word_1_148' title='bbox 347 1720 642 1763; x_wconf 76' lang='lat' dir='ltr'><em>simulnt,Gyrald.</em></span> <span class='ocrx_word' id='word_1_149' title='bbox 656 1727 794 1767; x_wconf 85' lang='lat' dir='ltr'><em>aliique.</em></span> <span class='ocrx_word' id='word_1_150' title='bbox 806 1729 853 1759; x_wconf 93' lang='lat' dir='ltr'><em>D.</em></span> <span class='ocrx_word' id='word_1_151' title='bbox 863 1731 978 1763; x_wconf 80' lang='lat' dir='ltr'><em>Heius.</em></span> 
     </span>
    </p>

    <p class='ocr_par' dir='ltr' id='par_1_8' title="bbox 271 1771 978 1868">
     <span class='ocr_line' id='line_1_31' title="bbox 314 1771 978 1820; baseline 0.018 -20"><span class='ocrx_word' id='word_1_152' title='bbox 314 1772 376 1801; x_wconf 86' lang='grc'><em>225</em></span> <span class='ocrx_word' id='word_1_153' title='bbox 401 1771 560 1812; x_wconf 81' lang='lat' dir='ltr'><em>Bosporus</em></span> <span class='ocrx_word' id='word_1_154' title='bbox 570 1777 689 1816; x_wconf 79' lang='lat' dir='ltr'><em>arctos]</em></span> <span class='ocrx_word' id='word_1_155' title='bbox 712 1777 866 1818; x_wconf 80' lang='lat' dir='ltr'><em>Bosporos</em></span> <span class='ocrx_word' id='word_1_156' title='bbox 880 1781 978 1820; x_wconf 88' lang='lat' dir='ltr'><em>prim.</em></span> 
     </span>
     <span class='ocr_line' id='line_1_32' title="bbox 271 1820 956 1868; baseline 0.016 -18"><span class='ocrx_word' id='word_1_157' title='bbox 271 1820 385 1852; x_wconf 87' lang='lat' dir='ltr'><em>Vatic.</em></span> <span class='ocrx_word' id='word_1_158' title='bbox 403 1827 438 1853; x_wconf 91' lang='lat' dir='ltr'><em>et</em></span> <span class='ocrx_word' id='word_1_159' title='bbox 454 1829 620 1865; x_wconf 79' lang='lat' dir='ltr'><em>excerpta</em></span> <span class='ocrx_word' id='word_1_160' title='bbox 638 1826 830 1868; x_wconf 87' lang='lat' dir='ltr'><em>Pomponii.</em></span> <span class='ocrx_word' id='word_1_161' title='bbox 857 1830 956 1862; x_wconf 84' lang='lat' dir='ltr'><em>Idem.</em></span> 
     </span>
    </p>

    <p class='ocr_par' dir='ltr' id='par_1_9' title="bbox 267 1871 978 1965">
     <span class='ocr_line' id='line_1_33' title="bbox 313 1871 978 1919; baseline 0.017 -18"><span class='ocrx_word' id='word_1_162' title='bbox 313 1871 509 1913; x_wconf 79' lang='lat' dir='ltr'><em>Bosphorus]</em></span> <span class='ocrx_word' id='word_1_163' title='bbox 533 1875 731 1917; x_wconf 82' lang='lat' dir='ltr'><em>Descriptio</em></span> <span class='ocrx_word' id='word_1_164' title='bbox 754 1879 913 1919; x_wconf 84' lang='lat' dir='ltr'><em>Byzantii</em></span> <span class='ocrx_word' id='word_1_165' title='bbox 930 1882 978 1912; x_wconf 91' lang='lat' dir='ltr'><em>vi—</em></span> 
     </span>
     <span class='ocr_line' id='line_1_34' title="bbox 267 1922 977 1965; baseline 0.018 -14"><span class='ocrx_word' id='word_1_166' title='bbox 267 1922 374 1953; x_wconf 86' lang='lat' dir='ltr'><em>senda</em></span> <span class='ocrx_word' id='word_1_167' title='bbox 383 1924 473 1963; x_wconf 89' lang='lat' dir='ltr'><em>apud</em></span> <span class='ocrx_word' id='word_1_168' title='bbox 486 1925 700 1965; x_wconf 85' lang='lat' dir='ltr'><em>Xiphilinum</em></span> <span class='ocrx_word' id='word_1_169' title='bbox 711 1929 847 1961; x_wconf 79' lang='lat' dir='ltr'><em>Severo,</em></span> <span class='ocrx_word' id='word_1_170' title='bbox 860 1932 977 1965; x_wconf 80' lang='lat' dir='ltr'><em>Barth.</em></span> 
     </span>
    </p>

    <p class='ocr_par' dir='ltr' id='par_1_10' title="bbox 267 1974 977 2118">
     <span class='ocr_line' id='line_1_35' title="bbox 310 1974 977 2022; baseline 0.018 -20"><span class='ocrx_word' id='word_1_171' title='bbox 310 1975 376 2004; x_wconf 86' lang='grc'><em>226</em></span> <span class='ocrx_word' id='word_1_172' title='bbox 398 1974 545 2016; x_wconf 71' lang='lat' dir='ltr'><em>Arcadii]</em></span> <span class='ocrx_word' id='word_1_173' title='bbox 605 1977 673 2009; x_wconf 87' lang='lat' dir='ltr'><em>Hic</em></span> <span class='ocrx_word' id='word_1_174' title='bbox 706 1979 876 2022; x_wconf 86' lang='lat' dir='ltr'>Princeps</span> <span class='ocrx_word' id='word_1_175' title='bbox 909 1993 977 2015; x_wconf 93' lang='lat' dir='ltr'><em>non</em></span> 
     </span>
     <span class='ocr_line' id='line_1_36' title="bbox 270 2022 977 2073; baseline 0.018 -21"><span class='ocrx_word' id='word_1_176' title='bbox 270 2022 356 2054; x_wconf 87' lang='lat' dir='ltr'><em>adeo</em></span> <span class='ocrx_word' id='word_1_177' title='bbox 382 2022 448 2054; x_wconf 84' lang='lat' dir='ltr'><em>fuit</em></span> <span class='ocrx_word' id='word_1_178' title='bbox 465 2025 643 2060; x_wconf 86' lang='lat' dir='ltr'><em>laudatus:</em></span> <span class='ocrx_word' id='word_1_179' title='bbox 670 2039 747 2061; x_wconf 86' lang='lat' dir='ltr'><em>nam</em></span> <span class='ocrx_word' id='word_1_180' title='bbox 762 2032 814 2062; x_wconf 85' lang='lat' dir='ltr'><em>vel</em></span> <span class='ocrx_word' id='word_1_181' title='bbox 832 2043 851 2063; x_wconf 84' lang='lat' dir='ltr'>a</span> <span class='ocrx_word' id='word_1_182' title='bbox 871 2043 977 2073; x_wconf 86' lang='lat' dir='ltr'><em>puero</em></span> 
     </span>
     <span class='ocr_line' id='line_1_37' title="bbox 267 2073 976 2118; baseline 0.02 -15"><span class='ocrx_word' id='word_1_183' title='bbox 267 2073 384 2105; x_wconf 87' lang='lat' dir='ltr'><em>nescio</em></span> <span class='ocrx_word' id='word_1_184' title='bbox 402 2076 480 2115; x_wconf 88' lang='lat' dir='ltr'><em>quid</em></span> <span class='ocrx_word' id='word_1_185' title='bbox 498 2077 626 2109; x_wconf 83' lang='lat' dir='ltr'><em>sinistri</em></span> <span class='ocrx_word' id='word_1_186' title='bbox 643 2082 811 2114; x_wconf 83' lang='lat' dir='ltr'><em>exercuit.</em></span> <span class='ocrx_word' id='word_1_187' title='bbox 852 2084 976 2118; x_wconf 79' lang='lat' dir='ltr'><em>Claver.</em></span> 
     </span>
    </p>

    <p class='ocr_par' dir='ltr' id='par_1_11' title="bbox 314 2123 974 2168">
     <span class='ocr_line' id='line_1_38' title="bbox 314 2123 974 2168; baseline 0.02 -15"><span class='ocrx_word' id='word_1_188' title='bbox 314 2123 392 2155; x_wconf 77' lang='lat' dir='ltr'><em>Urbi</em></span> <span class='ocrx_word' id='word_1_189' title='bbox 409 2126 499 2168; x_wconf 80' lang='lat' dir='ltr'><em>Eooe]</em></span> <span class='ocrx_word' id='word_1_190' title='bbox 522 2128 638 2160; x_wconf 83' lang='lat' dir='ltr'><em>Romae</em></span> <span class='ocrx_word' id='word_1_191' title='bbox 658 2130 840 2165; x_wconf 80' lang='lat' dir='ltr'>Orientali.</span> <span class='ocrx_word' id='word_1_192' title='bbox 856 2134 974 2166; x_wconf 82' lang='lat' dir='ltr'><em>Barth.</em></span> 
     </span>
    </p>

    <p class='ocr_par' dir='ltr' id='par_1_12' title="bbox 264 2176 976 2319">
     <span class='ocr_line' id='line_1_39' title="bbox 308 2176 976 2226; baseline 0.019 -22"><span class='ocrx_word' id='word_1_193' title='bbox 308 2176 372 2205; x_wconf 83' lang='lat'><em>228</em></span> <span class='ocrx_word' id='word_1_194' title='bbox 396 2176 561 2209; x_wconf 77' lang='lat' dir='ltr'><em>Permixto</em></span> <span class='ocrx_word' id='word_1_195' title='bbox 576 2183 770 2213; x_wconf 82' lang='lat' dir='ltr'><em>tremuerunt</em></span> <span class='ocrx_word' id='word_1_196' title='bbox 788 2185 976 2226; x_wconf 82' lang='lat' dir='ltr'><em>gaudiafle-</em></span> 
     </span>
     <span class='ocr_line' id='line_1_40' title="bbox 266 2225 976 2279; baseline 0.02 -24"><span class='ocrx_word' id='word_1_197' title='bbox 266 2225 316 2265; x_wconf 83' lang='lat' dir='ltr'><em>tu]</em></span> <span class='ocrx_word' id='word_1_198' title='bbox 339 2227 389 2258; x_wconf 91' lang='lat' dir='ltr'><em>Ut</em></span> <span class='ocrx_word' id='word_1_199' title='bbox 407 2229 495 2260; x_wconf 89' lang='lat' dir='ltr'><em>solet</em></span> <span class='ocrx_word' id='word_1_200' title='bbox 519 2230 699 2271; x_wconf 88' lang='lat' dir='ltr'><em>insperata</em></span> <span class='ocrx_word' id='word_1_201' title='bbox 727 2235 852 2273; x_wconf 86' lang='lat' dir='ltr'><em>gaudia</em></span> <span class='ocrx_word' id='word_1_202' title='bbox 879 2238 976 2279; x_wconf 84' lang='lat' dir='ltr'><em>sequi</em></span> 
     </span>
     <span class='ocr_line' id='line_1_41' title="bbox 264 2275 740 2319; baseline 0.019 -13"><span class='ocrx_word' id='word_1_203' title='bbox 264 2275 340 2307; x_wconf 86' lang='lat' dir='ltr'><em>fons</em></span> <span class='ocrx_word' id='word_1_204' title='bbox 353 2277 617 2319; x_wconf 81' lang='lat' dir='ltr'><em>lachrymarum.</em></span> <span class='ocrx_word' id='word_1_205' title='bbox 644 2283 740 2316; x_wconf 84' lang='lat' dir='ltr'><em>Idem.</em></span> 
     </span>
    </p>

    <p class='ocr_par' dir='ltr' id='par_1_13' title="bbox 265 2329 974 2421">
     <span class='ocr_line' id='line_1_42' title="bbox 307 2329 974 2376; baseline 0.018 -19"><span class='ocrx_word' id='word_1_206' title='bbox 307 2329 371 2358; x_wconf 87' lang='grc'><em>230</em></span> <span class='ocrx_word' id='word_1_207' title='bbox 398 2329 426 2358; x_wconf 92' lang='grc' dir='ltr'><strong>Ο</strong></span> <span class='ocrx_word' id='word_1_208' title='bbox 449 2331 528 2361; x_wconf 76' lang='lat' dir='ltr'><em>mihi</em></span> <span class='ocrx_word' id='word_1_209' title='bbox 553 2336 624 2371; x_wconf 87' lang='lat' dir='ltr'><em>post</em></span> <span class='ocrx_word' id='word_1_210' title='bbox 650 2334 746 2374; x_wconf 83' lang='lat' dir='ltr'><em>Alpes</em></span> <span class='ocrx_word' id='word_1_211' title='bbox 768 2336 865 2376; x_wconf 81' lang='lat' dir='ltr'><em>nunc]</em></span> <span class='ocrx_word' id='word_1_212' title='bbox 890 2337 974 2370; x_wconf 83' lang='lat' dir='ltr'><em>Post</em></span> 
     </span>
     <span class='ocr_line' id='line_1_43' title="bbox 265 2384 914 2421; baseline 0.017 -11"><span class='ocrx_word' id='word_1_213' title='bbox 265 2389 323 2412; x_wconf 86' lang='lat' dir='ltr'><em>eas</em></span> <span class='ocrx_word' id='word_1_214' title='bbox 340 2391 469 2413; x_wconf 87' lang='lat' dir='ltr'><em>summo</em></span> <span class='ocrx_word' id='word_1_215' title='bbox 486 2384 604 2416; x_wconf 85' lang='lat' dir='ltr'><em>labore</em></span> <span class='ocrx_word' id='word_1_216' title='bbox 622 2396 785 2419; x_wconf 83' lang='lat' dir='ltr'><em>emensas.</em></span> <span class='ocrx_word' id='word_1_217' title='bbox 815 2390 914 2421; x_wconf 89' lang='lat' dir='ltr'><em>Idem.</em></span> 
     </span>
    </p>

    <p class='ocr_par' dir='ltr' id='par_1_14' title="bbox 262 2432 972 2717">
     <span class='ocr_line' id='line_1_44' title="bbox 307 2432 972 2477; baseline 0.015 -16"><span class='ocrx_word' id='word_1_218' title='bbox 307 2434 368 2462; x_wconf 82' lang='lat'><em>231</em></span> <span class='ocrx_word' id='word_1_219' title='bbox 398 2432 486 2463; x_wconf 85' lang='lat' dir='ltr'><em>Unde</em></span> <span class='ocrx_word' id='word_1_220' title='bbox 498 2434 561 2464; x_wconf 81' lang='lat' dir='ltr'><em>tuis</em></span> <span class='ocrx_word' id='word_1_221' title='bbox 577 2438 701 2474; x_wconf 76' lang='lat' dir='ltr'><em>optatus</em></span> <span class='ocrx_word' id='word_1_222' title='bbox 715 2437 803 2477; x_wconf 83' lang='lat' dir='ltr'><em>ades]</em></span> <span class='ocrx_word' id='word_1_223' title='bbox 828 2439 881 2469; x_wconf 79' lang='lat' dir='ltr'><em>Ex</em></span> <span class='ocrx_word' id='word_1_224' title='bbox 897 2440 972 2471; x_wconf 85' lang='lat' dir='ltr'><em>Ma-</em></span> 
     </span>
     <span class='ocr_line' id='line_1_45' title="bbox 264 2481 970 2520; baseline 0.011 -8"><span class='ocrx_word' id='word_1_225' title='bbox 264 2481 406 2513; x_wconf 85' lang='lat' dir='ltr'><em>roniano</em></span> <span class='ocrx_word' id='word_1_226' title='bbox 437 2482 546 2514; x_wconf 85' lang='lat' dir='ltr'><em>AEnea</em></span> <span class='ocrx_word' id='word_1_227' title='bbox 577 2493 618 2514; x_wconf 89' lang='lat'><em>11.</em></span> <span class='ocrx_word' id='word_1_228' title='bbox 657 2485 793 2517; x_wconf 83' lang='lat' dir='ltr'><em>AEneid.</em></span> <span class='ocrx_word' id='word_1_229' title='bbox 824 2489 833 2505; x_wconf 91' lang='lat'>‘</span> <span class='ocrx_word' id='word_1_230' title='bbox 848 2488 879 2519; x_wconf 95' lang='grc' dir='ltr'><strong>Ο</strong></span> <span class='ocrx_word' id='word_1_231' title='bbox 897 2489 970 2520; x_wconf 83' lang='lat' dir='ltr'><em>Lux</em></span> 
     </span>
     <span class='ocr_line' id='line_1_46' title="bbox 263 2531 970 2580; baseline 0.013 -19"><span class='ocrx_word' id='word_1_232' title='bbox 263 2531 460 2573; x_wconf 80' lang='lat' dir='ltr'><em>Dardaniae,</em></span> <span class='ocrx_word' id='word_1_233' title='bbox 475 2543 552 2573; x_wconf 86' lang='lat' dir='ltr'><em>spes</em></span> <span class='ocrx_word' id='word_1_234' title='bbox 574 2544 593 2564; x_wconf 90' lang='grc' dir='ltr'>ο</span> <span class='ocrx_word' id='word_1_235' title='bbox 608 2534 771 2566; x_wconf 77' lang='lat' dir='ltr'><em>fidissima</em></span> <span class='ocrx_word' id='word_1_236' title='bbox 785 2537 970 2580; x_wconf 84' lang='lat' dir='ltr'><em>Teucrum,</em></span> 
     </span>
     <span class='ocr_line' id='line_1_47' title="bbox 264 2582 969 2630; baseline 0.009 -16"><span class='ocrx_word' id='word_1_237' title='bbox 264 2582 352 2614; x_wconf 84' lang='lat' dir='ltr'><em>Quae</em></span> <span class='ocrx_word' id='word_1_238' title='bbox 377 2587 482 2614; x_wconf 82' lang='lat' dir='ltr'><em>tantae</em></span> <span class='ocrx_word' id='word_1_239' title='bbox 513 2588 656 2616; x_wconf 84' lang='lat' dir='ltr'><em>tenuere</em></span> <span class='ocrx_word' id='word_1_240' title='bbox 680 2595 798 2626; x_wconf 79' lang='lat' dir='ltr'><em>morae,</em></span> <span class='ocrx_word' id='word_1_241' title='bbox 834 2588 969 2630; x_wconf 87' lang='lat' dir='ltr'><em>quibus,</em></span> 
     </span>
     <span class='ocr_line' id='line_1_48' title="bbox 263 2632 968 2677; baseline 0.011 -13"><span class='ocrx_word' id='word_1_242' title='bbox 263 2632 410 2674; x_wconf 85' lang='lat' dir='ltr'><em>Hector,</em></span> <span class='ocrx_word' id='word_1_243' title='bbox 429 2634 471 2665; x_wconf 86' lang='lat' dir='ltr'><em>ab</em></span> <span class='ocrx_word' id='word_1_244' title='bbox 501 2635 569 2666; x_wconf 88' lang='lat' dir='ltr'><em>oris</em></span> <span class='ocrx_word' id='word_1_245' title='bbox 595 2636 809 2677; x_wconf 86' lang='lat' dir='ltr'><em>Exspectate</em></span> <span class='ocrx_word' id='word_1_246' title='bbox 835 2640 930 2671; x_wconf 89' lang='lat' dir='ltr'><em>venis</em></span> <span class='ocrx_word' id='word_1_247' title='bbox 945 2640 968 2671; x_wconf 58' lang='grc' dir='ltr'><em>,θ’</em></span> 
     </span>
     <span class='ocr_line' id='line_1_49' title="bbox 262 2676 450 2717; baseline 0.016 -3"><span class='ocrx_word' id='word_1_248' title='bbox 262 2676 328 2714; x_wconf 70' lang='grc' dir='ltr'><em>διὸ.</em></span> <span class='ocrx_word' id='word_1_249' title='bbox 352 2683 450 2717; x_wconf 86' lang='lat' dir='ltr'><em>Idem.</em></span> 
     </span>
    </p>

    <p class='ocr_par' dir='ltr' id='par_1_15' title="bbox 305 2734 967 2782">
     <span class='ocr_line' id='line_1_50' title="bbox 305 2734 967 2782; baseline 0.012 -17"><span class='ocrx_word' id='word_1_250' title='bbox 305 2736 369 2766; x_wconf 89' lang='grc'><em>232</em></span> <span class='ocrx_word' id='word_1_251' title='bbox 393 2734 500 2777; x_wconf 82' lang='lat' dir='ltr'><em>Ferae]</em></span> <span class='ocrx_word' id='word_1_252' title='bbox 523 2735 693 2770; x_wconf 85' lang='lat' dir='ltr'><em>Plurimas</em></span> <span class='ocrx_word' id='word_1_253' title='bbox 707 2737 870 2771; x_wconf 82' lang='lat' dir='ltr'><em>barbaras</em></span> <span class='ocrx_word' id='word_1_254' title='bbox 886 2751 967 2782; x_wconf 85' lang='lat' dir='ltr'><em>gen-</em></span> 
     </span>
    </p>
   </div>
   <div class='ocr_carea' id='block_1_3' title="bbox 537 201 1516 241">
    <p class='ocr_par' dir='ltr' id='par_1_16' title="bbox 537 201 1516 241">
     <span class='ocr_line' id='line_1_51' title="bbox 537 201 1516 241; baseline 0.01 -9"><span class='ocrx_word' id='word_1_255' title='bbox 537 201 681 234; x_wconf 84' lang='lat' dir='ltr'>NOTAE</span> <span class='ocrx_word' id='word_1_256' title='bbox 716 204 983 236; x_wconf 84' lang='lat' dir='ltr'><strong>VARIORUM</strong></span> <span class='ocrx_word' id='word_1_257' title='bbox 1018 206 1070 238; x_wconf 92' lang='lat' dir='ltr'><em>IN</em></span> <span class='ocrx_word' id='word_1_258' title='bbox 1104 209 1180 240; x_wconf 88' lang='lat' dir='ltr'><em>CL.</em></span> <span class='ocrx_word' id='word_1_259' title='bbox 1214 210 1398 241; x_wconf 87' lang='lat' dir='ltr'><em>CLAUD.</em></span> <span class='ocrx_word' id='word_1_260' title='bbox 1432 211 1516 241; x_wconf 85' lang='lat' dir='ltr'><em>XV·</em></span> 
     </span>
    </p>
   </div>
   <div class='ocr_carea' id='block_1_4' title="bbox 1019 305 1760 2783">
    <p class='ocr_par' dir='ltr' id='par_1_17' title="bbox 1050 305 1760 389">
     <span class='ocr_line' id='line_1_52' title="bbox 1053 305 1760 349; baseline 0.008 -15"><span class='ocrx_word' id='word_1_261' title='bbox 1053 306 1104 334; x_wconf 86' lang='lat' dir='ltr'><em>tes</em></span> <span class='ocrx_word' id='word_1_262' title='bbox 1131 307 1166 335; x_wconf 88' lang='lat' dir='ltr'><em>et</em></span> <span class='ocrx_word' id='word_1_263' title='bbox 1181 308 1261 336; x_wconf 89' lang='lat' dir='ltr'><em>aute</em></span> <span class='ocrx_word' id='word_1_264' title='bbox 1279 305 1518 346; x_wconf 82' lang='lat' dir='ltr'><em>Principatum</em></span> <span class='ocrx_word' id='word_1_265' title='bbox 1543 311 1580 338; x_wconf 85' lang='lat' dir='ltr'><em>et</em></span> <span class='ocrx_word' id='word_1_266' title='bbox 1603 306 1677 349; x_wconf 83' lang='lat' dir='ltr'><em>ejus</em></span> <span class='ocrx_word' id='word_1_267' title='bbox 1697 308 1760 340; x_wconf 87' lang='lat' dir='ltr'><em>ini-</em></span> 
     </span>
     <span class='ocr_line' id='line_1_53' title="bbox 1050 353 1614 389; baseline 0.011 -6"><span class='ocrx_word' id='word_1_268' title='bbox 1050 353 1105 383; x_wconf 88' lang='lat' dir='ltr'><em>tiis</em></span> <span class='ocrx_word' id='word_1_269' title='bbox 1121 354 1252 386; x_wconf 79' lang='lat' dir='ltr'><em>domuit</em></span> <span class='ocrx_word' id='word_1_270' title='bbox 1267 356 1489 389; x_wconf 81' lang='lat' dir='ltr'><em>Theodosius.</em></span> <span class='ocrx_word' id='word_1_271' title='bbox 1515 358 1614 389; x_wconf 84' lang='lat' dir='ltr'><em>Idem.</em></span> 
     </span>
    </p>

    <p class='ocr_par' dir='ltr' id='par_1_18' title="bbox 1049 406 1758 540">
     <span class='ocr_line' id='line_1_54' title="bbox 1092 406 1758 450; baseline 0.009 -15"><span class='ocrx_word' id='word_1_272' title='bbox 1092 407 1155 436; x_wconf 88' lang='grc'><em>233</em></span> <span class='ocrx_word' id='word_1_273' title='bbox 1179 406 1383 446; x_wconf 78' lang='lat' dir='ltr'><em>Proesidimn]</em></span> <span class='ocrx_word' id='word_1_274' title='bbox 1410 408 1532 447; x_wconf 78' lang='lat' dir='ltr'><em>Tutela,</em></span> <span class='ocrx_word' id='word_1_275' title='bbox 1548 408 1758 450; x_wconf 82' lang='lat' dir='ltr'><em>confugium.</em></span> 
     </span>
     <span class='ocr_line' id='line_1_55' title="bbox 1051 454 1758 498; baseline 0.008 -13"><span class='ocrx_word' id='word_1_276' title='bbox 1051 454 1236 488; x_wconf 83' lang='lat' dir='ltr'><em>Horatius:</em></span> <span class='ocrx_word' id='word_1_277' title='bbox 1261 459 1270 476; x_wconf 52' lang='grc' dir='ltr'>ί</span> <span class='ocrx_word' id='word_1_278' title='bbox 1285 457 1315 488; x_wconf 94' lang='grc' dir='ltr'><strong>Ο</strong></span> <span class='ocrx_word' id='word_1_279' title='bbox 1334 461 1369 488; x_wconf 90' lang='lat' dir='ltr'><em>et</em></span> <span class='ocrx_word' id='word_1_280' title='bbox 1387 458 1584 498; x_wconf 65' lang='lat' dir='ltr'><em>praesidium</em></span> <span class='ocrx_word' id='word_1_281' title='bbox 1601 464 1637 490; x_wconf 92' lang='lat' dir='ltr'><em>et</em></span> <span class='ocrx_word' id='word_1_282' title='bbox 1657 459 1758 491; x_wconf 88' lang='lat' dir='ltr'><em>dulce</em></span> 
     </span>
     <span class='ocr_line' id='line_1_56' title="bbox 1049 505 1441 540; baseline 0.01 -4"><span class='ocrx_word' id='word_1_283' title='bbox 1049 505 1153 536; x_wconf 82' lang='lat' dir='ltr'><em>decus</em></span> <span class='ocrx_word' id='word_1_284' title='bbox 1167 507 1304 539; x_wconf 85' lang='lat' dir='ltr'><em>meum.&#39;</em></span> <span class='ocrx_word' id='word_1_285' title='bbox 1339 509 1441 540; x_wconf 84' lang='lat' dir='ltr'><em>Idem.</em></span> 
     </span>
    </p>

    <p class='ocr_par' dir='ltr' id='par_1_19' title="bbox 1046 558 1757 651">
     <span class='ocr_line' id='line_1_57' title="bbox 1088 558 1754 600; baseline 0.009 -12"><span class='ocrx_word' id='word_1_286' title='bbox 1088 560 1151 589; x_wconf 84' lang='grc'><em>234</em></span> <span class='ocrx_word' id='word_1_287' title='bbox 1175 558 1358 600; x_wconf 76' lang='lat' dir='ltr'><em>Lugeutque</em></span> <span class='ocrx_word' id='word_1_288' title='bbox 1384 560 1488 600; x_wconf 82' lang='lat' dir='ltr'><em>pium]</em></span> <span class='ocrx_word' id='word_1_289' title='bbox 1513 561 1754 594; x_wconf 85' lang='lat' dir='ltr'>Clementem:</span> 
     </span>
     <span class='ocr_line' id='line_1_58' title="bbox 1046 608 1757 651; baseline 0.01 -14"><span class='ocrx_word' id='word_1_290' title='bbox 1046 608 1137 648; x_wconf 89' lang='lat' dir='ltr'><em>quali</em></span> <span class='ocrx_word' id='word_1_291' title='bbox 1155 608 1318 650; x_wconf 84' lang='lat' dir='ltr'><em>Principe</em></span> <span class='ocrx_word' id='word_1_292' title='bbox 1337 616 1470 642; x_wconf 81' lang='lat' dir='ltr'><em>mortuo</em></span> <span class='ocrx_word' id='word_1_293' title='bbox 1488 612 1581 651; x_wconf 80' lang='lat' dir='ltr'><em>luget</em></span> <span class='ocrx_word' id='word_1_294' title='bbox 1599 612 1757 645; x_wconf 85' lang='lat' dir='ltr'><em>mundus.</em></span> 
     </span>
    </p>

    <p class='ocr_par' dir='ltr' id='par_1_20' title="bbox 1044 659 1756 800">
     <span class='ocr_line' id='line_1_59' title="bbox 1089 659 1756 702; baseline 0.007 -13"><span class='ocrx_word' id='word_1_295' title='bbox 1089 659 1276 701; x_wconf 82' lang='lat' dir='ltr'><em>Fortemqne</em></span> <span class='ocrx_word' id='word_1_296' title='bbox 1300 662 1478 702; x_wconf 75' lang='lat' dir='ltr'><em>requirunt]</em></span> <span class='ocrx_word' id='word_1_297' title='bbox 1505 662 1560 693; x_wconf 93' lang='lat' dir='ltr'><em>Ob</em></span> <span class='ocrx_word' id='word_1_298' title='bbox 1589 663 1756 694; x_wconf 82' lang='lat' dir='ltr'><em>tumultus</em></span> 
     </span>
     <span class='ocr_line' id='line_1_60' title="bbox 1046 713 1756 754; baseline 0.011 -16"><span class='ocrx_word' id='word_1_299' title='bbox 1046 713 1196 741; x_wconf 76' lang='lat' dir='ltr'><em>secutos.</em></span> <span class='ocrx_word' id='word_1_300' title='bbox 1254 713 1347 744; x_wconf 79' lang='lat' dir='ltr'><em>Quos</em></span> <span class='ocrx_word' id='word_1_301' title='bbox 1383 714 1600 754; x_wconf 82' lang='lat' dir='ltr'><em>compescuit</em></span> <span class='ocrx_word' id='word_1_302' title='bbox 1640 718 1756 746; x_wconf 86' lang='lat' dir='ltr'><em>tamen</em></span> 
     </span>
     <span class='ocr_line' id='line_1_61' title="bbox 1044 759 1495 800; baseline 0.016 -12"><span class='ocrx_word' id='word_1_303' title='bbox 1044 759 1182 800; x_wconf 79' lang='lat' dir='ltr'><em>egregie</em></span> <span class='ocrx_word' id='word_1_304' title='bbox 1198 761 1353 793; x_wconf 86' lang='lat' dir='ltr'><em>Stilicho.</em></span> <span class='ocrx_word' id='word_1_305' title='bbox 1379 763 1495 796; x_wconf 77' lang='lat' dir='ltr'><em>Barth.</em></span> 
     </span>
    </p>

    <p class='ocr_par' dir='ltr' id='par_1_21' title="bbox 1039 809 1756 1198">
     <span class='ocr_line' id='line_1_62' title="bbox 1086 809 1756 858; baseline 0.013 -19"><span class='ocrx_word' id='word_1_306' title='bbox 1086 809 1269 851; x_wconf 80' lang='lat' dir='ltr'><em>Lugentque</em></span> <span class='ocrx_word' id='word_1_307' title='bbox 1280 812 1368 851; x_wconf 82' lang='lat' dir='ltr'><em>pium</em></span> <span class='ocrx_word' id='word_1_308' title='bbox 1385 813 1564 854; x_wconf 84' lang='lat' dir='ltr'><em>fortemque</em></span> <span class='ocrx_word' id='word_1_309' title='bbox 1579 815 1756 858; x_wconf 81' lang='lat' dir='ltr'><em>requirunt]</em></span> 
     </span>
     <span class='ocr_line' id='line_1_63' title="bbox 1042 859 1754 903; baseline 0.011 -13"><span class='ocrx_word' id='word_1_310' title='bbox 1042 859 1209 901; x_wconf 78' lang='lat' dir='ltr'><em>Longeque</em></span> <span class='ocrx_word' id='word_1_311' title='bbox 1220 863 1308 902; x_wconf 82' lang='lat' dir='ltr'><em>pium</em></span> <span class='ocrx_word' id='word_1_312' title='bbox 1324 863 1423 903; x_wconf 86' lang='lat' dir='ltr'><em>prim.</em></span> <span class='ocrx_word' id='word_1_313' title='bbox 1440 865 1554 896; x_wconf 86' lang='lat' dir='ltr'><em>Vatic.</em></span> <span class='ocrx_word' id='word_1_314' title='bbox 1572 870 1609 896; x_wconf 87' lang='lat' dir='ltr'><em>et</em></span> <span class='ocrx_word' id='word_1_315' title='bbox 1625 866 1754 898; x_wconf 84' lang='lat' dir='ltr'><em>Pricae-</em></span> 
     </span>
     <span class='ocr_line' id='line_1_64' title="bbox 1043 914 1755 956; baseline 0.011 -16"><span class='ocrx_word' id='word_1_316' title='bbox 1043 920 1125 941; x_wconf 85' lang='lat' dir='ltr'><em>anus</em></span> <span class='ocrx_word' id='word_1_317' title='bbox 1155 921 1174 942; x_wconf 84' lang='lat' dir='ltr'>a</span> <span class='ocrx_word' id='word_1_318' title='bbox 1205 922 1305 943; x_wconf 85' lang='lat' dir='ltr'><em>manu</em></span> <span class='ocrx_word' id='word_1_319' title='bbox 1337 914 1471 954; x_wconf 86' lang='lat' dir='ltr'><em>prima:</em></span> <span class='ocrx_word' id='word_1_320' title='bbox 1510 924 1622 956; x_wconf 89' lang='lat' dir='ltr'><em>neque</em></span> <span class='ocrx_word' id='word_1_321' title='bbox 1653 916 1755 949; x_wconf 86' lang='lat' dir='ltr'><em>aliter</em></span> 
     </span>
     <span class='ocr_line' id='line_1_65' title="bbox 1043 961 1756 1007; baseline 0.01 -15"><span class='ocrx_word' id='word_1_322' title='bbox 1043 961 1265 996; x_wconf 82' lang='lat' dir='ltr'><em>Oiselianus:</em></span> <span class='ocrx_word' id='word_1_323' title='bbox 1291 974 1364 1006; x_wconf 88' lang='lat' dir='ltr'><em>p1·0‚</em></span> <span class='ocrx_word' id='word_1_324' title='bbox 1392 966 1552 1007; x_wconf 84' lang='lat' dir='ltr'><em>longum:</em></span> <span class='ocrx_word' id='word_1_325' title='bbox 1588 966 1756 1007; x_wconf 84' lang='lat' dir='ltr'><em>Gigante-</em></span> 
     </span>
     <span class='ocr_line' id='line_1_66' title="bbox 1040 1014 1753 1059; baseline 0.007 -15"><span class='ocrx_word' id='word_1_326' title='bbox 1040 1014 1196 1046; x_wconf 84' lang='lat' dir='ltr'><em>machia:</em></span> <span class='ocrx_word' id='word_1_327' title='bbox 1236 1016 1324 1048; x_wconf 81' lang='lat' dir='ltr'><em>‘nec</em></span> <span class='ocrx_word' id='word_1_328' title='bbox 1350 1021 1384 1048; x_wconf 86' lang='lat' dir='ltr'><em>te</em></span> <span class='ocrx_word' id='word_1_329' title='bbox 1412 1016 1623 1058; x_wconf 80' lang='lat' dir='ltr'><em>Proserpina</em></span> <span class='ocrx_word' id='word_1_330' title='bbox 1653 1018 1753 1059; x_wconf 87' lang='lat' dir='ltr'><em>longe</em></span> 
     </span>
     <span class='ocr_line' id='line_1_67' title="bbox 1040 1065 1753 1102; baseline 0.008 -7"><span class='ocrx_word' id='word_1_331' title='bbox 1040 1065 1220 1098; x_wconf 79' lang='lat' dir='ltr'><em>Umbrosae</em></span> <span class='ocrx_word' id='word_1_332' title='bbox 1251 1071 1394 1100; x_wconf 85' lang='lat' dir='ltr'><em>tenuere</em></span> <span class='ocrx_word' id='word_1_333' title='bbox 1419 1067 1547 1100; x_wconf 84' lang='lat' dir='ltr'><em>fores:’</em></span> <span class='ocrx_word' id='word_1_334' title='bbox 1571 1068 1664 1100; x_wconf 79' lang='lat' dir='ltr'><em>infra</em></span> <span class='ocrx_word' id='word_1_335' title='bbox 1688 1070 1753 1102; x_wconf 86' lang='lat' dir='ltr'><em>hoc</em></span> 
     </span>
     <span class='ocr_line' id='line_1_68' title="bbox 1039 1115 1753 1160; baseline 0.01 -15"><span class='ocrx_word' id='word_1_336' title='bbox 1039 1115 1112 1155; x_wconf 84' lang='lat' dir='ltr'><em>ipso</em></span> <span class='ocrx_word' id='word_1_337' title='bbox 1145 1116 1254 1148; x_wconf 85' lang='lat' dir='ltr'><em>libro:</em></span> <span class='ocrx_word' id='word_1_338' title='bbox 1295 1118 1353 1149; x_wconf 87' lang='lat' dir='ltr'><em>‘in</em></span> <span class='ocrx_word' id='word_1_339' title='bbox 1385 1119 1466 1150; x_wconf 89' lang='lat' dir='ltr'><em>solis</em></span> <span class='ocrx_word' id='word_1_340' title='bbox 1498 1119 1597 1160; x_wconf 87' lang='lat' dir='ltr'><em>longe</em></span> <span class='ocrx_word' id='word_1_341' title='bbox 1627 1118 1753 1152; x_wconf 84' lang='lat' dir='ltr'><em>fiducia</em></span> 
     </span>
     <span class='ocr_line' id='line_1_69' title="bbox 1039 1165 1344 1198; baseline 0.01 -3"><span class='ocrx_word' id='word_1_342' title='bbox 1039 1165 1141 1197; x_wconf 64' lang='lat' dir='ltr'><em>telis!</em></span> <span class='ocrx_word' id='word_1_343' title='bbox 1165 1167 1209 1197; x_wconf 90' lang='lat' dir='ltr'><em>D.</em></span> <span class='ocrx_word' id='word_1_344' title='bbox 1229 1167 1344 1198; x_wconf 76' lang='lat' dir='ltr'><em>Heins.</em></span> 
     </span>
    </p>

    <p class='ocr_par' dir='ltr' id='par_1_22' title="bbox 1038 1217 1748 1298">
     <span class='ocr_line' id='line_1_70' title="bbox 1080 1217 1748 1261; baseline 0.009 -14"><span class='ocrx_word' id='word_1_345' title='bbox 1080 1219 1141 1247; x_wconf 82' lang='lat'><em>235</em></span> <span class='ocrx_word' id='word_1_346' title='bbox 1170 1217 1270 1257; x_wconf 78' lang='lat' dir='ltr'><em>Rupit</em></span> <span class='ocrx_word' id='word_1_347' title='bbox 1281 1219 1432 1260; x_wconf 78' lang='lat' dir='ltr'><em>suspirio]</em></span> <span class='ocrx_word' id='word_1_348' title='bbox 1448 1220 1500 1250; x_wconf 83' lang='lat' dir='ltr'><em>Ex</em></span> <span class='ocrx_word' id='word_1_349' title='bbox 1513 1219 1579 1252; x_wconf 85' lang='lat' dir='ltr'><em>imo</em></span> <span class='ocrx_word' id='word_1_350' title='bbox 1595 1224 1748 1261; x_wconf 85' lang='lat' dir='ltr'><em>pectore.</em></span> 
     </span>
     <span class='ocr_line' id='line_1_71' title="bbox 1038 1266 1156 1298; baseline 0.017 -2"><span class='ocrx_word' id='word_1_351' title='bbox 1038 1266 1156 1298; x_wconf 81' lang='lat' dir='ltr'><em>Barth.</em></span> 
     </span>
    </p>

    <p class='ocr_par' dir='ltr' id='par_1_23' title="bbox 1030 1320 1750 1815">
     <span class='ocr_line' id='line_1_72' title="bbox 1079 1320 1749 1365; baseline 0.009 -16"><span class='ocrx_word' id='word_1_352' title='bbox 1079 1321 1144 1350; x_wconf 84' lang='grc'><em>236</em></span> <span class='ocrx_word' id='word_1_353' title='bbox 1169 1320 1240 1351; x_wconf 89' lang='lat' dir='ltr'><em>Hoc</em></span> <span class='ocrx_word' id='word_1_354' title='bbox 1266 1324 1333 1351; x_wconf 82' lang='lat' dir='ltr'><em>erat</em></span> <span class='ocrx_word' id='word_1_355' title='bbox 1364 1321 1397 1352; x_wconf 79' lang='lat' dir='ltr'><em>in</em></span> <span class='ocrx_word' id='word_1_356' title='bbox 1417 1320 1558 1363; x_wconf 82' lang='lat' dir='ltr'><em>fratres]</em></span> <span class='ocrx_word' id='word_1_357' title='bbox 1592 1323 1632 1354; x_wconf 86' lang='lat' dir='ltr'><em>In</em></span> <span class='ocrx_word' id='word_1_358' title='bbox 1652 1323 1749 1365; x_wconf 85' lang='lat' dir='ltr'><em>fatis,</em></span> 
     </span>
     <span class='ocr_line' id='line_1_73' title="bbox 1038 1368 1750 1415; baseline 0.008 -17"><span class='ocrx_word' id='word_1_359' title='bbox 1038 1368 1180 1409; x_wconf 83' lang='lat' dir='ltr'><em>Regius,</em></span> <span class='ocrx_word' id='word_1_360' title='bbox 1190 1371 1371 1411; x_wconf 87' lang='lat' dir='ltr'><em>Pomponii</em></span> <span class='ocrx_word' id='word_1_361' title='bbox 1385 1375 1420 1402; x_wconf 92' lang='lat' dir='ltr'><em>et</em></span> <span class='ocrx_word' id='word_1_362' title='bbox 1434 1371 1591 1404; x_wconf 85' lang='lat' dir='ltr'><em>Gevartii</em></span> <span class='ocrx_word' id='word_1_363' title='bbox 1606 1382 1750 1415; x_wconf 82' lang='lat' dir='ltr'><em>excerp-</em></span> 
     </span>
     <span class='ocr_line' id='line_1_74' title="bbox 1037 1421 1749 1464; baseline 0.011 -15"><span class='ocrx_word' id='word_1_364' title='bbox 1037 1423 1084 1449; x_wconf 88' lang='lat' dir='ltr'><em>ta.</em></span> <span class='ocrx_word' id='word_1_365' title='bbox 1133 1421 1235 1452; x_wconf 91' lang='lat' dir='ltr'><em>Ovid.</em></span> <span class='ocrx_word' id='word_1_366' title='bbox 1253 1422 1360 1453; x_wconf 84' lang='lat' dir='ltr'><em>Trist.</em></span> <span class='ocrx_word' id='word_1_367' title='bbox 1386 1424 1394 1439; x_wconf 92' lang='lat'>‘</span> <span class='ocrx_word' id='word_1_368' title='bbox 1410 1424 1502 1464; x_wconf 88' lang='lat' dir='ltr'><em>Ergo</em></span> <span class='ocrx_word' id='word_1_369' title='bbox 1525 1429 1599 1456; x_wconf 85' lang='lat' dir='ltr'><em>erat</em></span> <span class='ocrx_word' id='word_1_370' title='bbox 1616 1425 1650 1456; x_wconf 93' lang='lat' dir='ltr'><em>in</em></span> <span class='ocrx_word' id='word_1_371' title='bbox 1668 1424 1749 1457; x_wconf 86' lang='lat' dir='ltr'><em>fatis</em></span> 
     </span>
     <span class='ocr_line' id='line_1_75' title="bbox 1034 1469 1746 1513; baseline 0.011 -14"><span class='ocrx_word' id='word_1_372' title='bbox 1034 1469 1210 1510; x_wconf 85' lang='lat' dir='ltr'><em>Scythiam</em></span> <span class='ocrx_word' id='word_1_373' title='bbox 1223 1482 1358 1513; x_wconf 89' lang='lat' dir='ltr'><em>quoque</em></span> <span class='ocrx_word' id='word_1_374' title='bbox 1373 1473 1481 1504; x_wconf 83' lang='lat' dir='ltr'><em>visere</em></span> <span class='ocrx_word' id='word_1_375' title='bbox 1495 1475 1620 1506; x_wconf 82' lang='lat' dir='ltr'><em>nostris</em></span> <span class='ocrx_word' id='word_1_376' title='bbox 1633 1474 1655 1506; x_wconf 78' lang='lat'><em>?&#39;</em></span> <span class='ocrx_word' id='word_1_377' title='bbox 1670 1475 1746 1507; x_wconf 89' lang='lat' dir='ltr'><em>Lib.</em></span> 
     </span>
     <span class='ocr_line' id='line_1_76' title="bbox 1035 1520 1748 1564; baseline 0.013 -15"><span class='ocrx_word' id='word_1_378' title='bbox 1035 1528 1057 1550; x_wconf 92' lang='lat'><em>1.</em></span> <span class='ocrx_word' id='word_1_379' title='bbox 1076 1520 1220 1553; x_wconf 82' lang='lat' dir='ltr'><em>Metam.</em></span> <span class='ocrx_word' id='word_1_380' title='bbox 1244 1522 1353 1553; x_wconf 84' lang='lat' dir='ltr'><em>‘Esse</em></span> <span class='ocrx_word' id='word_1_381' title='bbox 1370 1533 1504 1564; x_wconf 88' lang='lat' dir='ltr'><em>qnoque</em></span> <span class='ocrx_word' id='word_1_382' title='bbox 1528 1524 1562 1555; x_wconf 91' lang='lat' dir='ltr'><em>in</em></span> <span class='ocrx_word' id='word_1_383' title='bbox 1588 1524 1668 1556; x_wconf 85' lang='lat' dir='ltr'><em>fatis</em></span> <span class='ocrx_word' id='word_1_384' title='bbox 1693 1535 1748 1558; x_wconf 83' lang='lat' dir='ltr'><em>re-</em></span> 
     </span>
     <span class='ocr_line' id='line_1_77' title="bbox 1034 1571 1745 1615; baseline 0.01 -14"><span class='ocrx_word' id='word_1_385' title='bbox 1034 1571 1225 1603; x_wconf 85' lang='lat' dir='ltr'><em>miniscitur</em></span> <span class='ocrx_word' id='word_1_386' title='bbox 1256 1572 1362 1604; x_wconf 82' lang='lat' dir='ltr'><em>affore</em></span> <span class='ocrx_word' id='word_1_387' title='bbox 1394 1575 1553 1615; x_wconf 88' lang='lat' dir='ltr'><em>tempus.&#39;</em></span> <span class='ocrx_word' id='word_1_388' title='bbox 1613 1575 1688 1608; x_wconf 89' lang='lat' dir='ltr'><em>Lib.</em></span> <span class='ocrx_word' id='word_1_389' title='bbox 1719 1585 1745 1608; x_wconf 93' lang='lat'><em>1.</em></span> 
     </span>
     <span class='ocr_line' id='line_1_78' title="bbox 1033 1623 1745 1660; baseline 0.01 -7"><span class='ocrx_word' id='word_1_390' title='bbox 1033 1623 1126 1655; x_wconf 86' lang='lat' dir='ltr'><em>Fast.</em></span> <span class='ocrx_word' id='word_1_391' title='bbox 1150 1624 1229 1654; x_wconf 90' lang='lat' dir='ltr'><em>‘Sic</em></span> <span class='ocrx_word' id='word_1_392' title='bbox 1256 1629 1332 1655; x_wconf 87' lang='lat' dir='ltr'><em>erat</em></span> <span class='ocrx_word' id='word_1_393' title='bbox 1356 1624 1391 1655; x_wconf 90' lang='lat' dir='ltr'><em>in</em></span> <span class='ocrx_word' id='word_1_394' title='bbox 1417 1625 1518 1657; x_wconf 77' lang='lat' dir='ltr'><em>fatis:</em></span> <span class='ocrx_word' id='word_1_395' title='bbox 1543 1636 1607 1658; x_wconf 83' lang='lat' dir='ltr'><em>nec</em></span> <span class='ocrx_word' id='word_1_396' title='bbox 1633 1631 1667 1658; x_wconf 91' lang='lat' dir='ltr'><em>te</em></span> <span class='ocrx_word' id='word_1_397' title='bbox 1685 1631 1745 1660; x_wconf 87' lang='lat' dir='ltr'><em>tua</em></span> 
     </span>
     <span class='ocr_line' id='line_1_79' title="bbox 1032 1673 1744 1714; baseline 0.01 -11"><span class='ocrx_word' id='word_1_398' title='bbox 1032 1673 1133 1713; x_wconf 87' lang='lat' dir='ltr'><em>culpa</em></span> <span class='ocrx_word' id='word_1_399' title='bbox 1163 1673 1298 1714; x_wconf 84' lang='lat' dir='ltr'><em>fugavit</em></span> <span class='ocrx_word' id='word_1_400' title='bbox 1313 1675 1333 1706; x_wconf 91' lang='lat'><em>:&#39;</em></span> <span class='ocrx_word' id='word_1_401' title='bbox 1359 1676 1442 1706; x_wconf 87' lang='lat' dir='ltr'>nihil</span> <span class='ocrx_word' id='word_1_402' title='bbox 1469 1681 1585 1708; x_wconf 85' lang='lat' dir='ltr'><em>tamen</em></span> <span class='ocrx_word' id='word_1_403' title='bbox 1609 1683 1744 1710; x_wconf 85' lang='lat' dir='ltr'><em>mutan-</em></span> 
     </span>
     <span class='ocr_line' id='line_1_80' title="bbox 1032 1723 1741 1764; baseline 0.011 -11"><span class='ocrx_word' id='word_1_404' title='bbox 1032 1723 1130 1755; x_wconf 79' lang='lat' dir='ltr'><em>dum:</em></span> <span class='ocrx_word' id='word_1_405' title='bbox 1156 1726 1256 1764; x_wconf 84' lang='lat' dir='ltr'><em>paulo</em></span> <span class='ocrx_word' id='word_1_406' title='bbox 1273 1726 1374 1756; x_wconf 85' lang='lat' dir='ltr'><em>aliter</em></span> <span class='ocrx_word' id='word_1_407' title='bbox 1388 1727 1548 1758; x_wconf 82' lang='lat' dir='ltr'><em>secundis</em></span> <span class='ocrx_word' id='word_1_408' title='bbox 1560 1728 1650 1759; x_wconf 87' lang='lat' dir='ltr'><em>curis</em></span> <span class='ocrx_word' id='word_1_409' title='bbox 1666 1729 1741 1761; x_wconf 81' lang='lat' dir='ltr'><em>haec</em></span> 
     </span>
     <span class='ocr_line' id='line_1_81' title="bbox 1030 1774 1596 1815; baseline 0.012 -12"><span class='ocrx_word' id='word_1_410' title='bbox 1030 1774 1213 1815; x_wconf 78' lang='lat' dir='ltr'><em>distinguit</em></span> <span class='ocrx_word' id='word_1_411' title='bbox 1230 1776 1402 1808; x_wconf 88' lang='lat' dir='ltr'><em>Barthius.</em></span> <span class='ocrx_word' id='word_1_412' title='bbox 1426 1778 1471 1808; x_wconf 88' lang='lat' dir='ltr'><em>D.</em></span> <span class='ocrx_word' id='word_1_413' title='bbox 1484 1778 1596 1810; x_wconf 71' lang='lat' dir='ltr'><em>Heius.</em></span> 
     </span>
    </p>

    <p class='ocr_par' dir='ltr' id='par_1_24' title="bbox 1029 1825 1744 2018">
     <span class='ocr_line' id='line_1_82' title="bbox 1075 1825 1743 1872; baseline 0.012 -18"><span class='ocrx_word' id='word_1_414' title='bbox 1075 1825 1145 1855; x_wconf 83' lang='lat' dir='ltr'><em>Hoc</em></span> <span class='ocrx_word' id='word_1_415' title='bbox 1157 1826 1239 1866; x_wconf 79' lang='lat' dir='ltr'><em>erat]</em></span> <span class='ocrx_word' id='word_1_416' title='bbox 1264 1825 1402 1858; x_wconf 86' lang='lat' dir='ltr'><em>Ironica</em></span> <span class='ocrx_word' id='word_1_417' title='bbox 1414 1827 1608 1868; x_wconf 79' lang='lat' dir='ltr'><em>indignatio</em></span> <span class='ocrx_word' id='word_1_418' title='bbox 1620 1830 1743 1872; x_wconf 86' lang='lat' dir='ltr'><em>abrup-</em></span> 
     </span>
     <span class='ocr_line' id='line_1_83' title="bbox 1030 1876 1744 1923; baseline 0.013 -18"><span class='ocrx_word' id='word_1_419' title='bbox 1030 1879 1066 1906; x_wconf 92' lang='lat' dir='ltr'><em>to</em></span> <span class='ocrx_word' id='word_1_420' title='bbox 1080 1885 1245 1907; x_wconf 84' lang='lat' dir='ltr'><em>sermone.</em></span> <span class='ocrx_word' id='word_1_421' title='bbox 1259 1876 1379 1917; x_wconf 83' lang='lat' dir='ltr'><em>Virgil.</em></span> <span class='ocrx_word' id='word_1_422' title='bbox 1392 1877 1469 1909; x_wconf 84' lang='lat' dir='ltr'><em>AEn.</em></span> <span class='ocrx_word' id='word_1_423' title='bbox 1481 1888 1524 1912; x_wconf 89' lang='lat'><em>11.</em></span> <span class='ocrx_word' id='word_1_424' title='bbox 1540 1880 1549 1896; x_wconf 91' lang='lat'>‘</span> <span class='ocrx_word' id='word_1_425' title='bbox 1563 1880 1640 1912; x_wconf 91' lang='lat' dir='ltr'><em>Hoc</em></span> <span class='ocrx_word' id='word_1_426' title='bbox 1653 1886 1744 1923; x_wconf 80' lang='lat' dir='ltr'><em>erat,</em></span> 
     </span>
     <span class='ocr_line' id='line_1_84' title="bbox 1030 1925 1740 1973; baseline 0.013 -18"><span class='ocrx_word' id='word_1_427' title='bbox 1030 1925 1119 1956; x_wconf 84' lang='lat' dir='ltr'><em>alma</em></span> <span class='ocrx_word' id='word_1_428' title='bbox 1135 1935 1270 1966; x_wconf 80' lang='lat' dir='ltr'><em>parens,</em></span> <span class='ocrx_word' id='word_1_429' title='bbox 1288 1927 1380 1968; x_wconf 88' lang='lat' dir='ltr'><em>quod</em></span> <span class='ocrx_word' id='word_1_430' title='bbox 1408 1937 1462 1959; x_wconf 87' lang='lat' dir='ltr'><em>me</em></span> <span class='ocrx_word' id='word_1_431' title='bbox 1487 1939 1549 1970; x_wconf 85' lang='lat' dir='ltr'><em>per</em></span> <span class='ocrx_word' id='word_1_432' title='bbox 1566 1931 1651 1971; x_wconf 85' lang='lat' dir='ltr'><em>tela,</em></span> <span class='ocrx_word' id='word_1_433' title='bbox 1675 1941 1740 1973; x_wconf 87' lang='lat' dir='ltr'><em>per</em></span> 
     </span>
     <span class='ocr_line' id='line_1_85' title="bbox 1029 1977 1313 2018; baseline 0.007 -12"><span class='ocrx_word' id='word_1_434' title='bbox 1029 1985 1138 2017; x_wconf 82' lang='lat' dir='ltr'><em>enses,</em></span> <span class='ocrx_word' id='word_1_435' title='bbox 1164 1977 1278 2018; x_wconf 84' lang='lat' dir='ltr'><em>Eripis</em></span> <span class='ocrx_word' id='word_1_436' title='bbox 1293 1978 1313 2008; x_wconf 90' lang='lat'><em>!’</em></span> 
     </span>
    </p>

    <p class='ocr_par' dir='ltr' id='par_1_25' title="bbox 1029 2029 1740 2112">
     <span class='ocr_line' id='line_1_86' title="bbox 1072 2029 1740 2073; baseline 0.012 -14"><span class='ocrx_word' id='word_1_437' title='bbox 1072 2029 1196 2070; x_wconf 81' lang='lat' dir='ltr'><em>Medio]</em></span> <span class='ocrx_word' id='word_1_438' title='bbox 1222 2030 1495 2073; x_wconf 88' lang='lat' dir='ltr'><em>Interveniente,</em></span> <span class='ocrx_word' id='word_1_439' title='bbox 1520 2033 1740 2067; x_wconf 87' lang='lat' dir='ltr'><em>conciliante.</em></span> 
     </span>
     <span class='ocr_line' id='line_1_87' title="bbox 1029 2080 1146 2112; baseline 0.009 -1"><span class='ocrx_word' id='word_1_440' title='bbox 1029 2080 1146 2112; x_wconf 82' lang='lat' dir='ltr'><em>Barth.</em></span> 
     </span>
    </p>

    <p class='ocr_par' dir='ltr' id='par_1_26' title="bbox 1026 2134 1738 2267">
     <span class='ocr_line' id='line_1_88' title="bbox 1070 2134 1737 2178; baseline 0.007 -14"><span class='ocrx_word' id='word_1_441' title='bbox 1070 2136 1134 2164; x_wconf 89' lang='grc'><em>237</em></span> <span class='ocrx_word' id='word_1_442' title='bbox 1161 2134 1375 2176; x_wconf 82' lang='lat' dir='ltr'><em>Germanaque</em></span> <span class='ocrx_word' id='word_1_443' title='bbox 1391 2135 1520 2167; x_wconf 76' lang='lat' dir='ltr'><em>dissidet</em></span> <span class='ocrx_word' id='word_1_444' title='bbox 1535 2136 1622 2177; x_wconf 85' lang='lat' dir='ltr'><em>aula]</em></span> <span class='ocrx_word' id='word_1_445' title='bbox 1646 2137 1737 2178; x_wconf 88' lang='lat' dir='ltr'><em>Una,</em></span> 
     </span>
     <span class='ocr_line' id='line_1_89' title="bbox 1028 2185 1738 2227; baseline 0.007 -12"><span class='ocrx_word' id='word_1_446' title='bbox 1028 2185 1131 2216; x_wconf 86' lang='lat' dir='ltr'><em>totius</em></span> <span class='ocrx_word' id='word_1_447' title='bbox 1148 2185 1266 2216; x_wconf 86' lang='lat' dir='ltr'><em>mundi</em></span> <span class='ocrx_word' id='word_1_448' title='bbox 1293 2187 1434 2227; x_wconf 84' lang='lat' dir='ltr'><em>rectrix,</em></span> <span class='ocrx_word' id='word_1_449' title='bbox 1450 2197 1470 2218; x_wconf 87' lang='lat' dir='ltr'>a</span> <span class='ocrx_word' id='word_1_450' title='bbox 1486 2196 1655 2220; x_wconf 86' lang='lat' dir='ltr'><em>consensu</em></span> <span class='ocrx_word' id='word_1_451' title='bbox 1671 2188 1738 2220; x_wconf 86' lang='lat' dir='ltr'><em>fra-</em></span> 
     </span>
     <span class='ocr_line' id='line_1_90' title="bbox 1026 2236 1258 2267; baseline 0.013 -3"><span class='ocrx_word' id='word_1_452' title='bbox 1026 2238 1127 2267; x_wconf 83' lang='lat' dir='ltr'><em>trum.</em></span> <span class='ocrx_word' id='word_1_453' title='bbox 1158 2236 1258 2267; x_wconf 85' lang='lat' dir='ltr'><em>Idem.</em></span> 
     </span>
    </p>

    <p class='ocr_par' dir='ltr' id='par_1_27' title="bbox 1021 2287 1736 2521">
     <span class='ocr_line' id='line_1_91' title="bbox 1068 2287 1736 2330; baseline 0.006 -13"><span class='ocrx_word' id='word_1_454' title='bbox 1068 2289 1132 2317; x_wconf 84' lang='lat'><em>238</em></span> <span class='ocrx_word' id='word_1_455' title='bbox 1157 2287 1250 2318; x_wconf 76' lang='lat' dir='ltr'><em>Tanti</em></span> <span class='ocrx_word' id='word_1_456' title='bbox 1265 2288 1307 2318; x_wconf 82' lang='lat' dir='ltr'><em>sit</em></span> <span class='ocrx_word' id='word_1_457' title='bbox 1316 2288 1570 2330; x_wconf 80' lang='lat' dir='ltr'><em>palmofuroris]</em></span> <span class='ocrx_word' id='word_1_458' title='bbox 1594 2289 1736 2321; x_wconf 84' lang='lat' dir='ltr'><em>Discor-</em></span> 
     </span>
     <span class='ocr_line' id='line_1_92' title="bbox 1024 2336 1736 2375; baseline 0.007 -9"><span class='ocrx_word' id='word_1_459' title='bbox 1024 2336 1091 2367; x_wconf 82' lang='lat' dir='ltr'><em>diae</em></span> <span class='ocrx_word' id='word_1_460' title='bbox 1117 2342 1234 2375; x_wconf 85' lang='lat' dir='ltr'><em>tantae,</em></span> <span class='ocrx_word' id='word_1_461' title='bbox 1265 2343 1438 2370; x_wconf 82' lang='lat' dir='ltr'><em>tantorum</em></span> <span class='ocrx_word' id='word_1_462' title='bbox 1476 2339 1630 2371; x_wconf 89' lang='lat' dir='ltr'><em>odiorum</em></span> <span class='ocrx_word' id='word_1_463' title='bbox 1657 2349 1736 2371; x_wconf 88' lang='lat' dir='ltr'><em>con-</em></span> 
     </span>
     <span class='ocr_line' id='line_1_93' title="bbox 1023 2389 1734 2431; baseline 0.006 -13"><span class='ocrx_word' id='word_1_464' title='bbox 1023 2389 1286 2429; x_wconf 87' lang='lat' dir='ltr'><em>cussionumque</em></span> <span class='ocrx_word' id='word_1_465' title='bbox 1304 2390 1429 2421; x_wconf 90' lang='lat' dir='ltr'><em>Mundi</em></span> <span class='ocrx_word' id='word_1_466' title='bbox 1446 2391 1598 2431; x_wconf 86' lang='lat' dir='ltr'><em>pretium</em></span> <span class='ocrx_word' id='word_1_467' title='bbox 1621 2390 1665 2422; x_wconf 85' lang='lat' dir='ltr'><em>sit</em></span> <span class='ocrx_word' id='word_1_468' title='bbox 1682 2400 1734 2423; x_wconf 84' lang='lat' dir='ltr'><em>sa-</em></span> 
     </span>
     <span class='ocr_line' id='line_1_94' title="bbox 1022 2438 1733 2482; baseline 0.007 -14"><span class='ocrx_word' id='word_1_469' title='bbox 1022 2438 1074 2469; x_wconf 87' lang='lat' dir='ltr'><em>lus</em></span> <span class='ocrx_word' id='word_1_470' title='bbox 1091 2438 1260 2478; x_wconf 81' lang='lat' dir='ltr'><em>Gildonis,</em></span> <span class='ocrx_word' id='word_1_471' title='bbox 1276 2439 1468 2479; x_wconf 88' lang='lat' dir='ltr'><em>impetente</em></span> <span class='ocrx_word' id='word_1_472' title='bbox 1490 2440 1657 2482; x_wconf 84' lang='lat' dir='ltr'><em>Honorio,</em></span> <span class='ocrx_word' id='word_1_473' title='bbox 1674 2441 1733 2474; x_wconf 90' lang='lat' dir='ltr'><em>de-</em></span> 
     </span>
     <span class='ocr_line' id='line_1_95' title="bbox 1021 2488 1489 2521; baseline 0.004 -2"><span class='ocrx_word' id='word_1_474' title='bbox 1021 2488 1186 2520; x_wconf 85' lang='lat' dir='ltr'><em>fendente</em></span> <span class='ocrx_word' id='word_1_475' title='bbox 1199 2488 1361 2521; x_wconf 87' lang='lat' dir='ltr'><em>Arcadio.</em></span> <span class='ocrx_word' id='word_1_476' title='bbox 1388 2490 1489 2521; x_wconf 88' lang='lat' dir='ltr'><em>Idem.</em></span> 
     </span>
    </p>

    <p class='ocr_par' dir='ltr' id='par_1_28' title="bbox 1021 2538 1730 2629">
     <span class='ocr_line' id='line_1_96' title="bbox 1066 2538 1730 2582; baseline 0.009 -13"><span class='ocrx_word' id='word_1_477' title='bbox 1066 2540 1097 2570; x_wconf 87' lang='lat' dir='ltr'><em>F</em></span> <span class='ocrx_word' id='word_1_478' title='bbox 1097 2539 1123 2569; x_wconf 78' lang='lat' dir='ltr'><em>it</em></span> <span class='ocrx_word' id='word_1_479' title='bbox 1138 2549 1231 2570; x_wconf 80' lang='lat' dir='ltr'><em>causa</em></span> <span class='ocrx_word' id='word_1_480' title='bbox 1239 2538 1378 2579; x_wconf 82' lang='lat' dir='ltr'><em>furoris]</em></span> <span class='ocrx_word' id='word_1_481' title='bbox 1400 2539 1454 2570; x_wconf 78' lang='lat' dir='ltr'><em>Sit</em></span> <span class='ocrx_word' id='word_1_482' title='bbox 1467 2539 1571 2580; x_wconf 85' lang='lat' dir='ltr'><em>palma</em></span> <span class='ocrx_word' id='word_1_483' title='bbox 1587 2541 1730 2582; x_wconf 83' lang='lat' dir='ltr'><em>Gyrald.</em></span> 
     </span>
     <span class='ocr_line' id='line_1_97' title="bbox 1021 2589 1729 2629; baseline 0.007 -9"><span class='ocrx_word' id='word_1_484' title='bbox 1021 2593 1056 2620; x_wconf 87' lang='lat' dir='ltr'><em>et</em></span> <span class='ocrx_word' id='word_1_485' title='bbox 1068 2589 1324 2629; x_wconf 83' lang='lat' dir='ltr'><em>quatuordecim</em></span> <span class='ocrx_word' id='word_1_486' title='bbox 1339 2589 1395 2620; x_wconf 88' lang='lat' dir='ltr'><em>alii</em></span> <span class='ocrx_word' id='word_1_487' title='bbox 1410 2600 1418 2621; x_wconf 70' lang='grc' dir='ltr'><strong><em>ε</em></strong></span> <span class='ocrx_word' id='word_1_488' title='bbox 1444 2590 1543 2621; x_wconf 88' lang='lat' dir='ltr'><em>bene.</em></span> <span class='ocrx_word' id='word_1_489' title='bbox 1558 2592 1602 2623; x_wconf 92' lang='lat' dir='ltr'><em>D.</em></span> <span class='ocrx_word' id='word_1_490' title='bbox 1616 2592 1729 2626; x_wconf 75' lang='lat' dir='ltr'><em>Heius.</em></span> 
     </span>
    </p>

    <p class='ocr_par' dir='ltr' id='par_1_29' title="bbox 1019 2639 1728 2729">
     <span class='ocr_line' id='line_1_98' title="bbox 1062 2639 1728 2682; baseline 0.009 -13"><span class='ocrx_word' id='word_1_491' title='bbox 1062 2641 1126 2670; x_wconf 84' lang='lat'><em>239</em></span> <span class='ocrx_word' id='word_1_492' title='bbox 1150 2639 1309 2680; x_wconf 81' lang='lat' dir='ltr'><em>Egregius</em></span> <span class='ocrx_word' id='word_1_493' title='bbox 1323 2639 1459 2681; x_wconf 80' lang='lat' dir='ltr'><em>morum]</em></span> <span class='ocrx_word' id='word_1_494' title='bbox 1483 2640 1614 2682; x_wconf 88' lang='lat' dir='ltr'><em>Mores,</em></span> <span class='ocrx_word' id='word_1_495' title='bbox 1629 2651 1728 2674; x_wconf 86' lang='lat' dir='ltr'><em>omne</em></span> 
     </span>
     <span class='ocr_line' id='line_1_99' title="bbox 1019 2690 1289 2729; baseline 0.007 -10"><span class='ocrx_word' id='word_1_496' title='bbox 1019 2698 1126 2729; x_wconf 84' lang='lat' dir='ltr'><em>genus</em></span> <span class='ocrx_word' id='word_1_497' title='bbox 1139 2690 1289 2721; x_wconf 88' lang='lat' dir='ltr'><em>virtutis.</em></span> 
     </span>
    </p>

    <p class='ocr_par' dir='ltr' id='par_1_30' title="bbox 1060 2740 1723 2783">
     <span class='ocr_line' id='line_1_100' title="bbox 1060 2740 1723 2783; baseline 0.008 -12"><span class='ocrx_word' id='word_1_498' title='bbox 1060 2740 1199 2782; x_wconf 82' lang='lat' dir='ltr'><em>Magno]</em></span> <span class='ocrx_word' id='word_1_499' title='bbox 1265 2740 1394 2783; x_wconf 81' lang='lat' dir='ltr'><em>Magno</em></span> <span class='ocrx_word' id='word_1_500' title='bbox 1430 2741 1555 2783; x_wconf 86' lang='lat' dir='ltr'><em>pretio.</em></span> <span class='ocrx_word' id='word_1_501' title='bbox 1600 2743 1723 2776; x_wconf 81' lang='lat' dir='ltr'><em>Maro:</em></span> 
     </span>
    </p>
   </div>
  </div>
 </body>
</html>
