1852 3182
0 2550 1 2587 l

0 2589 2 2620 l

511 237 572 266 DE
608 237 670 266 lv.

61 340 103 362 na
120 329 226 362 cado!
249 335 286 362 ut
310 330 446 372 quidem
471 328 642 360 veterrimi
671 328 764 360 codi-

61 390 130 412 ces.
154 390 219 412 non
237 380 352 421 promit
377 388 453 410 cum
481 378 637 418 vulgatis.
675 379 764 410 Met.

60 432 82 462 l.
101 440 150 463 lv.
174 433 182 449 ‘
201 432 352 471 laevaque
369 439 387 460 a
402 433 499 470 parte
512 429 666 459 Medusae
683 429 763 468 Ipse

61 486 275 513 retroversus
291 479 495 521 squallentia
515 478 667 518 prodidit
682 478 764 509 ora.’

61 531 116 562 nbi
132 532 264 572 protulit
278 531 379 561 etiam
392 530 489 570 vulgo
505 529 640 569 legitur.
658 529 765 560 Plura

61 582 102 612 ad
132 583 316 614 Nasonem.
345 580 501 621 sequenti
532 589 631 610 versu
655 580 765 610 devota

60 641 122 672 pro
146 632 260 662 donata
284 630 404 671 scripti
429 628 598 670 plerique.
623 629 712 670 quod
729 635 765 660 et

61 681 148 712 vidit
165 680 430 721 Raphelengius.
459 680 503 710 D.
522 679 635 710 Heius.

104 733 179 764 Nox
190 731 344 772 pronuba]
378 731 512 763 Numen
530 731 638 771 ipsum
654 731 765 762 noctis

58 781 177 814 favens
201 787 298 813 tanto
329 781 557 819 matrimonio,
580 785 615 811 et
644 790 765 821 gerens

61 833 225 873 pronubae
243 832 404 864 officium.
434 831 549 862 Barth.

102 886 165 915 644
190 884 313 915 Det-otu
326 882 408 922 toro]
435 882 555 913 Det-ota
569 882 656 912 euim
671 883 764 912 Deo-

59 943 133 965 rum
156 935 301 975 quadani
328 933 546 974 providentia
574 937 764 973 praevolam

60 989 96 1015 et
113 984 319 1015 destinatam
337 984 516 1023 conjugem
541 983 694 1015 Honorio
717 983 765 1012 in-

61 1033 170 1066 ducit.
195 1035 285 1076 quod
310 1044 376 1065 non
400 1039 567 1074 ceperunt
585 1034 640 1074 qui
658 1037 765 1063 muta-

61 1089 152 1114 runt.

104 1132 230 1163 Illurice
235 1132 379 1173 fulgens]
403 1133 594 1173 Purpuram
612 1133 764 1173 Impera-

61 1181 183 1213 loriam
210 1182 340 1212 induta.
398 1182 515 1213 Innuit
542 1182 656 1213 statim
689 1192 765 1214 cum

60 1233 223 1274 conjugio
249 1237 426 1273 augustam
453 1243 588 1273 quoque
620 1233 767 1272 dignita-

62 1287 131 1315 tem
163 1288 383 1324 accepturam
415 1283 558 1314 Honorii
590 1284 766 1323 Sponsam.

62 1333 140 1365 Hoc
157 1334 246 1364 enim
264 1333 367 1364 decus
384 1333 585 1373 conjugibus
603 1333 684 1364 dare
698 1343 768 1364 cer-

62 1388 97 1414 to
114 1384 256 1414 consilio
275 1383 480 1414 distulerunt
502 1384 652 1414 nonnulli
669 1384 767 1414 Prin-

62 1434 169 1474 cipes.
213 1434 269 1465 Sic
286 1434 436 1472 Gallam,
461 1434 643 1465 secundam
661 1444 768 1474 suam,

62 1493 130 1516 non
148 1483 232 1515 fecit
259 1484 449 1524 Augustam
473 1484 702 1523 Theodosius;
726 1494 767 1515 ne

63 1534 196 1565 scilicet
223 1534 368 1574 Augusti
397 1544 439 1564 ex
466 1544 506 1564 ea
533 1539 767 1573 nascerentur,

62 1585 95 1616 in
120 1584 259 1616 Arcadii
283 1590 319 1616 et
343 1584 485 1615 Honorii
512 1584 683 1623 damnum,
707 1589 765 1615 aut

63 1635 139 1674 ipsa
162 1635 319 1665 secundis
342 1634 432 1665 forte
460 1635 588 1675 nuptiis
612 1634 767 1665 umbram

64 1683 243 1724 dignitatis
261 1685 361 1715 alteri
377 1684 535 1716 deferret.
565 1686 681 1716 Barth.

106 1736 168 1765 647
196 1733 271 1764 Toto
287 1735 422 1765 dotanda
439 1734 533 1774 mari]
571 1735 673 1765 Omni
703 1735 768 1765 Im-

64 1784 160 1824 perio
178 1784 321 1816 Oceani.
350 1785 404 1815 Sic
421 1785 462 1816 de
476 1785 632 1825 Augusto
647 1785 768 1826 Vir-gil.

64 1837 73 1851 ‘
91 1836 207 1876 Teque
235 1836 300 1867 sibi
331 1845 493 1876 generum
523 1837 652 1877 Tethys
681 1842 769 1867 emat

65 1887 219 1918 omnibus
235 1887 356 1918 undis?
401 1888 531 1918 Dotem
556 1891 682 1927 autem,
708 1897 770 1918 usu

65 1938 189 1978 prisco,
210 1947 274 1968 nec
300 1937 380 1967 satis
406 1941 501 1975 noto,
526 1937 559 1967 in
583 1937 696 1967 mariti
713 1937 769 1967 bo-

65 1987 130 2026 nis,
147 1997 213 2018 non
237 1996 384 2027 sponsae,
405 1992 443 2017 ut
466 1987 580 2027 vulgo,
607 1987 771 2026 agnoscit.

68 2038 163 2069 Idem.

110 2089 174 2118 649
198 2086 355 2118 Thalamis
369 2086 542 2126 intendere]
580 2085 607 2116 A
635 2086 772 2127 fidibus,

66 2145 142 2177 quae
160 2146 227 2167 non
245 2137 308 2167 nisi
325 2142 432 2168 teusae
449 2141 582 2168 sonant.
611 2137 707 2169 Idem.

110 2190 170 2218 651
200 2187 300 2218 Trans
326 2187 428 2218 Rheni
460 2187 587 2227 cornua]
625 2188 710 2218 Cum
737 2191 773 2218 tu

67 2246 200 2268 omnem
231 2242 323 2268 trans
359 2238 514 2269 Rhenum
555 2238 773 2269 Germaniam

67 2288 137 2319 late
153 2287 400 2328 perdomueris.
427 2289 523 2319 Idem.

110 2342 174 2370 652
200 2339 309 2379 Captoe
321 2340 429 2380 spoliis
444 2339 632 2380 Babylonis]
654 2341 774 2371 Domi-

69 2390 113 2422 tis
143 2390 299 2429 Parthis;
334 2391 451 2422 horum
481 2391 569 2422 enim
597 2391 775 2432 Principa-

70 2446 141 2472 tum
159 2444 195 2472 et
210 2440 395 2481 Imperium
423 2440 635 2482 Babylonem
651 2447 776 2473 vocant

71 2490 267 2530 scriptores.
311 2490 491 2523 Theodosii
519 2496 634 2523 autem
656 2496 776 2524 contra

70 2541 215 2573 invictas
235 2541 316 2573 istas
335 2546 455 2583 gentes
473 2551 514 2574 ea
531 2541 676 2574 felicitas
699 2541 776 2583 fuit,

704 237 842 267 CONS.
875 237 1061 268 HONOR.

1404 231 1467 270 1:31
1475 233 1514 270 35

814 332 851 360 ut
867 338 984 369 pacem
1000 328 1043 360 ab
1064 339 1104 360 eo
1123 339 1182 369 per
1198 330 1329 369 legatos
1348 339 1516 370 petertnt,

815 388 855 409 eo
872 380 944 420 ipso
960 389 1047 410 anno
1072 390 1138 421 quo
1163 385 1261 410 natus
1285 381 1316 411 ei
1345 381 1513 413 Honorius

814 428 915 460 filius.
948 430 1045 461 Idem.

858 480 1033 520 Babylonis
1061 480 1202 520 onustus]
1240 479 1416 520 Babylonos
1449 491 1516 511 mv-

814 529 924 560 liores.
971 535 1074 561 recte.
1142 530 1368 561 Nemesianus
1409 531 1517 570 Cyne-

816 579 952 619 getico:
979 581 1111 620 ‘utque
1138 580 1254 610 intima
1275 578 1382 610 frater
1408 580 1518 610 Persi-

815 628 888 668 dos,
903 633 937 659 et
955 634 1088 659 veteres
1104 629 1296 669 Babylonos
1312 629 1445 669 ceperit
1467 639 1519 660 ar—

815 678 894 709 ces!
948 678 1130 717 Martialis,
1160 679 1218 709 lib.
1249 688 1330 710 vm.
1362 680 1425 719 Ep.
1463 684 1518 710 28.

815 729 824 746 ‘
843 729 922 760 Non
939 738 1002 770 ego
1018 729 1228 769 praetulerim
1241 729 1434 769 Babylonos
1449 731 1521 770 pic-

817 785 851 810 ta
868 780 1022 819 superboe
1033 780 1168 810 Texta.’
1211 780 1267 810 Sic
1287 784 1440 810 vetustus
1456 780 1520 810 fra-

816 834 904 861 trum
922 831 1154 861 Puteanorum
1171 831 1268 861 liber.
1305 831 1418 871 Vulgo
1430 832 1439 847 ⁴
1455 832 1520 862 Ba-

815 880 971 920 bylonica
1007 880 1101 920 picta
1144 880 1316 920 superbe!
1349 881 1358 897 ⁴
1372 881 1520 921 superba

816 930 983 971 Babylon'
1003 932 1125 972 passim
1143 933 1252 972 poetis
1273 932 1377 962 dicta.
1403 937 1519 963 noster

814 980 873 1011 lib.
891 990 912 1011 1.
928 981 962 1011 in
981 982 1126 1021 Eutrop.
1149 982 1156 998 ‘
1174 987 1308 1012 centum
1330 983 1437 1022 portis
1456 983 1520 1013 Ba-

815 1029 940 1070 bylona
951 1031 1152 1071 superbam!
1179 1032 1336 1062 Lucan.l.
1355 1041 1377 1061 ι.
1399 1033 1407 1047 ‘
1421 1032 1522 1062 Cum-

815 1090 879 1120 que
897 1081 1044 1120 superba
1064 1080 1154 1112 foret
1170 1081 1326 1120 Babylon
1343 1081 1521 1120 spolianda

815 1130 999 1170 trophaeis!
1044 1130 1118 1161 Lib.
1138 1139 1219 1161 vul.
1244 1133 1252 1146 ‘
1275 1130 1448 1170 murisque
1468 1139 1522 1159 su-

816 1180 955 1220 perbam
984 1180 1143 1221 Assyrius
1178 1179 1354 1220 Babylona
1383 1178 1522 1210 domos!

818 1232 865 1261 D.
885 1231 998 1262 Heius.

859 1285 921 1312 (553
941 1283 1064 1320 Majore
1077 1281 1166 1321 toga]
1193 1283 1351 1323 Utroque
1367 1280 1523 1312 nimirum

818 1333 972 1373 principe
1002 1333 1224 1364 Consulatum
1252 1333 1350 1363 simul
1378 1333 1524 1373 gerenti·

818 1383 888 1415 bus.
935 1384 1040 1422 sllnjor
1059 1385 1146 1423 Toga
1159 1384 1374 1414 illustriorem
1392 1392 1523 1423 pacem,

818 1434 994 1464 clariorem
1010 1439 1134 1464 statum
1151 1434 1248 1474 Reip.
1265 1433 1402 1464 indicat.
1427 1433 1523 1471 Mag-

818 1494 888 1514 num
913 1484 1001 1514 enim
1025 1494 1086 1524 pro
1116 1485 1293 1524 insigniter
1314 1484 1402 1515 bono
1421 1483 1525 1514 Vete-

818 1544 871 1565 res
887 1545 978 1575 sarpe
993 1535 1132 1566 habent.
1166 1535 1265 1565 Idem.

861 1584 986 1625 Annus]
1011 1585 1047 1615 Id
1067 1590 1131 1623 cst,
1153 1584 1368 1622 Consulatus,
1392 1587 1427 1614 ut
1444 1583 1524 1614 alibi

818 1645 922 1675 saepe,
939 1636 995 1675 qui
1013 1635 1149 1676 quidem
1169 1635 1315 1674 contigit
1341 1644 1427 1665 anno
1450 1637 1526 1665 380.

820 1686 942 1727 Itaque
967 1695 1042 1716 eum
1074 1685 1233 1716 Flaccilla
1259 1690 1370 1714 mater
1396 1683 1526 1721 docuit,

820 1735 862 1765 ad
880 1736 1003 1775 primas
1021 1736 1155 1766 curules
1181 1740 1329 1775 reptare,
1354 1739 1390 1764 ut
1413 1733 1524 1774 po'etae

820 1785 933 1815 verbis
948 1790 1036 1816 utar.
1064 1786 1186 1816 clm-er.

863 1837 925 1866 654
964 1835 1028 1865 Tuo
1047 1835 1151 1875 fusce]
1194 1835 1259 1865 Ταιι
1286 1834 1413 1865 militia.
1471 1832 1526 1864 Ad

819 1884 962 1924 fascem,
979 1896 1044 1926 quo
1063 1885 1236 1916 Romanus
1248 1885 1344 1915 miles
1360 1884 1528 1924 supellec-

819 1936 913 1966 tilem
930 1945 1022 1967 suam
1041 1936 1183 1976 gerebat
1201 1936 1267 1967 iter
1285 1934 1422 1966 faciens.
1451 1934 1525 1965 Ma-

821 1995 869 2022 ro,
885 1986 1013 2025 Georg.
1030 1995 1085 2016 111.
1107 1987 1115 2002 ‘
1134 1987 1220 2017 Non*
1230 1996 1325 2017 secus
1343 1995 1381 2016 ac
1408 1985 1528 2026 patriis

823 2046 901 2066 acer
919 2036 1093 2067 Romanus
1120 2036 1153 2066 in
1180 2037 1281 2067 armis
1307 2036 1438 2076 Injusto
1467 2034 1528 2066 sub

822 2085 915 2117 fasce
942 2087 1028 2117 viam
1056 2087 1134 2117 (lum
1157 2086 1289 2126 carpit.r
1336 2085 1528 2116 Radevicus

823 2136 959 2177 praefat.
985 2138 1077 2169 Hist.
1113 2140 1121 2155 ‘
1142 2138 1290 2177 Revera,
1321 2138 1383 2168 nisi
1414 2143 1529 2168 vestra

823 2189 932 2221 fretus
950 2199 1027 2230 ope,
1048 2190 1108 2221 sub
1131 2191 1195 2221 hoc
1217 2189 1310 2220 fasce
1333 2188 1530 2220 succumbo-

825 2242 916 2273 rem.'
941 2242 1058 2273 Barth.

867 2296 928 2323 655
955 2293 1138 2323 Horrebant
1156 2292 1291 2332 Bactra]
1324 2293 1416 2323 Voto
1441 2291 1531 2322 clau-

824 2342 876 2373 dit
893 2347 928 2373 et
942 2342 1120 2383 sponsione
1134 2341 1258 2374 futurae
1275 2341 1452 2373 felicitatis
1466 2341 1530 2371 Pa-

825 2393 1023 2433 negyricum
1062 2392 1177 2431 istum,
1215 2393 1325 2423 instar
1363 2391 1502 2422 aliorum
1520 2399 1529 2420 ι

826 2442 922 2474 Saevi
960 2442 1177 2481 Occidentis,
1215 2442 1338 2473 Bactra
1377 2438 1528 2471 Orientis

826 2493 949 2535 Regna
965 2493 1137 2525 denotant.
1163 2493 1257 2525 Idem.
