1851 3213
322 223 435 265 1170

321 332 412 371 Sex
433 333 577 370 emtus
598 326 776 369 solidis:
809 325 914 381 quid
934 325 1007 375 sit,
1025 325 1119 379 jam
1140 323 1252 364 scire
1274 322 1481 377 potestis.

381 397 430 438 Si
451 396 557 437 mihi
576 395 695 436 nulla
710 393 837 444 fides,
859 392 1021 433 credite
1043 392 1111 432 vel
1133 391 1293 445 pretio.

762 231 837 262 CL.
869 227 1152 261 CLAUDIAM
1189 227 1338 258 XCIII.

314 507 384 545 jam
403 509 533 548 potestis
552 515 731 547 cognoscere
751 504 826 545 quid
846 503 907 536 sit.-
928 503 1029 534 sinon
1043 502 1181 534 creditur
1195 501 1283 542 milui,
1297 501 1415 533 credite
1431 499 1541 531 saltem
1565 497 1680 539 pretio.

935 586 1072 598 ccccccc

323 658 396 688 queo
424 647 539 679 Ambr.

571 657 623 688 pr.
653 645 776 677 Sched.
806 644 964 677 Gud.-3
1003 643 1061 673 sim
1099 651 1159 682 pro
1186 643 1230 674 sit
1271 642 1401 672 Mon-et.

1077 586 1173 597 eeeee

1439 649 1491 680 pr.
1525 638 1585 670 scit
1614 637 1695 669 Vnt.
1724 645 1793 668 sec.

323 691 446 722 Petav.
473 701 539 722 sec.
571 694 713 731 potestur
738 689 814 721 ΑΜ.
837 688 917 719 Var.
950 687 1017 718 LL.
1047 696 1064 717 e
1094 695 1199 726 marg.
1234 685 1352 715 Parm.
1383 685 1521 724 potestus
1546 681 1624 712 Var.
1648 678 1796 713 LL.ed.

326 733 432 766 Antv.

999 792 1029 822 N
1035 791 1137 822 0¹1¹AE

369 876 388 904 4
416 872 542 903 Credite
557 871 602 901 vel
617 868 734 910 pretio]
763 867 864 901 Quod
881 870 950 898 tam
967 866 1034 898 vile
1090 870 1198 907 torea,
1212 864 1271 897 sed
1289 864 1414 896 birrus.

328 928 394 965 est,
406 927 444 955 ut
460 921 565 953 vestis
578 921 638 952 illa
651 929 718 952 non
731 919 877 951 dicenda
894 919 938 950 sit
954 918 1035 950 Cas-

960 1122 1168 1171 XCIII.

692 1290 763 1331 43.
825 1287 911 1328 DE
942 1281 1437 1327 ΗΙΡΡΟΡΟΤΑΜΟ.

334 1403 547 1451 U'rRAQU
561 1413 583 1441 Ε
603 1399 817 1442 foecundo
840 1398 1024 1439 nutritur
1042 1396 1195 1438 bellua
1214 1394 1339 1443 Nilo,

389 1469 594 1524 Quaeque
613 1472 741 1511 vorat
759 1479 924 1516 morsu,
946 1477 1135 1519 quaeque
1159 1462 1242 1504 sub
1265 1473 1339 1502 ore
1361 1458 1520 1501 fremit.

377 1568 489 1600 Bestia
503 1572 634 1609 utraque
648 1567 745 1599 alitur
759 1566 794 1598 in
811 1566 888 1597 Nilo
904 1564 1009 1603 feraci
1019 1576 1032 1603 ;
1055 1567 1085 1596 et
1111 1563 1170 1594 illa
1196 1571 1264 1602 quoe
1278 1561 1405 1591 devorat
1429 1557 1581 1599 dentibus,
1603 1560 1634 1588 et
1653 1555 1711 1588 illa
1734 1565 1803 1598 quae

332 1612 488 1650 infrendet
507 1621 568 1643 ore.

951 1661 1007 1672 Νι
1011 1658 1164 1672 “evoe“
1168 1658 1184 1669 e

377 1718 419 1748 In
444 1719 525 1749 Vat.
550 1727 601 1758 pr.
631 1716 694 1748 sub
720 1715 822 1747 finem
846 1715 910 1745 hoc
941 1717 977 1744 et
1003 1720 1146 1753 sequens
1173 1708 1468 1751 Epigrammation
1497 1710 1581 1739 erat.
1607 1706 1687 1738 Vat.
1718 1704 1805 1737 eod.

1079 1755 1217 1794 Utraque
1241 1752 1387 1792 foecundo
1416 1751 1568 1782 mutrilur
1593 1749 1692 1780 bellua
1720 1748 1810 1788 Nilo,

338 1803 478 1844 Quaeque
489 1805 577 1834 vorat
593 1812 707 1843 morsu,
720 1810 844 1842 quoeque
859 1799 914 1830 sub
929 1808 981 1830 ore
989 1796 1115 1837 fremit.
1137 1806 1216 1827 mox
1231 1796 1322 1826 linea
1337 1803 1403 1825 una
1422 1803 1528 1824 vacua
1543 1792 1674 1824 relicta.

334 1760 441 1792 habet
470 1760 616 1791 Iucn’rr
643 1768 691 1790 DE
721 1759 1007 1789 ΗΙΡΡΟΡΟΤΑΜΟ.

989 1895 1131 1929 NOTAE

380 1969 458 2002 Hoc
481 1969 695 2010 epigramma
710 1977 777 1999 non
794 1970 891 1998 extat
915 1967 950 1997 in
974 1967 1045 2007 qui-

338 2020 481 2053 busdam
498 2019 699 2057 Codicibus3
735 2022 770 2049 at
785 2027 829 2049 ne
846 2017 926 2059 quid
943 2017 1044 2047 relin-

338 2082 478 2114 quamus
505 2071 684 2111 intactum,
708 2080 817 2111 pauca
846 2070 909 2100 hac
941 2068 983 2100 de
1007 2078 1044 2099 re

337 2124 501 2155 dicemus.
555 2124 608 2154 En
635 2121 844 2163 etymologia
867 2121 1046 2162 Hippopo-

339 2174 441 2206 tami:
464 2173 568 2214 ἵππος,
584 2183 687 2213 equus,
704 2177 740 2204 et
753 2170 904 2211 ποταμὸς,
911 2171 1046 2212 fluvius,

341 2225 436 2267 quasi
463 2225 636 2256 diceretur
666 2233 760 2264 equus
780 2222 962 2263 fluviatilis,
990 2221 1045 2252 vel

340 2285 435 2315 equus
449 2276 604 2305 marinus:
627 2284 704 2304 nam
729 2278 763 2304 et
786 2271 924 2311 ποταμὸς
945 2272 1046 2302 sumi-

340 2328 399 2356 tur
435 2334 497 2364 pro
537 2324 677 2354 Oceano
715 2323 804 2364 apud
845 2323 1044 2353 Homerum.

341 2373 548 2406 Claudianus
573 2374 699 2414 duplex
726 2373 891 2414 ejusmodi
918 2372 1044 2403 bellua-

342 2433 418 2455 rum
434 2433 539 2464 genu>¹
559 2423 731 2462 agnoscit3
761 2433 862 2454 uuum
879 2422 969 2464 quod
986 2422 1044 2453 de-

342 2479 455 2515 voret,
484 2476 628 2506 alterum
658 2476 745 2516 qnod
772 2474 905 2506 fremat.
974 2475 1045 2505 Has

344 2531 458 2559 tamen
487 2525 695 2556 differentias
711 2536 777 2557 non
801 2525 908 2556 refert
925 2524 1047 2556 Aldro-

342 2578 472 2609 vandus
490 2578 640 2618 UlysseS.

387 2630 405 2659 1
440 2627 570 2667 Bellum]
606 2627 882 2667 Hippopotamus
904 2626 1048 2666 scilicet,

345 2677 402 2709 cui
417 2681 529 2709 tamen
546 2683 667 2709 contra
688 2677 851 2716 Soliuum,
866 2677 1046 2716 AElianum,

346 2732 384 2759 et
414 2727 497 2760 alios
525 2727 603 2759 huic
637 2728 759 2759 belluae
790 2726 959 2758 hinnitum
987 2726 1047 2757 tri-

346 2778 506 2821 buentes,
522 2788 633 2821 neque
655 2777 788 2820 jubam,
809 2786 921 2819 neque
943 2775 1051 2807 hinni-

1101 1970 1184 2005 tum,
1198 1973 1310 2005 neque
1331 1963 1433 1994 ullam
1450 1961 1529 2003 equi
1547 1959 1806 1992 similitudinem

1099 2015 1220 2047 tribuit
1234 2014 1449 2046 doctissimus
1465 2012 1517 2043 vir
1534 2010 1659 2043 Fabius
1673 2010 1806 2042 Colum-

1099 2076 1153 2098 na.
1198 2065 1307 2097 Immo
1329 2065 1403 2096 haec
1419 2063 1494 2095 fera
1519 2062 1614 2094 bovis
1637 2061 1808 2103 magnitu-

1100 2117 1213 2148 dinem
1234 2121 1293 2147 aut
1317 2114 1468 2154 excedit,
1492 2118 1551 2145 aut
1573 2112 1746 2154 adaequat,
1770 2117 1808 2144 et

1100 2169 1256 2199 cruribus
1274 2176 1389 2198 ursum
1409 2164 1535 2203 refert3
1561 2168 1732 2204 caputque
1747 2162 1807 2194 ha-

1100 2218 1159 2249 bet
1176 2216 1423 2258 quodammodo
1436 2215 1585 2250 suillum,
1599 2217 1634 2244 et
1650 2213 1699 2243 sic
1712 2211 1808 2244 ἵππος

1100 2279 1166 2300 non
1182 2269 1234 2298 hic
1252 2267 1389 2307 proprie
1413 2263 1583 2306 significat
1606 2273 1729 2304 equum,
1745 2263 1806 2294 sed

1099 2329 1263 2358 magnum.-
1297 2317 1402 2348 habet
1430 2316 1517 2346 enim
1545 2315 1610 2345 vim
1636 2313 1805 2354 augendi3

1100 2370 1186 2400 adeo
1204 2374 1241 2400 ut
1255 2366 1467 2405 ἱπποπόταμος
1484 2365 1622 2407 proprie
1645 2364 1736 2395 idem
1762 2364 1808 2396 sit

1102 2430 1140 2451 ac
1153 2420 1340 2460 praegrande
1366 2417 1484 2448 animal
1499 2415 1597 2456 fluvii
1623 2417 1678 2445 aut
1700 2414 1808 2445 maris.
1830 2416 1835 2459 Ι

1101 2470 1212 2501 Fluvii
1226 2469 1377 2510 quidem,
1395 2469 1474 2509 quia
1490 2465 1687 2505 nascitur-riu
1711 2464 1809 2504 Nilo,
1829 2469 1838 2522 Ι

1101 2525 1137 2552 et
1153 2521 1296 2551 maxime
1308 2520 1340 2549 in
1358 2519 1433 2549 lacu
1448 2517 1615 2554 Dambea,
1629 2516 1670 2545 de
1682 2514 1805 2555 quibus

1101 2581 1216 2612 supra,
1240 2571 1273 2600 iu
1290 2570 1399 2609 Nigro
1413 2567 1531 2605 fluvio,
1551 2566 1650 2606 Indo,
1666 2569 1702 2596 et
1713 2564 1806 2596 aliis:

1100 2623 1255 2653 nascitur
1277 2620 1380 2651 etiam
1409 2619 1442 2649 in
1467 2618 1563 2656 mari,
1590 2616 1617 2647 si
1642 2614 1755 2646 Plinio
1770 2613 1831 2662 fi-2

1103 2673 1180 2703 des:
1205 2671 1295 2702 unde
1311 2674 1348 2701 et
1365 2669 1484 2700 Poetae
1502 2665 1732 2706 ἱπποποτάμους
1747 2675 1806 2697 vo-

1103 2726 1181 2754 cant
1198 2721 1299 2753 etiam
1317 2719 1427 2750 Protei
1439 2728 1540 2759 pecus,
1826 2725 1832 2764 Ι

1148 2773 1239 2814 Nilo]
1271 2771 1371 2804 Nilus
1404 2770 1566 2811 abundat·
1589 2768 1830 2818 Hippopota·2

1826 2831 1828 2851 l
