1851 3213
275 188 389 230 1416

274 295 341 326 teri
356 295 444 327 libro
462 305 527 327 non
542 308 635 337 agros
647 300 769 339 patrios
784 301 964 341 legendum
977 312 984 331 :

272 345 282 363 ‘
301 346 450 386 patrium
468 347 685 388 Aquilonem'
711 351 841 381 Statius
866 351 897 381 in
924 352 985 382 hac

272 398 529 438 comparatione
544 399 690 431 dixerat.
719 402 764 430 D.
783 401 899 432 Heins.

317 448 450 487 Ingenti
479 450 639 491 clangore]
678 450 809 481 Gruum
847 453 986 493 clangor

273 497 431 537 absonus,
461 498 504 529 ob
522 509 661 539 asperas
679 500 822 531 arterias
840 500 985 533 Alexan-

272 548 336 580 der
353 548 612 589 Aphrodisaeus,
628 552 802 584 Problem.
821 562 932 586 cxxv.

316 602 444 632 AEstim
460 602 636 642 relinquunt
656 603 804 644 Thracia]
834 605 905 636 Ubi
923 617 984 637 aes-

271 651 483 691 umbrantur,
495 654 600 693 pulsae
612 664 700 685 nunc
713 655 845 695 hyeme.
859 656 985 697 AEgyp-

272 706 345 733 tum
378 707 493 733 autem
534 702 673 744 fugiunt
712 705 829 736 adulta
860 711 982 738 aestate

271 762 419 793 rursum,
462 754 505 785 ob
537 755 658 786 nimios
696 757 841 795 calores,
880 758 983 797 inque

271 805 447 836 Thraciam
463 806 655 837 aestivatum
681 807 840 838 redeunt.
885 809 985 839 AElia-

273 865 348 893 nus,
366 855 515 886 Animal.
534 866 575 886 11.
594 860 624 887 l.
649 858 767 889 Barth.

316 909 381 937 476
403 905 587 946 Strymona]
613 908 750 939 Fluvius
766 909 983 949 celebris‚di-

272 955 392 986 videns
408 966 427 986 a
444 957 648 988 Macedonia
664 959 859 991 Thraciam.
886 961 982 992 Idem.

315 1010 379 1038 477
407 1008 541 1039 Tea-itur
566 1009 625 1039 alis
650 1010 776 1051 Litera]
810 1011 984 1043 Graecani-

274 1067 350 1087 cum
369 1058 526 1089 nimirum
543 1064 581 1090 A.
616 1061 788 1101 Lucanus,
813 1062 872 1093 lib.
889 1073 923 1094 v.
941 1064 982 1095 de

271 1108 413 1147 gruibus
431 1114 640 1149 tempestate
657 1113 801 1151 sparsis:
826 1114 834 1129 ‘
853 1114 899 1144 Et
915 1119 983 1145 tur-

272 1156 357 1188 bata
388 1159 479 1199 perit
511 1160 674 1201 dispersis
701 1162 803 1193 litera
840 1164 983 1203 pennis!

272 1207 372 1240 Idem.

321 1261 456 1292 Texitur
486 1263 560 1303 ulis]
605 1264 719 1295 Durus
757 1266 982 1298 ablativorum

273 1321 479 1343 concursus:
506 1314 582 1353 lege
598 1316 683 1346 ales:
706 1317 768 1346 ales
784 1317 892 1347 littera
905 1327 983 1358 quo-

272 1361 374 1391 modo
399 1365 407 1379 ‘
426 1363 494 1393 ales
512 1364 638 1403 planta'
666 1366 757 1405 apud
774 1367 906 1405 Silium,
924 1368 982 1399 lib.

269 1420 302 1441 v.
326 1412 334 1428 ‘
355 1413 424 1442 ales
440 1414 624 1453 plumbum'
650 1420 684 1446 et
708 1416 716 1432 ‘
735 1417 982 1457 alesjaculum'

271 1462 360 1501 apud
388 1463 534 1494 eundern
562 1465 621 1495 lib.
640 1475 695 1496 111.
718 1471 753 1497 et
770 1476 860 1499 xvxi.
885 1468 893 1484 ‘
912 1469 982 1500 ales

272 1513 414 1543 arundo’
432 1514 523 1555 apud
544 1516 784 1549 Prudentium.
801 1524 836 1549 et
852 1519 982 1552 similia.

272 1563 346 1602 pari
361 1565 460 1595 modo
475 1571 656 1606 peccatum
673 1568 733 1599 lib.
746 1578 784 1599 11.
801 1569 832 1599 in
847 1570 981 1602 Stilich.

271 1615 358 1653 ‘jam
369 1614 458 1646 fama
470 1617 670 1657 loquacibus
684 1619 743 1650 alis
755 1620 921 1652 Pervolat
934 1621 981 1652 Ο-

274 1666 549 1705 ceanumlinguis
565 1667 584 1697 :’
599 1678 673 1698 cum
688 1671 750 1700 ales
763 1670 980 1702 scribendum

271 1714 334 1746 sit:
379 1716 495 1756 inepte
522 1720 588 1748 alas
608 1718 708 1756 fama>
740 1722 880 1760 loquaces
905 1722 979 1753 (lari

270 1765 344 1806 quis
355 1775 418 1796 non
430 1767 523 1798 videt
536 1769 546 1798 ?
557 1769 680 1800 famam
691 1775 784 1801 recte
794 1772 910 1802 alitem
921 1772 981 1803 fin-

269 1817 331 1856 git.
342 1817 390 1847 sic
403 1816 478 1848 ἔπεα
493 1819 674 1859 πτερόεντα,
688 1822 772 1852 alata
784 1822 889 1862 verba,
907 1833 980 1863 pas-

271 1866 334 1896 sim
349 1868 436 1907 apud
452 1869 571 1908 poetas
582 1870 741 1901 Graecos:
755 1872 797 1902 de
813 1874 980 1912 gruumli-

270 1921 344 1947 tera
354 1917 742 1960 Sympos.AEnig.xxvi.
754 1923 762 1938 ‘
780 1923 897 1954 Litera
908 1934 981 1955 snm

271 1967 347 1997 caeli
364 1977 476 2007 penna
493 1970 688 2010 perscripta
707 1972 831 2002 volanti
847 1972 868 2003 :'
893 1975 981 2004 male

270 2019 373 2058 vulgo
385 2020 530 2051 volantis.
558 2021 709 2053 Martial.
722 2023 779 2055 lib.
792 2033 842 2056 ix.
855 2025 863 2041 ‘
879 2026 979 2057 Quod

270 2077 383 2107 penna
402 2070 572 2100 scribente
600 2081 700 2111 grues
719 2073 760 2103 ad
788 2074 900 2105 sidera
919 2076 981 2106 tol-

269 2118 367 2148 lant!
414 2118 510 2150 Idem
540 2121 574 2151 in
608 2121 751 2154 xeniis:
789 2125 797 2140 ‘
814 2124 980 2155 Turbabis

270 2178 399 2209 versus,
414 2180 477 2201 nec
493 2171 595 2202 litera
610 2176 684 2203 tota
701 2173 841 2214 volabit,
867 2175 979 2207 Unam

269 2220 463 2260 perdideris
491 2222 516 2252 si
543 2223 735 2254 Palamedis
758 2225 887 2256 avem?
910 2237 979 2257 con-

266 2271 418 2301 scribitur
445 2273 546 2304 etiam
575 2284 641 2305 non
668 2275 852 2307 inscribitur
878 2279 977 2318 prim.

267 2322 347 2352 Vat.
369 2326 405 2352 et
430 2322 642 2355 Oiselianus:
680 2325 851 2367 iidemque
876 2328 978 2367 paulo

268 2377 371 2403 ante:
396 2372 405 2389 ‘
422 2382 486 2403 nec
504 2384 597 2404 mons
615 2380 673 2406 aut
698 2377 783 2407 silva
799 2378 979 2411 retardat.’

268 2422 314 2454 D.
332 2423 444 2454 Heins.

313 2476 377 2504 480
399 2473 568 2514 Arripiunt
584 2475 692 2515 nares]
727 2476 977 2510 Gubernaculis

267 2525 332 2556 sibi
361 2525 540 2557 adsumtis.
600 2527 678 2558 Non
709 2529 821 2567 potuit
856 2531 976 2561 melius

267 2575 465 2606 describere
492 2575 666 2607 incensam
686 2577 854 2610 Oratione
876 2580 976 2611 Prin-

268 2625 356 2666 cipis
373 2625 540 2656 militiam.
565 2626 683 2657 Barth.

309 2678 373 2707 481
401 2676 444 2706 Et
461 2676 525 2707 vela
540 2676 662 2718 legunt]
685 2677 803 2717 Ligant
817 2679 975 2711 undecim

268 2725 407 2766 scripti:
433 2725 524 2767 quod
540 2727 678 2766 placet:
704 2729 779 2759 vela
803 2730 891 2760 enim
909 2740 975 2761 non

266 2777 428 2818 leguntur
444 2778 508 2810 nisi
526 2784 683 2811 cessante
702 2784 804 2812 vento
822 2785 879 2813 aut
898 2787 976 2823 post

519 201 665 233 NOTAE
696 203 967 236 VARIORUM
1001 206 1053 237 IN
1087 207 1164 238 ct..
1196 207 1379 239 CLAUD.
1413 210 1498 242 XV.

1040 302 1294 342 navigationem
1318 302 1532 335 confectam:
1557 314 1672 347 neque
1686 306 1746 338 ali-

1041 355 1096 382 ter
1108 353 1206 393 prim.
1219 354 1333 385 Vatic.
1348 363 1412 394 pro
1425 354 1563 386 diversa
1577 355 1742 388 lectione:

1040 403 1131 443 apud
1148 404 1307 442 Statium,
1323 404 1415 445 Sylv.
1429 404 1516 436 libro
1533 414 1584 437 lv.
1597 407 1640 437 ad
1656 408 1748 438 Mar-

1039 454 1181 486 cellum:
1221 457 1230 472 ‘
1249 455 1400 486 Thebais
1439 461 1562 496 optato
1605 457 1747 498 collegit

1038 505 1181 537 carbasa
1196 510 1299 547 portu
1315 506 1333 536 2’
1357 506 1448 547 apud
1465 507 1658 546 Maronem,
1669 508 1745 540 AEn.

1038 566 1094 588 111.
1116 557 1124 573 ‘
1142 557 1227 588 Vela
1252 558 1372 597 legunt
1396 557 1478 588 socii
1507 561 1544 588 et
1570 567 1686 597 proras
1702 558 1746 589 ad

1037 607 1139 638 litora
1169 608 1352 649 torquent?
1399 608 1526 649 Georg.
1543 618 1568 639 1.
1609 611 1617 626 ‘
1643 613 1746 650 atque

1037 658 1146 689 omnis
1173 659 1288 689 navita
1305 663 1410 699 ponto
1438 658 1592 690 Humida
1609 660 1684 691 vela
1700 660 1748 691 le-

1037 707 1108 747 git!
1153 709 1326 748 Lucanus,
1355 708 1485 741 lib.111.
1519 710 1662 749 ‘legere
1691 720 1746 741 ru-

1037 757 1170 796 dentes,
1199 759 1245 788 Et
1263 759 1374 798 posito
1401 759 1503 790 remis
1519 760 1693 800 petierunt
1708 761 1746 791 li-

1038 811 1112 837 tora
1128 807 1241 839 malo!
1265 809 1308 839 D.
1326 809 1442 840 Heius.

1079 860 1143 888 483
1179 859 1309 898 Alpheo:²
1346 858 1448 899 Pisce]
1491 858 1623 891 Urbem
1659 860 1746 892 dicit

1037 907 1200 947 Etruriae,
1230 908 1263 939 in
1289 909 1383 949 cnjus
1400 909 1472 940 sinu
1500 909 1646 941 collecta
1671 911 1746 943 haec

1037 958 1165 989 classis.
1188 959 1307 990 Barth.

1081 1009 1181 1049 Pisae]
1208 1010 1299 1040 Urbs
1317 1010 1350 1041 in
1363 1011 1486 1042 Tuscia
1503 1021 1521 1042 a
1533 1010 1748 1053 Pisanis‚qui

1036 1059 1189 1091 Arcades
1205 1069 1314 1101 erant,
1329 1062 1479 1093 condita.
1505 1063 1628 1094 Claver.

1079 1113 1141 1141 485
1159 1110 1267 1150 Aulis]
1285 1112 1355 1143 Ubi
1372 1112 1674 1153 congregabantur
1690 1122 1747 1144 na-

1036 1170 1095 1191 ves
1112 1162 1227 1192 classis
1245 1163 1286 1193 ad
1304 1163 1440 1203 Trojam
1459 1164 1571 1195 iturae..
1608 1164 1725 1196 Barth.

1079 1215 1142 1243 488
1165 1212 1231 1243 Aut
1257 1214 1394 1253 rumpite
1413 1213 1536 1255 funem]
1560 1214 1684 1255 Isingr.
1710 1220 1747 1247 et

1035 1262 1281 1300 Mazarin.jam
1295 1265 1414 1294 vellite.-
1431 1265 1496 1295 duo
1511 1265 1647 1303 aliijam
1664 1276 1746 1297 rum-

1032 1312 1112 1352 pite.
1149 1313 1246 1353 prim.
1276 1314 1354 1345 Vat.
1383 1319 1418 1345 et
1448 1315 1635 1346 Patavinus
1667 1326 1744 1348 cum

1038 1362 1234 1394 Oiseliano:
1260 1363 1269 1380 ‘
1283 1364 1407 1396 Vellite
1426 1366 1635 1404 proclamant
1651 1367 1747 1408 socii,

1030 1412 1104 1452 jam
1125 1414 1239 1444 vellite
1255 1413 1382 1447 funem.
1405 1416 1493 1447 Sane
1508 1415 1547 1446 τὸ
1561 1416 1670 1448 solvite
1685 1417 1746 1448 mi-

1035 1473 1097 1494 nus
1114 1465 1327 1505 concinnum,
1343 1466 1420 1507 quia
1444 1467 1576 1498 solverat
1601 1476 1745 1508 praeees-

1036 1514 1100 1545 sit:
1129 1525 1321 1557 quanquam
1338 1520 1373 1546 et
1400 1516 1434 1547 id
1452 1516 1584 1548 Latinis
1600 1517 1745 1559 scripto·

1035 1565 1127 1595 ribus
1151 1566 1325 1598 usitatum.
1360 1566 1485 1607 Virgil.
1509 1567 1585 1600 AEn.
1601 1567 1661 1599 lib.
1687 1578 1744 1600 111.

1035 1617 1043 1632 ‘
1062 1615 1170 1656 fugite
1195 1622 1299 1658 atque
1327 1627 1346 1647 a
1370 1618 1486 1648 littore
1510 1616 1625 1648 funem
1642 1618 1746 1650 Rum-

1035 1667 1127 1706 pite.'
1155 1667 1246 1699 idem
1272 1673 1309 1699 et
1342 1668 1560 1710 ‘convellere
1582 1668 1697 1701 funem
1725 1680 1744 1701 a

1034 1716 1139 1747 terra'
1155 1717 1187 1747 in
1207 1718 1336 1758 Georg.
1361 1719 1459 1749 dixit.
1484 1720 1612 1750 Lucan.
1627 1719 1688 1751 lib.
1704 1729 1742 1752 v.

1031 1767 1040 1783 ‘
1059 1767 1221 1806 Rumpite
1249 1777 1324 1808 quae
1354 1768 1504 1799 retinent
1530 1767 1649 1800 felices
1672 1770 1745 1801 vin·

1032 1817 1109 1847 cula
1126 1817 1268 1856 proras?
1291 1818 1335 1849 D.
1357 1818 1468 1850 Heius.

1075 1870 1136 1898 491
1158 1869 1257 1908 Cupio
1271 1869 1409 1900 tellurem
1416 1870 1522 1911 figere
1537 1871 1661 1911 rostris]
1681 1873 1743 1904 Cu-

1029 1919 1099 1959 pidz'
1115 1920 1360 1960 telluremfigite
1378 1921 1616 1955 Farnesianus.
1644 1923 1741 1956 Idem.

1075 1972 1138 2000 493
1179 1970 1332 2001 Revolant
1365 1971 1481 2011 mergi]
1517 1972 1742 2014 Inauspicata

1033 2020 1103 2050 avis
1120 2020 1341 2061 navigaturis,
1358 2022 1446 2063 quod
1464 2027 1664 2063 mergantur
1679 2024 1744 2055 sci-

1032 2073 1114 2104 licet
1132 2083 1288 2113 semper:
1315 2074 1482 2114 auspicati
1507 2075 1622 2116 cygni,
1649 2074 1742 2118 quod

1030 2133 1202 2164 nunquam
1221 2125 1295 2156 toti.
1319 2125 1438 2156 Barth.

1074 2177 1138 2206 494
1164 2176 1319 2206 Occidnus
1340 2175 1411 2216 Sol]
1435 2176 1476 2207 In
1503 2177 1604 2218 Solis,
1627 2177 1739 2218 Lucis,

1031 2226 1154 2257 Noctis
1190 2227 1439 2268 Monosyllabis
1467 2228 1622 2260 versibus
1649 2229 1740 2260 clau-

1030 2275 1154 2306 dundis
1185 2276 1350 2309 affectant
1387 2279 1533 2320 aliquam
1566 2280 1740 2320 emphasin

1028 2327 1224 2366 scriptores.
1253 2329 1351 2360 Idem.
1669 2352 1672 2354 v

1071 2379 1134 2408 495
1158 2378 1306 2418 Lunaque
1328 2379 1495 2420 conceptis]
1516 2380 1606 2412 Vide
1628 2380 1670 2412 ad
1686 2391 1739 2414 iv.

1030 2427 1131 2458 Cous.
1149 2428 1242 2459 Hon.
1258 2439 1305 2460 vs.
1322 2431 1397 2460 427.
1423 2430 1521 2461 Idem.

1071 2480 1135 2509 496
1169 2478 1215 2508 Et
1243 2478 1368 2516 confusa
1393 2481 1502 2521 vagos]
1535 2480 1681 2522 Gyrald.
1704 2488 1740 2516 et

1028 2529 1184 2569 plerique
1199 2539 1242 2560 ex
1265 2529 1389 2560 nostris
1413 2533 1551 2563 contusa.
1568 2534 1738 2573 quomodo

1027 2579 1207 2618 legendum
1225 2579 1338 2609 monui
1367 2579 1409 2610 ad
1427 2590 1474 2611 VS.
1491 2583 1546 2611 22.
1576 2583 1676 2614 Cons.
1693 2583 1741 2615 0-

1027 2628 1114 2669 lybr.
1141 2629 1210 2667 alii,
1236 2639 1387 2661 concussa.
1409 2630 1535 2668 confusa
1559 2632 1737 2665 Fan-nesta-

1027 2689 1100 2710 nus.
1127 2680 1174 2710 D.
1191 2679 1304 2711 Heius.

1073 2730 1200 2771 Crines]
1235 2730 1360 2762 Radios
1392 2731 1541 2763 siderum
1573 2739 1609 2765 et
1638 2733 1735 2776 ignes

1028 2780 1086 2822 qui
1103 2791 1146 2812 ex
1159 2781 1200 2812 iis
1217 2780 1440 2823 descendere,
1453 2787 1512 2815 aut
1521 2792 1621 2821 ruere
1633 2794 1736 2827 quan-
