1851 3213
301 225 417 267 1078
772 234 848 263 cn.
881 231 1161 263 Chaunum
1197 231 1337 262 xmv.

302 329 530 380 Durando,
550 328 840 383 membrisque
858 329 958 368 terit
976 327 1255 367 redeuntibus
1275 335 1444 374 aevum;

300 398 407 440 Non
429 399 572 452 epulis
594 402 788 439 saturare
810 397 982 445 famem,
1004 409 1088 436 uon
1108 395 1301 436 sontibus
1321 391 1424 432 ullis

299 465 522 507 Assuetus
544 466 776 519 prohibere
799 464 940 505 sitim:
975 462 1052 503 sed
1073 464 1225 516 purior
1246 463 1368 503 illum

300 533 418 574 Solis
439 534 583 574 fervor
604 533 696 582 alit,
715 537 987 585 ventosaque
1008 531 1173 583 pabula
1193 530 1302 570 libat

299 600 509 654 Tethyos,
534 600 712 640 innocui
733 612 916 652 carpens
939 597 1148 638 alimenta
1168 597 1364 650 vaporis.

299 666 521 708 Arcanum
544 667 717 708 radiant
736 666 855 707 oculi
871 665 1033 719 jubar:
1066 665 1217 716 igneus
1239 677 1318 705 ora

300 734 447 787 Cingit
465 735 626 775 honos:
657 734 792 774 rutilo
813 737 1045 783 cognatum
1065 732 1232 771 vertice
1255 730 1378 771 sidus

298 800 474 842 Attouit
497 802 702 841 cristatus
726 811 860 852 apex,
882 799 1174 850 tenebrasque
1196 811 1350 838 serena

1711 525 1768 566 15

297 914 328 940 et
354 909 501 940 consumit
526 910 622 939 vitam
651 918 776 948 corpore
798 912 965 940 renovato.-
1004 918 1066 939 non
1095 908 1185 938 solita
1214 908 1321 938 sedare
1335 906 1489 945 jejunium
1513 905 1599 945 cibis,
1620 914 1680 936 non
1709 914 1763 937 ex-

296 953 440 991 tinguere
463 952 550 982 sitim
573 952 645 982 ullis
671 952 782 991 aquis,·
803 955 837 982 at
863 952 946 982 calor
974 952 1083 991 purior
1106 951 1188 981 Solis
1209 951 1311 981 nutrit
1332 950 1417 980 illam
1444 958 1553 988 avem,
1576 952 1605 978 et
1621 947 1694 978 haec
1712 949 1764 978 de-

293 998 401 1034 gustat
418 995 640 1025 nutrimentum
655 998 745 1025 tenue
765 994 908 1035 Tethyos,
927 995 1079 1034 accipiens
1102 995 1194 1034 dapes
1221 994 1343 1033 vaporis
1367 992 1498 1023 innoxii.
1546 990 1638 1021 Oculi
1662 989 1764 1021 1³11oe-

294 1037 378 1068 nicis
393 1038 541 1068 emittunt
556 1037 660 1067 radios
675 1041 823 1068 secretos:
846 1039 935 1067 decor
959 1037 1093 1077 quidam
1104 1038 1271 1077 flammeus
1293 1035 1389 1066 ambit
1412 1038 1547 1065 rostrum
1573 1033 1671 1073 ejus3
1697 1042 1764 1064 ver·

296 1083 350 1110 tex
366 1080 474 1111 elatus
489 1080 594 1111 cristis
609 1083 813 1120 repraesentat
838 1080 969 1111 culmine
985 1080 1114 1111 micanti
1129 1083 1246 1110 astrum
1260 1079 1372 1118 simile,
1387 1079 1512 1117 Solem,
1524 1080 1553 1108 et
1560 1076 1662 1118 findit
1687 1075 1764 1107 cali·

917 1182 1151 1194 eeeeeeeeeeee

297 1260 349 1290 pr.
384 1250 436 1290 qui
461 1250 527 1280 vita
555 1250 684 1280 Buslid.
718 1251 808 1281 stella
820 1250 872 1289 qui
896 1249 1009 1281 Oxou.
1035 1259 1104 1280 sec.
1141 1250 1264 1280 invidus
1279 1248 1399 1280 Ambr.
1416 1259 1467 1289 pr.
1483 1248 1607 1279 Sched.
1626 1246 1764 1278 Gud.—

296 1296 336 1324 12
360 1293 545 1324 Durandum
574 1293 639 1323 inc.
665 1293 784 1323 Heius.
822 1293 969 1322 Purando
986 1293 1069 1323 Exc.
1088 1293 1234 1322 Lucem.
1263 1301 1313 1331 pr.
1339 1293 1406 1321 duo
1431 1300 1510 1321 vero
1533 1300 1627 1331 seqq.
1646 1299 1762 1320 versus

295 1335 417 1366 desunt
438 1336 470 1364 iu
486 1334 703 1364 Buslid.—l5
732 1334 932 1372 Talisfervor
947 1345 1009 1374 pro
1026 1335 1106 1364 Solis
1114 1334 1225 1372 fervor
1241 1334 1336 1365 Med.
1353 1343 1422 1364 sec.
1458 1337 1621 1372 ventosque
1636 1335 1666 1363 et
1683 1333 1765 1364 Vat.

294 1377 338 1408 D.
371 1378 483 1417 pabula
502 1377 619 1407 Ambr.
636 1387 687 1416 pr.
720 1379 837 1416 papula
863 1376 976 1407 Oxou.
994 1386 1062 1407 see.
1103 1376 1181 1406 libat
1200 1377 1277 1407 Vat.
1297 1386 1346 1416 pr.
1361 1376 1468 1406 Oisel.
1485 1375 1580 1405 Med.
1598 1384 1665 1405 sec.
1682 1374 1767 1407 Put.

293 1420 375 1450 Vat,
395 1420 502 1449 Liviu-
523 1420 607 1449 Exc.
624 1419 703 1449 Pat.
721 1429 790 1449 rec.
810 1429 852 1449 m.
869 1428 934 1449 see.
971 1422 1076 1457 portat
1104 1419 1227 1449 Petav.
1244 1428 1310 1449 sec.
1344 1421 1434 1458 potat
1460 1423 1529 1448 tres
1554 1417 1651 1448 Vatt.
1680 1417 1763 1448 item

293 1461 335 1492 A.
354 1467 388 1492 et
402 1462 443 1491 D.
463 1460 567 1492 Hafu.
593 1462 685 1492 Rott.
701 1461 852 1491 Florem.
875 1461 941 1490 inc.
960 1461 1081 1491 Heius.
1096 1461 1225 1492 Bonon.
1244 1461 1363 1491 Ambr.
1382 1466 1461 1492 tert.
1480 1461 1601 1491 Petav.
1619 1470 1670 1500 pr.
1687 1460 1765 1491 Μο-

294 1509 357 1535 ret.
376 1513 425 1543 pr.
444 1504 556 1534 Oxou.
574 1513 642 1534 see.
662 1503 748 1534 Cod.
773 1503 892 1544 Epigr.
923 1503 1041 1533 Ambr.
1076 1504 1159 1534 Exc.
1190 1504 1332 1535 Lucens.
1361 1513 1412 1543 pr.
1442 1503 1520 1534 Ald.
1547 1503 1630 1534 var.
1658 1503 1727 1534 LL.
1744 1512 1764 1533 e

293 1556 400 1586 marg.
417 1547 532 1576 Parm.
550 1551 585 1576 et
599 1546 653 1577 ed.
670 1546 865 1577 Antv.——16
887 1546 1026 1576 innocuit
1043 1545 1118 1576 Vat.
1137 1555 1188 1585 pr.
1207 1546 1317 1576 olsel.
1341 1546 1441 1586 carpit
1459 1546 1612 1576 Florent.
1640 1544 1767 1586 capiens

293 1589 511 1630 Cod.Epigr.
527 1588 647 1620 Ambr.
681 1588 807 1629 pavoris
820 1589 902 1620 Vat.
922 1590 1087 1620 tert.-17
1111 1589 1220 1628 igneus
1243 1589 1291 1618 ori
1307 1588 1431 1619 Petav.
1449 1591 1588 1629 [πη-19
1609 1589 1766 1629 crispatus

956 1685 1101 1717 NOTAE

337 1774 378 1803 12
402 1771 571 1812 Durando]
595 1772 756 1804 Tacitus:
781 1773 790 1789 ‘
809 1773 865 1804 De
888 1782 1003 1803 nnme-

294 1832 332 1854 ro
355 1832 516 1853 annorum
542 1823 636 1853 varia
659 1823 852 1855 traduntur.
892 1823 1003 1854 Maxi-

293 1881 348 1903 me
364 1872 538 1911 vulgatum
557 1873 816 1913 quingentorum
834 1874 1000 1914 spatium:

292 1927 372 1955 sunt
387 1923 444 1964 qui
460 1929 656 1954 asseverent
673 1924 763 1954 mille
778 1924 1003 1965 quadringen-

295 1978 348 2004 tos
379 1974 559 2013 sexaginta
599 1984 698 2004 unum
729 1974 903 2015 interjici‚'
934 1978 999 2006 ἃς.

295 2021 502 2054 Claudianus
543 2023 622 2053 huic
660 2024 718 2054 dat
751 2024 841 2054 mille
871 2034 998 2056 annos:

293 2072 492 2104 Herodotus
531 2074 736 2114 quingentos
785 2080 819 2104 et
859 2076 1000 2115 quadra-

293 2122 409 2164 ginta:
447 2123 676 2154 Philostratus
704 2130 903 2156 sexcentos:
942 2126 999 2156 alii

292 2173 368 2214 plus
399 2178 457 2204 aut
496 2174 616 2205 minus.
677 2174 780 2215 Apud
814 2176 998 2207 Luciauum

293 2223 430 2255 Φοίνικος
446 2223 514 2263 ἔτη,
532 2225 690 2256 Phoenicis
703 2226 790 2265 armi,
812 2226 998 2268 longiorem

292 2274 396 2306 vitam
413 2275 606 2316 designant.

337 2327 376 2355 15
417 2325 552 2365 Fen-or]
598 2326 744 2357 Phoenix
775 2326 911 2359 fovetur
943 2329 997 2360 be·

291 2375 392 2416 nigno
421 2376 535 2406 calore
567 2376 666 2415 Solis,
697 2382 731 2408 et
768 2383 909 2409 ventoso
938 2389 999 2410 seu

291 2426 386 2457 tenui
403 2435 529 2465 vapore
544 2426 658 2464 maris,
681 2427 771 2467 quod
799 2428 998 2460 alimentum

290 2475 473 2507 innocuum
492 2481 544 2506 est
558 2479 592 2506 et
610 2475 806 2517 benignum,
821 2484 857 2509 et
875 2480 998 2510 nullius

290 2525 445 2565 impensa
470 2526 719 2564 accipiendum.
755 2527 900 2559 Ovidius
917 2539 997 2561 vero

292 2575 336 2607 de
351 2576 536 2607 Phoenice:
554 2579 563 2592 ‘
582 2577 656 2607 Nec
674 2576 859 2617 frnge,nec
870 2579 998 2619 herbis,

292 2626 358 2658 Sed
386 2627 493 2658 thuris
524 2628 693 2668 lacrymiS,
721 2634 755 2659 et
787 2639 889 2661 succo
912 2631 997 2663 vivit

292 2677 438 2709 amomi.'
459 2678 525 2709 Sed
550 2680 625 2719 quis
639 2679 757 2709 extitit
772 2681 781 2696 ‘
797 2680 852 2720 qui
870 2681 995 2713 viderit

293 2733 485 2761 vescentem
496 2728 518 2759 ?'
542 2728 645 2770 Apud
669 2729 818 2760 Plinium
842 2730 877 2761 id
894 2738 995 2772 negat

290 2779 301 2797 ‘
318 2779 446 2822 primus
472 2783 576 2822 atque
597 2778 874 2820 diligentissimus
902 2784 996 2823 toga-

1058 1776 1169 1803 torum
1186 1771 1372 1803 Manilius.'

1102 1826 1142 1854 16
1170 1823 1315 1864 Tethyos]
1344 1823 1431 1854 Haec
1455 1826 1508 1854 est
1529 1822 1614 1867 „Dea
1643 1821 1766 1853 maris:

1058 1874 1196 1914 ponitur
1214 1883 1276 1914 pro
1293 1874 1366 1913 ipso
1383 1873 1479 1903 mari.

1101 1927 1139 1956 17
1166 1925 1309 1955 Radicmt
1316 1923 1428 1964 jubar]
1463 1922 1614 1954 Radiant
1645 1922 1689 1954 ob
1711 1923 1766 1963 ju·

1057 1975 1118 2006 bar
1147 1976 1291 2013 scilicet,
1333 1976 1381 2006 sic
1412 1975 1530 2006 Graeci
1568 1974 1765 2015 intelligunt

1055 2028 1182 2066 saepius
1200 2024 1290 2057 κατά.
1324 2026 1496 2056 Emittnut
1513 2033 1634 2063 nempe
1651 2023 1764 2055 radios

1056 2076 1218 2117 quosdam
1248 2085 1388 2106 arcanos
1415 2075 1485 2106 Soli
1509 2074 1645 2105 similes.
1682 2075 1763 2106 Non

1055 2127 1228 2157 dissimilis
1251 2131 1303 2156 est
1333 2125 1476 2156 Plinius.
1512 2126 1521 2141 ‘
1542 2124 1698 2166 Aquilae,'
1713 2125 1764 2157 in-

1054 2178 1139 2218 quit,
1152 2182 1310 2208 narratur
1333 2175 1578 2216 magnitudine,
1601 2175 1674 2205 auri
1699 2173 1764 2206 ful-

1054 2238 1135 2269 gore.
1164 2229 1255 2259 circa
1292 2228 1389 2267 colla,
1419 2231 1535 2258 cetera
1559 2235 1764 2266 purpureus,

1053 2279 1234 2309 coernleam
1259 2278 1364 2309 roseis
1390 2276 1532 2308 caudam
1557 2276 1674 2316 pennis
1698 2275 1764 2306 dis-

1055 2329 1299 2369 tinguentibus,
1329 2328 1442 2359 cristis
1472 2325 1608 2365 faciem,
1643 2331 1763 2368 caput-

1054 2389 1119 2420 que
1137 2380 1274 2420 plumeo
1291 2379 1388 2419 apice
1408 2378 1676 2410 cohonestante.'

1098 2434 1138 2462 17
1163 2431 1278 2470 Igneus
1292 2430 1401 2470 honos]
1425 2430 1519 2470 Ignis
1537 2429 1686 2470 quidam,
1703 2429 1762 2470 qui

1053 2481 1216 2513 conciliat
1231 2481 1393 2511 honorem
1416 2485 1451 2511 et
1469 2479 1760 2520 pulchritudinem

1055 2531 1218 2562 Phoenici.
1267 2530 1423 2561 Solinus:
1469 2530 1477 2546 ‘
1496 2529 1579 2560 Avis
1614 2529 1785 2561 Phoenix⁴

1052 2582 1186 2623 Aquilae
1219 2579 1467 2620 magnitudine,
1502 2579 1617 2619 capite
1656 2578 1760 2610 hono-

1052 2637 1126 2663 rato
1159 2632 1193 2662 in
1223 2640 1344 2662 conum
1383 2629 1505 2670 plumis
1536 2628 1759 2661 extantibus!

1051 2683 1247 2715 Herodotus
1265 2686 1378 2713 autem
1398 2679 1438 2711 τὰ
1456 2678 1514 2719 μὲν
1532 2679 1627 2710 αὐτοῦ
1645 2679 1760 2721 χρυσό·

1049 2746 1131 2773 κομα
1155 2735 1217 2765 τῶν
1236 2733 1367 2774 πτερῶν,
1388 2730 1430 2762 τὰ
1455 2731 1480 2762 δ’
1507 2728 1632 2771 ἐρυθρός
1670 2729 1760 2768 huius

1048 2785 1221 2818 Phoenicis
1236 2785 1356 2816 alarum
1370 2782 1533 2824 haeflavae,
1545 2781 1611 2812 illa
1623 2780 1739 2813 mbroe.
