1851 3213
242 195 358 238 1448

244 310 311 341 que
327 300 486 331 Fortunae
515 299 657 331 crimina
682 299 899 339 clrcuniagit,
916 302 955 329 ut

245 352 339 382 nulla
355 352 435 390 sint,
448 352 547 383 modo
561 352 610 382 vir
625 351 667 382 sit
683 361 765 381 sexu
780 351 953 381 'Romanus

246 403 383 434 Consul.
425 403 549 434 Crimen
567 400 899 441 dixstopprobrinm,
916 404 954 431 ut

246 453 325 484 alibi
349 453 485 494 saepius.
532 451 697 482 Alludere
713 454 748 481 et
772 460 812 480 eo
839 454 955 490 potest

244 509 282 534 nt
300 503 389 534 infra
414 502 582 532 Malitiain
610 500 766 531 servilem
792 499 955 530 detrudat

245 554 460 592 Eunuchum,
483 552 620 591 ingenia
636 552 725 582 enim
742 551 878 582 servilia
894 560 955 582 sua

246 608 369 634 natura
385 604 475 633 mala
493 606 582 634 sunt.
605 602 723 634 Barth.

289 657 331 685 27
356 655 480 685 Laxata
493 653 651 694 compede]
675 652 889 684 Metallarios
906 652 953 683 vi·

246 705 348 736 detur
365 705 490 744 dicere,
505 705 561 745 qni
575 704 609 734 in
626 703 759 734 fodinas
777 703 954 742 destinati,

244 755 365 786 ferreis
383 755 603 795 compedibus
620 753 866 784 attinebantur.
891 753 955 783 Lu-

246 815 362 844 canus,
383 805 405 835 l.
424 814 488 835 vn.
511 805 520 821 ⁶
540 804 655 834 vincto
680 802 811 833 fossore
840 802 956 833 colun·

247 861 302 888 tur
318 855 496 896 Hesperiae
512 853 669 894 segetes)
695 854 793 884 Idem.

289 909 332 936 28
351 905 531 941 Quirinales
544 903 677 944 cinctus]
704 904 854 935 Habitus
868 904 957 935 Con-

244 957 383 987 sul-ares.

290 1007 479 1048 Ergastula]
503 1007 669 1038 Carceres
688 1006 829 1037 serviles
843 1009 878 1036 et
891 1005 959 1045 gla-

248 1058 398 1098 diatorii,
424 1059 456 1088 in
485 1058 606 1099 quibus
637 1056 860 1088 laborandum
884 1059 959 1086 erat

250 1109 412 1150 captivis.
436 1109 554 1139 Barth.

292 1159 401 1199 Rupta
417 1158 590 1198 ergastula]
629 1157 847 1198 Ergastulum
864 1157 958 1188 locus

247 1209 280 1240 in
298 1219 364 1250 quo
381 1209 422 1239 ad
447 1219 532 1249 opus
560 1207 757 1238 faciendum
783 1207 871 1236 servi
887 1206 959 1236 vin—

248 1260 405 1297 ciuntur3
430 1259 472 1289 ab
489 1256 802 1297 e’pyd‘gopaz,operor.
834 1255 957 1286 Isidor.

247 1311 271 1341 1.
289 1319 348 1340 xv.
378 1311 454 1340 c.6.
492 1309 588 1339 Suet.
614 1307 728 1337 Tiber.
757 1316 786 1337 c.
805 1308 834 1336 S.
871 1305 959 1337 Tull.

248 1369 310 1400 pro
325 1360 462 1391 Cluent.
485 1361 493 1375 ‘
513 1358 581 1391 Qui
598 1358 688 1388 iuter
704 1357 844 1387 sicarios
867 1356 960 1387 daui-

250 1415 349 1440 nntus
363 1414 428 1448 est,
445 1419 565 1439 manus
581 1408 712 1448 incidit,
729 1412 763 1438 et
780 1406 870 1448 apud
884 1416 961 1437 euin

252 1461 318 1491 fuit
335 1461 367 1490 in
386 1459 586 1500 ergastulo!
611 1461 667 1491 De
686 1459 792 1490 servis
809 1458 856 1488 ibi
869 1459 962 1489 vinc-

251 1512 296 1542 tis
310 1512 418 1542 Vetus
447 1510 652 1542 Scholiastes
680 1506 839 1542 Ju‘venal.
867 1509 907 1540 ad
925 1509 962 1540 il-

249 1561 308 1592 lud
342 1561 413 1591 Sat.
444 1569 485 1591 11.
524 1560 742 1601 ‘Squallidns
775 1560 810 1590 in
838 1569 963 1599 magna

249 1611 383 1643 fastidit
400 1611 568 1652 compede
589 1610 722 1643 fossor!
759 1611 850 1642 Flor.
868 1611 889 1641 l.
904 1619 960 1641 111.

250 1672 280 1694 c.
312 1665 364 1693 19.
387 1663 396 1679 ‘
417 1662 626 1703 Frequentia
653 1662 839 1701 ergastula,
869 1666 963 1691 cate-

252 1714 394 1754 natique
408 1715 570 1752 cultores,
584 1714 763 1744 materiam
775 1713 866 1743 bello
879 1723 964 1753 prae-

253 1763 384 1794 buere.’
434 1764 558 1794 Lucan.
574 1764 596 1793 l.
610 1773 650 1793 11.
676 1764 685 1780 ‘
702 1763 847 1794 Servilia
862 1764 963 1794 solvit

254 1813 427 1854 Agmina,’
443 1816 508 1843 aec.
533 1813 678 1852 Dempst.
774 1813 778 1815 ’

297 1867 340 1896 29
377 1865 442 1895 Des
468 1865 578 1894 saltem
610 1873 816 1904 quemcunque
846 1863 964 1903 virum]

254 1915 333 1946 Non
351 1915 440 1945 enim
465 1913 529 1944 viri
556 1918 635 1944 sunt
658 1913 825 1953 Eunuchi,
842 1918 964 1953 utpote

253 1968 261 1983 ‘
280 1965 380 1997 Alter
405 1975 487 2005 quos
509 1964 643 2005 pepulit
670 1974 785 2004 sexus,
817 1974 881 1995 nec
897 1974 964 1995 sus-

254 2017 340 2056 cipit
379 2013 491 2046 alter.'
536 2015 703 2055 Eutropio
732 2015 794 2045 hoe
825 2014 965 2046 fortuna

255 2066 351 2097 (ledit
370 2071 406 2097 nt
424 2071 504 2096 ante
526 2066 634 2106 ipsum
657 2065 700 2096 ad
724 2075 839 2106 parem
855 2066 964 2106 digni-

254 2124 361 2149 tatem
378 2128 477 2149 nemo
494 2119 677 2149 Eunuchus
695 2119 906 2159 pervenerit.

300 2169 495 2200 Discrimina
524 2171 664 2211 qucedam
706 2169 788 2200 Sunt
813 2168 963 2209 famulis]

256 2219 323 2250 Hic
354 2221 444 2250 enim
473 2230 590 2251 servus
614 2221 787 2251 honestior
817 2221 964 2252 habetur

255 2270 313 2310 qui
331 2269 479 2310 unijuge
493 2272 573 2301 hero
593 2271 766 2302 servitium
785 2272 963 2312 praestitst,

255 2320 384 2361 quippe
397 2320 525 2360 ingenii
538 2322 702 2361 melioris,
723 2332 799 2352 cum
817 2331 962 2363 nequam

255 2370 377 2402 caeteri
393 2375 527 2401 mutent
543 2380 635 2411 saepe
658 2372 809 2403 dominos
834 2373 876 2403 ob
894 2382 962 2404 ma-

254 2421 376 2452 litiam.
415 2421 519 2452 Certe
536 2421 742 2462 disciplinas,
759 2423 879 2463 quibus
891 2434 962 2464 prae

253 2473 329 2503 aliis
345 2472 403 2503 alii
420 2472 569 2503 instituti
593 2477 702 2512 erant,
718 2473 913 2504 discrimina
928 2475 962 2505 in

256 2523 363 2554 servis
380 2522 504 2554 fecisse
519 2533 585 2554 non
601 2528 652 2554 est
667 2523 868 2555 dubitabile.
893 2525 963 2557 Alii

255 2573 347 2604 enim
364 2573 562 2614 Paedagogi.
607 2573 676 2604 Alii
694 2574 835 2605 Medici.
882 2575 964 2606 Cre-

253 2624 334 2655 bros
359 2623 462 2654 fuisse
490 2623 739 2655 Grammaticos
765 2625 892 2656 clarum
919 2635 963 2656 ex

254 2673 379 2705 libellis
395 2674 550 2704 Suetonii
577 2674 764 2705 Illustrium
789 2674 898 2706 literis
913 2675 962 2706 vi-

255 2733 383 2755 rorum.
429 2724 477 2755 Hi
493 2734 633 2755 necesse
660 2724 840 2756 habuerint
863 2735 961 2757 suum

254 2774 404 2816 aliquem
431 2784 502 2815 prae
525 2775 608 2816 aliis,
634 2780 673 2806 ut
695 2775 845 2816 loquitur
862 2776 961 2808 Clau-

257 2822 377 2858 dianus
392 2831 521 2868 noster,
533 2825 764 2867 splendorem.
787 2827 904 2859 Barth.

457 205 602 237 NOTAE
636 204 902 236 VARIORUM
938 202 990 233 IN
1024 202 1100 233 CL·
1131 202 1316 233 CLAUD.
1350 201 1499 233 XVIII.

1050 299 1091 328 30
1114 297 1196 328 Sunt
1215 296 1362 335 famulis,
1385 294 1455 336 ξω]
1479 294 1578 326 Inter
1593 303 1708 326 servos

1004 346 1038 377 hi
1052 347 1195 388 priores,
1209 347 1418 388 posteriores
1436 346 1484 376 illi
1500 355 1542 376 ex
1557 345 1709 377 Comico.

1006 397 1112 429 Arist.
1140 398 1197 429 lib.
1221 407 1244 429 1.
1274 398 1378 428 Polit.
1410 406 1441 429 e.
1462 400 1493 427 4.
1516 397 1626 427 δοῦλος
1651 394 1710 436 πρὸ

1005 447 1128 489 δούλου,
1145 447 1298 485 δεσπότης
1319 448 1378 488 πρὸ
1405 446 1568 478 δεσπότου.
1597 447 1712 478 Servus

1004 503 1076 530 unte
1103 509 1235 539 servum,
1266 501 1409 530 donnz'nus
1437 502 1511 529 ante
1543 498 1710 529 domi-uum.

1004 550 1125 590 Eurip.
1148 550 1183 580 in
1211 550 1336 580 Helen.
1363 549 1422 589 πρὸ
1447 550 1606 580 δεσποτῶν
1630 549 1713 578 τοῖσι

1002 599 1173 638 ’γενναίοισι
1189 598 1311 630 δούλοις
1336 598 1565 630 εὐκλεέστατον
1587 599 1712 630 θανεῖν;

1003 650 1037 681 id
1065 655 1131 690 est,
1156 654 1228 682 ante
1257 651 1396 681 dominos
1422 650 1583 690 generosis
1612 649 1714 680 servis

1000 702 1258 741 gloriosissimum
1291 702 1382 732 mori.
1419 701 1506 732 Tull.
1540 699 1715 731 Paradox-

1004 760 1054 782 VI.
1072 752 1222 790 legatur,
1238 750 1296 781 ubi
1319 750 1502 782 servitutes
1519 750 1712 790 distinguit.

1006 802 1121 833 Plaut.
1141 800 1274 831 Asinar.
1291 805 1360 832 act.
1379 810 1419 831 11.
1437 810 1528 832 scen.
1549 810 1599 832 iv.
1623 800 1715 841 prin-

1005 852 1072 892 cip.
1104 852 1285 892 Dempster.

1051 902 1212 933 Maculam
1236 900 1400 941 minorem]
1423 900 1492 932 Sed
1512 904 1626 932 tamen
1647 910 1716 931 ma-

1006 953 1130 992 culam,
1147 962 1223 983 cum
1240 952 1318 983 talis
1335 951 1379 982 sit
1404 951 1579 982 servitutis
1593 951 1717 982 Roma-

1007 1013 1060 1034 nae
1077 1002 1240 1042 conditio,
1256 1007 1293 1034 ut
1307 1002 1361 1033 vix
1375 1003 1533 1033 humana.
1556 1001 1672 1032 Barth.

1050 1056 1091 1084 31
1109 1054 1245 1085 Domino
1262 1054 1313 1094 qui
1331 1053 1447 1084 vixerit
1462 1053 1535 1094 uno]
1558 1050 1715 1082 Amicum

1008 1104 1157 1135 Domino
1173 1103 1390 1144 mancipium.
1422 1103 1522 1134 Idem.
1701 1108 1705 1113 “

1055 1155 1118 1191 Qui
1151 1155 1267 1185 riserit
1293 1153 1368 1193 uno]
1405 1154 1468 1184 Uni
1494 1152 1632 1184 codices
1658 1151 1717 1182 de-

1009 1215 1093 1236 ceni.
1148 1205 1256 1235 Paulo
1291 1208 1371 1234 ante
1403 1212 1466 1243 pro
1502 1202 1581 1241 Des,
1617 1202 1716 1241 prim.

1008 1255 1125 1285 Vatic.
1140 1254 1285 1284 Lucens.
1303 1258 1339 1283 et
1357 1263 1416 1283 sex
1434 1253 1490 1283 alli
1506 1252 1572 1292 Da,
1589 1257 1625 1283 et
1648 1253 1718 1282 Hoc

1008 1305 1112 1344 regni,
1125 1305 1278 1343 Fortuna,
1294 1305 1367 1343 lues,
1378 1304 1533 1335 Florent.
1547 1303 1581 1335 S.
1591 1303 1718 1335 Marci.

1009 1365 1074 1386 non
1091 1356 1281 1386 invenuste.
1307 1355 1353 1385 D.
1370 1354 1484 1386 Heius.

1053 1409 1094 1437 32
1117 1405 1254 1446 Aretias]
1274 1406 1367 1438 Nota
1382 1404 1643 1446 impossibilium
1659 1414 1719 1436 no·

1011 1457 1110 1489 tatio.
1138 1457 1251 1488 Barth.

1055 1510 1096 1538 33
1120 1506 1218 1546 dura]
1242 1506 1417 1538 Dominia.
1449 1506 1546 1538 Idem.

1057 1561 1098 1590 34
1122 1558 1265 1588 Mutavit
1287 1556 1423 1597 tabulas]
1446 1557 1645 1588 Familiares
1670 1556 1719 1588 in-

1013 1609 1106 1639 dices
1135 1608 1308 1638 servilium
1333 1617 1540 1648 operarum3
1563 1616 1646 1648 quas
1667 1611 1719 1638 to-

1014 1659 1078 1690 ties
1096 1658 1272 1689 venditum
1290 1658 1489 1690 Eunuchum
1506 1658 1632 1705 saepius
1649 1667 1720 1688 mu-

1013 1715 1103 1741 tasse
1131 1711 1327 1749 oportebat.
1385 1710 1524 1742 Quanta
1550 1708 1719 1739 famulitia

1012 1760 1143 1791 fuerint
1163 1761 1348 1790 Procerum
1367 1759 1499 1790 indicat
1522 1758 1577 1788 vel
1599 1758 1721 1789 Petro-

1012 1811 1133 1841 nianus
1160 1810 1362 1850 Eumolpus,
1389 1809 1487 1850 cnjus
1510 1808 1638 1840 familia
1663 1808 1720 1839 vel

1014 1860 1257 1900 Carthaginem
1285 1869 1410 1900 capere
1437 1859 1588 1900 potuisse
1608 1858 1720 1900 perhi-

1013 1910 1123 1942 betur.

1060 1962 1186 1997 Quanta
1216 1960 1362 1991 vocabula
1391 1960 1503 2000 vertit]
1537 1960 1631 1993 Quot
1660 1969 1722 1991 nc-

1013 2014 1119 2052 mina,
1149 2013 1206 2052 ait,
1237 2012 1448 2043 dominorum
1481 2011 1627 2042 mutavit
1654 2012 1722 2042 Eu-

1013 2065 1156 2105 tropius,
1177 2064 1269 2103 dum,
1295 2064 1388 2095 velut
1409 2063 1605 2094 vilissimum
1629 2072 1721 2093 man-

1014 2117 1156 2158 cipium,
1178 2125 1302 2146 venum
1328 2116 1355 2147 it
1381 2124 1530 2156 semper,
1555 2124 1620 2145 nec
1641 2123 1719 2145 con-

1014 2173 1107 2199 stans
1120 2167 1218 2198 ullibi
1235 2166 1412 2198 servitium
1425 2166 1573 2207 reperit?
1596 2166 1719 2208 Itaque

1013 2218 1102 2250 infra
1114 2229 1162 2250 vs.
1180 2222 1232 2251 60.
1245 2220 1254 2236 ‘
1267 2220 1516 2261 Pei-mutatque
1531 2219 1649 2251 domos
1662 2229 1720 2251 va-

1013 2272 1098 2302 rias:
1121 2271 1191 2312 quis
1203 2271 1338 2302 nomina
1352 2271 1460 2311 possit
1470 2271 1584 2301 Tanta
1592 2269 1720 2311 sequi?

1012 2321 1186 2352 Videntur
1201 2322 1289 2353 notis
1311 2321 1512 2363 quibusdam
1528 2330 1645 2352 servos
1659 2329 1719 2350 no-

1013 2376 1117 2412 tasse,
1133 2376 1171 2402 nt
1198 2372 1232 2402 in
1261 2376 1369 2411 tanta,
1385 2371 1516 2412 aliquot
1537 2379 1630 2410 saepe
1647 2369 1720 2400 mil-

1013 2423 1106 2462 lium,
1136 2422 1249 2461 turba,
1285 2422 1439 2462 dignosci
1469 2421 1543 2462 ipso
1574 2424 1719 2461 aspectu

1014 2476 1176 2513 possent:
1210 2473 1261 2503 lire
1289 2478 1378 2503 notae
1409 2471 1526 2512 utique
1552 2470 1719 2502 vocabula

1014 2528 1112 2554 erant
1136 2523 1361 2562 dominorum,
1383 2531 1465 2563 quos
1492 2522 1718 2554 characteres

1013 2574 1100 2605 dicit
1115 2574 1156 2604 B.
1183 2573 1300 2604 Ambr.
1327 2573 1427 2604 Orat.
1450 2573 1484 2603 in
1501 2573 1635 2604 Funere
1651 2574 1720 2604 Va-

1012 2624 1214 2656 lentiniani:
1238 2624 1247 2641 ‘
1266 2623 1474 2655 Charactere
1502 2624 1640 2656 Domini
1668 2625 1719 2656 in-

1011 2675 1209 2706 scribuntur
1232 2679 1268 2705 et
1283 2675 1385 2714 servi,
1401 2680 1437 2706 et
1453 2675 1589 2706 nomine
1605 2675 1721 2716 Impe-

1011 2726 1134 2757 ratoris
1174 2725 1347 2766 signantur
1384 2724 1538 2756 milites?
1591 2725 1719 2757 Potest

1010 2782 1130 2808 noster
1146 2780 1182 2808 et
1197 2786 1236 2807 eo
1260 2775 1420 2816 intelligi,
1435 2775 1528 2817 quod
1543 2784 1720 2807 servorum

1011 2827 1159 2868 nomina,
1177 2836 1254 2859 cum
1272 2826 1504 2859 venderentur
1530 2826 1566 2868 ii,
1585 2820 1719 2858 mutata
