1852 3182
524 221 573 250 IN
611 220 845 251 RUFINUM
881 221 974 250 Lm.
1009 221 1039 251 1.

57 315 218 347 uiantium
249 315 408 356 prmdam,
437 311 539 353 φέρειν
569 312 611 342 ad
646 321 755 343 rerum

57 366 207 406 praedam
244 366 404 406 pertinet.
458 364 650 404 Junctaqne
682 363 754 393 lia’c

55 424 216 446 summam
244 420 278 445 et
304 413 484 453 capitalem
514 418 615 453 atquc
642 413 755 442 imma-

55 465 222 496 nissimain
240 474 374 504 prorsus
388 463 609 493 vastationem
624 468 756 501 sonant,

53 520 156 555 atque
173 513 410 553 direptionem.
457 513 573 544 Barth.

97 566 294 603 Extinguere
330 563 426 603 cii-es]
469 563 652 594 Extinxisse
681 563 753 603 jam

54 619 285 655 praecessvrat.
344 614 452 645 Recte
484 624 564 654 ergo
596 615 754 645 Bartliius

51 674 126 695 cum
153 663 335 703 Isingrino,
358 665 556 695 exscz'ndere:
579 668 682 704 atque
704 664 754 694 ita

52 713 190 755 Gymld.
207 714 351 746 Lucens.
375 714 473 754 prim.
489 714 602 746 vatic.
619 718 653 745 et
670 714 753 745 Del-

49 763 89 795 rii
106 763 228 795 codex.

90 816 153 845 23⁴1
179 815 245 845 Nec
261 814 351 845 celeri
366 815 465 845 mitta
487 814 584 854 letho]
609 814 752 855 Gyrald.

47 865 148 906 prim.
164 866 278 896 Vatic.
296 865 419 904 Isingr.
436 871 469 895 et
493 865 569 896 edd.
587 857 752 905 quaedani,

46 925 121 947 cum
140 916 248 947 tribus
265 916 338 947 aliis
355 916 506 956 scriptis,
521 917 611 948 celari
625 916 751 956 perimit

45 966 145 997 letho.-
168 967 250 997 nihil
268 972 360 997 muto
388 972 511 998 tamen.
537 967 638 998 Ovid.
658 967 749 997 Fast.

48 1025 86 1047 ιι.
124 1017 133 1033 ‘
152 1017 304 1057 Corpora
333 1026 398 1047 non
427 1017 520 1047 letho
551 1018 651 1047 missa
681 1023 749 1047 tre-

45 1071 147 1098 centa
161 1066 274 1098 forent
289 1067 310 1097 :'
333 1072 368 1097 et
385 1067 442 1098 lib.
461 1077 493 1098 v.
517 1068 525 1083 ‘
542 1077 660 1097 manus
673 1067 748 1097 mis-

45 1126 138 1147 suras
156 1115 311 1147 Hectora
329 1116 432 1146 letho'
458 1116 558 1148 dixit.
604 1117 747 1155 Statius,

45 1165 153 1196 Theb.
179 1173 245 1197 vu.
269 1166 278 1182 ‘
297 1175 395 1206 quem
423 1165 474 1196 fas
503 1166 678 1198 dimittere
701 1167 747 1197 le-

42 1215 124 1247 tho)
149 1215 276 1247 Postea
304 1216 474 1247 cruciatum
500 1217 597 1256 prim.
632 1217 746 1248 Vatic.

42 1277 118 1299 mox
135 1270 274 1299 retardet
289 1278 387 1310 quam
405 1270 547 1299 retardat
563 1269 661 1300 malo.
700 1269 746 1300 D.

42 1317 155 1349 Heius.

84 1368 151 1398 Nec
175 1368 302 1408 perimit
330 1369 423 1400 celeri
451 1369 547 1410 letho]
587 1369 747 1408 Explicat

40 1428 192 1449 caussam
217 1419 436 1460 sequentibus
462 1429 659 1459 concessuque
681 1420 746 1450 rita

39 1468 150 1498 dolori.
184 1469 384 1508 Exemplum
423 1468 455 1498 in
494 1468 643 1505 Tiberio,
680 1469 745 1499 Dio

38 1518 97 1549 lib.
115 1527 215 1549 Lvui.
261 1519 306 1549 Et
321 1518 440 1549 eodem
457 1518 513 1550 lib.
544 1519 553 1535 ⁴
573 1519 670 1549 Inter
688 1529 745 1549 eos

39 1567 94 1608 qni
127 1573 198 1599 tum
227 1569 340 1599 necati
365 1572 454 1607 sunt,
480 1568 616 1598 Asinius
642 1569 744 1599 etiam

40 1618 158 1649 Gallus
176 1617 252 1656 fuit,
273 1628 348 1649 cum
371 1628 436 1659 quo
453 1619 507 1649 vix
534 1619 682 1658 tandem,
698 1619 744 1650 ita

38 1669 126 1699 enim
143 1669 215 1710 ipse
232 1669 449 1710 loquebatur,
471 1670 501 1699 iu
528 1670 671 1707 gratiam
691 1679 743 1700 re-

37 1719 157 1750 dierat.
206 1719 262 1750 Ita
289 1720 390 1750 modo
411 1720 555 1760 quodam
580 1719 742 1750 inusitato

38 1768 208 1800 efficiebat
235 1774 271 1800 ut
300 1770 370 1800 vita
406 1769 574 1800 nonnullis
614 1770 741 1810 suppli-

38 1818 138 1857 cium,
161 1828 249 1850 mors
265 1823 356 1849 esset
374 1818 598 1850 beneficium:
624 1819 743 1850 Barth.

78 1870 140 1899 237
158 1869 311 1899 Pare-endi
321 1869 436 1908 rabies]
456 1869 620 1900 Ammian.
635 1870 644 1886 ‘
658 1869 742 1900 Nul-

36 1918 68 1948 la
84 1918 254 1950 crudelior
272 1919 445 1950 sententia
459 1922 512 1949 est
528 1928 566 1949 ea
583 1928 649 1959 qua
667 1929 742 1960 par-

36 1977 112 2000 cere
129 1969 291 2000 videtur)

81 2019 236 2050 Pan—endi
252 2019 368 2060 rabies]
391 2020 477 2050 Dum
495 2030 543 2059 se,
558 2025 596 2051 nt
611 2020 649 2050 iis
666 2029 741 2060 par-

38 2075 105 2108 cat,
130 2074 275 2101 mortem
301 2068 441 2101 differre
461 2071 607 2109 simulat,
635 2071 741 2101 multo

36 2121 132 2151 saw-‘it
148 2120 332 2159 crudelius,
345 2130 443 2161 quam
462 2120 487 2151 si
506 2121 617 2152 subito
635 2121 740 2152 vitam

36 2170 192 2208 evitaret,
217 2169 500 2210 quemadmodum
527 2170 615 2201 dixit
643 2175 741 2201 vetus

35 2220 229 2261 Tragoedus.

81 2271 287 2311 Concessaqae
301 2270 365 2301 rita
378 2270 491 2310 dolori]
507 2271 739 2310 Tyrannorum

37 2330 89 2350 ars
107 2325 141 2351 et
168 2320 290 2351 laetitia
312 2321 464 2351 homines
488 2321 641 2357 miseros,
657 2331 739 2361 quos

36 2369 279 2401 excarnificare
314 2371 404 2402 omni
434 2380 559 2410 genere
587 2371 739 2402 dolorum

37 2420 164 2459 volunt,
191 2430 210 2451 a
236 2425 344 2451 morte
361 2420 553 2461 prohibere,
570 2430 613 2451 ne
637 2420 737 2450 finem

34 2470 204 2510 accipiant
219 2475 374 2511 optatum
393 2471 582 2501 tormentis.
607 2471 724 2501 Barth.

79 2522 227 2552 Concessa
241 2520 355 2560 dolori]
379 2520 564 2561 Supplicio.
602 2521 723 2552 Delrio.

78 2573 140 2601 238
158 2572 244 2601 Mors
258 2573 371 2602 adeone
384 2581 494 2611 param
510 2570 571 2610 est]
593 2570 650 2601 Sic
667 2571 739 2601 Cte-

36 2628 90 2649 sar
116 2620 206 2658 apud
228 2621 352 2651 Salust.
377 2622 385 2637 ‘
405 2621 460 2651 De
489 2629 587 2660 poena
604 2629 737 2658 possum

35 2667 189 2708 equidem
205 2669 319 2701 dicere
336 2670 370 2701 id
387 2670 476 2711 quod
502 2681 555 2701 res
572 2670 686 2708 habet,
703 2670 737 2701 in

35 2718 129 2748 luctu
139 2722 240 2758 atque
255 2719 396 2751 miseriis
411 2725 554 2751 mortem
571 2730 738 2751 aerumna-

35 2777 108 2799 rum
121 2767 271 2808 requiem
282 2770 557 2809 non,cruciatum
569 2780 654 2812 esse,
663 2780 736 2802 eam

1395 214 1508 256 1253

807 316 927 343 cuncta
941 313 1131 344 mortalium
1150 314 1236 344 mala
1253 313 1508 353 dissolvoreffll.

807 367 860 392 tra
888 371 998 402 neque
1015 372 1102 393 cura²
1120 372 1228 403 neque
1254 363 1375 403 gaudio
1399 364 1508 396 locum

805 412 900 442 esse!
935 413 1028 443 Mors
1047 413 1295 453 optatissimum
1319 412 1508 453 perfugium

806 464 884 494 vita}
903 474 1113 495 wrulnnosae.
1160 465 1220 495 Est
1246 474 1325 494 vero
1344 464 1508 495 exclama-

806 514 853 543 tio
870 514 1020 552 Virgilii:
1048 517 1056 533 ‘
1072 517 1186 556 Usque
1204 515 1332 546 adeone
1349 516 1433 546 mori
1450 516 1508 546 nii-

804 572 913 593 serum
932 569 983 594 est
996 564 1018 594 ξ’

849 614 974 643 Cumis
988 613 1172 655 fallacibus]
1197 615 1265 645 Per
1283 615 1454 645 dolatores
1472 622 1508 646 et

803 663 1030 695 insidiatores,
1055 665 1145 697 Quia
1160 665 1221 695 sub
1235 665 1344 695 alieno
1358 665 1508 705 Imperio

803 718 876 744 erat
894 714 1044 754 Rufinus,
1061 720 1095 746 et
1112 716 1220 746 alieno
1238 715 1270 745 id
1289 715 1422 745 nomine
1440 725 1509 746 mo-

802 764 998 803 derabatur,
1013 765 1191 796 nectenda*
1209 770 1305 795 eraut
1322 774 1450 796 caussae
1468 771 1507 796 nt

802 814 951 845 homines
968 815 1163 846 innocentes
1189 816 1219 845 in
1242 815 1411 855 judicium
1439 821 1506 847 tra-

802 863 913 902 lieret,
938 864 1125 895 subornatis
1140 865 1194 905 qui
1220 866 1361 896 crimina
1382 867 1507 906 objice-

802 918 892 949 rent,
911 919 947 944 nt
965 914 1045 953 jure
1063 913 1282 945 facultatum<
1308 915 1442 955 spoliati
1462 916 1507 946 vi-

800 964 873 994 deri
892 970 1037 1004 possent.
1062 965 1145 995 (inm
1163 971 1275 996 antem
1290 965 1321 995 iu
1334 965 1504 1005 judicium

800 1016 968 1055 protracti
1007 1021 1132 1053 essent,
1165 1016 1235 1055 ipse
1261 1016 1375 1048 Judcx
1409 1022 1502 1049 erat:

800 1066 917 1105 itaque
934 1075 1009 1095 cnm
1027 1065 1155 1095 scirent
1173 1065 1214 1095 ab
1232 1065 1289 1095 illo
1317 1066 1503 1105 perniciem

796 1116 893 1153 strui,
919 1120 954 1146 et
979 1116 1020 1145 ad
1045 1125 1197 1146 caussam
1214 1115 1437 1146 decidendam
1454 1115 1505 1156 ip-

797 1175 869 1196 sum
888 1165 1085 1206 praesidere,
1098 1165 1376 1206 percellebantur
1389 1165 1502 1197 animi.

797 1215 914 1247 Barth.

839 1269 902 1296 2:³9
928 1266 1051 1297 Coetera
1065 1266 1178 1305 segnis,
1196 1265 1382 1304 Adfacinus
1397 1265 1502 1305 velox]

795 1317 909 1347 Talem
926 1317 1086 1347 astmtiam
1112 1325 1249 1346 exosam
1272 1317 1350 1346 Deo
1367 1316 1501 1356 sapien-

797 1366 946 1397 tissimus
984 1367 1178 1397 mortalium
1214 1367 1385 1405 Salomon,
1409 1367 1500 1406 Rex,

797 1416 962 1448 Proverb.
976 1426 1024 1447 xl.
1040 1422 1204 1447 testatur:
1229 1417 1236 1431 ‘
1249 1417 1315 1447 Sex
1333 1421 1410 1447 sunt
1424 1427 1499 1457 quae

797 1466 869 1497 odit
886 1466 1063 1504 Dominus,
1087 1472 1121 1496 et
1148 1466 1327 1505 septimum
1352 1465 1502 1496 detesta-

797 1522 852 1546 tur
890 1517 1000 1546 anima
1033 1516 1127 1555 ojus:
1169 1516 1297 1546 Oculos
1326 1515 1501 1555 sublimes,

796 1566 958 1601 Linguam
995 1566 1206 1604 mendacem,
1239 1566 1361 1596 Manus
1395 1564 1500 1595 effun-

794 1616 915 1646 dentes
933 1616 1103 1646 innoxium
1123 1615 1333 1654 sanguinem,
1350 1615 1418 1645 Cor
1433 1625 1500 1645 ma-

793 1666 932 1696 chinans
948 1665 1172 1704 cogitationes
1198 1665 1369 1704 pessimas,
1384 1665 1498 1695 Pedes

793 1716 927 1745 veloces
943 1714 983 1745 ad
1001 1714 1204 1744 currendum
1220 1713 1254 1744 in
1271 1713 1417 1753 malum‚’
1432 1716 1498 1744 διο.

793 1765 891 1795 Idem.

835 1817 898 1845 240
923 1813 1057 1844 Pennus
1069 1813 1196 1851 reg-ione
1211 1816 1344 1844 remotas
1359 1813 1500 1853 Impiger

791 1865 838 1895 ire
864 1863 945 1903 rias]
979 1863 1117 1901 chione
1144 1863 1260 1905 itaque
1285 1867 1349 1902 est,
1366 1863 1499 1894 habita-

793 1918 884 1948 tione
901 1916 1004 1956 omni,
1020 1914 1194 1956 οἰκουμένῃ,
1212 1921 1357 1946 remotas
1371 1915 1414 1946 ab
1430 1926 1499 1947 om-

792 1967 889 1997 nibus
917 1971 1043 1997 terram
1071 1965 1269 1996 colentibus.
1315 1965 1420 2005 Regio
1445 1970 1499 1997 est

791 2017 888 2047 clima
906 2016 993 2047 coeli.
1039 2016 1160 2057 Itaque
1174 2015 1331 2046 Rufinum
1347 2016 1499 2047 inacces-

791 2077 827 2098 sa
845 2067 948 2097 etiam
974 2067 1081 2098 cultui
1098 2067 1288 2097 mortalium
1304 2067 1378 2097 loca
1395 2076 1499 2106 pene-

793 2123 900 2149 trazse
918 2117 1066 2149 ducente
1082 2117 1227 2148 avaritia
1242 2117 1337 2148 dicit.
1383 2117 1499 2157 Regio-

790 2177 859 2198 uem
875 2172 992 2198 notum
1015 2168 1184 2198 tramitem
1211 2167 1326 2198 dicere
1342 2167 1498 2199 Claudia-

791 2227 853 2248 nus
872 2218 995 2258 potuit,
1009 2222 1048 2248 ut
1068 2218 1189 2258 Vin-gil.
1205 2218 1278 2249 AEn.
1296 2227 1335 2249 n.
1378 2218 1387 2235 ‘
1403 2228 1497 2249 nain-

791 2278 856 2309 que
879 2268 952 2298 avia
970 2278 1070 2299 cursu
1092 2269 1184 2299 Dum
1211 2278 1345 2309 sequor,
1363 2274 1399 2299 et
1415 2274 1497 2300 nota

791 2318 923 2349 excedo
943 2318 1079 2357 regione
1097 2318 1247 2349 viarnm.'
1293 2318 1392 2349 Idem.

833 2371 893 2399 241
913 2369 1054 2409 Impiger
1070 2369 1115 2398 ire
1130 2368 1212 2408 vias]
1236 2368 1292 2399 Ob
1307 2368 1493 2400 avaritiam.

790 2411 912 2450 Horat.
955 2421 964 2436 ‘
990 2419 1141 2458 Impiger
1176 2423 1349 2450 extremos
1387 2418 1496 2450 currit

788 2474 961 2500 mercator
976 2468 1017 2499 ad
1032 2467 1159 2499 Indos.’
1198 2469 1295 2500 Idem.
1488 2480 1493 2485 ’

831 2522 894 2550 242
914 2519 1044 2559 Riphoeo
1057 2518 1194 2549 stridens
1207 2517 1373 2558 Aquilone]
1390 2516 1495 2558 Aqui-

787 2571 856 2601 loni
875 2570 1032 2608 Ripliaeos
1049 2573 1181 2600 montes
1194 2574 1230 2599 et
1241 2568 1418 2599 Thraciam
1432 2575 1494 2606 pro

789 2620 958 2650 domicilio
984 2629 1148 2650 consensu
1174 2617 1361 2657 assignavit
1385 2620 1493 2646 vetus-

788 2671 993 2701 tissimorum
1020 2669 1206 2700 Poetarum
1228 2668 1358 2699 chorus.
1402 2664 1491 2695 Ava-

789 2721 900 2752 ritiam
918 2724 1032 2751 antem
1049 2719 1142 2749 nulla
1159 2717 1311 2758 pericula
1327 2718 1491 2751 metuere,

787 2771 901 2802 omnia
923 2774 1014 2802 terra
1041 2768 1193 2809 marique
1219 2765 1410 2807 exquirere,
1426 2773 1490 2795 non
