1851 3213
301 203 415 246 1250

304 308 394 341 enim
411 307 626 340 scribendum
648 311 744 348 puto,
769 316 847 337 cum
868 306 902 336 in
919 304 1005 336 anti·

306 361 380 402 quis
403 359 605 391 editionibus
621 359 679 399 sit,
698 368 798 397 succo,
825 356 915 388 unde
940 366 1005 386 coc—

303 422 338 442 co
368 409 535 442 fecerunt.
582 408 757 440 Taenarium
785 407 896 446 fucum
929 407 1005 437 Val.

305 462 418 493 Flacc.
449 461 506 491 lib.
534 469 558 491 1.
602 459 732 490 Statius
763 456 1007 497 Propemptico

307 511 410 542 Metii
426 511 576 542 Celeris:
601 511 610 526 ‘
628 510 704 542 Quo
734 509 881 548 pretiosa
901 507 1008 546 Tyros

306 562 442 601 rubeat,
469 571 535 602 quo
566 570 718 601 purpura
744 559 823 590 fuco
861 558 1007 590 Sidoniis

307 612 433 642 iterata
459 611 552 642 cadis
567 609 587 641 :’
626 610 674 641 sic
701 608 916 640 scribendum
936 608 1009 648 jam

308 661 378 701 alii,
407 665 502 702 puto,
515 660 686 691 viderunt.
731 659 824 690 Hinc
845 657 1010 698 etsucare,

309 721 370 752 pro
386 721 453 753 quo
470 710 596 749 fuscare
621 720 713 750 saepe
729 718 907 749 perperam
928 707 1010 747 legi-

309 767 379 802 tur,
408 766 447 793 ut
469 762 620 792 dicemus
642 760 683 790 ad
708 759 767 790 lib.
790 768 830 789 11.
851 758 894 787 de
910 758 1012 797 Rapt.

312 822 362 843 vs.
375 815 427 842 96.
451 812 497 842 D.
515 810 629 840 Heius.

352 864 416 892 208
433 860 606 891 Picturatoe
616 856 814 896 saturantur]
825 856 1014 896 Purpureae

310 911 378 942 illae
406 914 520 940 vestes
546 918 612 939 uon
640 908 747 938 solum
770 907 889 937 tinctae
918 910 1017 936 erant

311 959 440 991 murice
470 958 562 998 apud
599 958 782 997 Romanos,
818 956 880 987 sed
916 956 1018 987 variis

313 1010 419 1040 etiarn
445 1008 589 1049 picturis
609 1012 727 1047 textae,
742 1015 873 1047 aeuque
888 1005 990 1046 pictae
1007 1017 1015 1036 ι

314 1059 404 1090 unde
431 1059 622 1099 picturatas
650 1057 786 1088 demum
808 1056 949 1087 satiatas
971 1056 1019 1086 ait

315 1110 534 1142 Claudianus.
580 1108 783 1148 saturantur,
800 1107 842 1139 ad
867 1107 1020 1139 iteratio-

315 1170 393 1192 nem
410 1159 545 1192 coloris.
574 1159 692 1190 Barth.

360 1213 424 1241 209
461 1209 556 1240 Praei
591 1210 663 1239 viva
700 1208 855 1248 voluptas]
896 1207 1022 1238 Vivum

316 1266 369 1291 est
386 1264 421 1292 et
437 1259 635 1300 perhibetur
651 1268 750 1290 omne
765 1259 855 1299 quod
872 1258 1023 1289 nativum

318 1316 385 1349 est,
399 1320 509 1350 neque
521 1310 629 1340 alieno
646 1309 724 1339 fuco
739 1308 952 1349 inquinatur,
967 1312 1026 1338 aut

320 1364 472 1391 mutatur
487 1369 507 1389 a
520 1363 642 1390 natura
654 1369 727 1390 sua.
759 1359 888 1390 Marius
904 1359 1026 1389 Victor

321 1411 364 1441 ad
380 1411 594 1442 Salmoneum
609 1422 616 1441 z
648 1412 657 1428 ‘
673 1410 737 1441 Cui
754 1409 898 1441 fratrum
917 1409 960 1440 ad
976 1418 1027 1439 re-

322 1461 436 1502 quiem
463 1459 633 1492 frondosae
655 1460 734 1491 vitis
748 1461 780 1491 in
795 1464 893 1491 antro
907 1458 1029 1489 Herbi-

322 1512 367 1541 da
384 1510 574 1551 cespitibus
589 1516 666 1543 sunt
689 1515 820 1543 structa
847 1510 964 1542 sedilia
982 1509 1030 1540 vi-

324 1561 399 1592 vis.'
435 1561 534 1592 Idem.

369 1614 431 1642 210
446 1611 577 1650 Ingenio
589 1611 712 1642 variata
722 1610 791 1650 suo]
805 1609 964 1642 Naturali
977 1619 1032 1640 ve-

327 1664 477 1691 nustate.
520 1661 577 1692 Sic
606 1661 812 1692 Petronius:
836 1662 845 1678 ‘
863 1661 972 1692 crines
984 1660 1033 1691 in-

328 1710 428 1749 genio
441 1709 543 1742 flexi!
581 1711 678 1742 Idem.

371 1763 433 1791 211
459 1760 566 1790 Mollis
590 1761 740 1800 panditur
770 1760 879 1800 herba]
913 1760 1033 1791 Tenax

330 1819 469 1850 gramen
487 1810 664 1841 scitissime
690 1811 735 1842 ob
765 1820 927 1841 suminam
943 1810 975 1840 in
993 1819 1034 1840 eo

330 1859 481 1892 cubandi
516 1860 728 1900 voluptatem
770 1864 872 1891 vocat
910 1860 1034 1891 Horat,

334 1910 402 1941 Od.
416 1919 456 1942 11.
475 1909 632 1951 Epodon.
665 1911 712 1941 Et
728 1910 797 1941 otia
818 1910 882 1941 ista
896 1910 1036 1941 nimium

333 1960 573 2001 Pliilosophice
597 1960 651 1991 dia
676 1961 811 1991 omuino
845 1960 1039 2000 Lucretius,

332 2012 390 2043 lib.
409 2021 441 2044 v.
460 2011 502 2043 de
521 2011 605 2042 tibia
620 2011 806 2051 pastorali:
845 2010 854 2027 ⁴
872 2009 961 2041 Avia
977 2018 1038 2050 per

334 2071 472 2093 nemora
497 2071 537 2092 ac
565 2061 667 2092 silvas
691 2061 866 2102 saltusque
888 2064 1040 2101 reperta,

336 2113 406 2143 Per
422 2113 497 2143 loca
511 2117 687 2152 pastorum
704 2111 842 2142 deserta
854 2115 955 2151 atque
970 2111 1040 2142 otia

336 2163 416 2194 <liae
459 2162 558 2193 Talia
583 2166 690 2193 strata
715 2162 771 2193 vel
796 2161 838 2193 ad
855 2161 1041 2193 sedendum

338 2213 392 2243 vel
403 2211 444 2243 ad
459 2212 650 2243 cubandum
664 2210 817 2243 feliciora
832 2212 1011 2250 habentur,
1023 2221 1042 2242 a

338 2261 427 2292 veris
443 2262 670 2302 Philosophis,
694 2262 847 2293 omnibus
863 2261 968 2293 thoris
977 2260 1043 2293 for-

341 2316 538 2343 tunatorum
554 2313 733 2344 bominum.
773 2312 871 2344 Idem.

384 2366 448 2394 212
483 2363 673 2404 Sollicitum]
725 2364 853 2395 Procul
890 2363 1043 2394 omnibus

343 2412 587 2452 anxietatibus,
617 2415 719 2453 curis,
748 2413 1044 2453 sollicitudinibus,

342 2462 473 2494 animus
489 2464 694 2503 compositus
713 2465 755 2495 ad
771 2474 886 2495 veram
905 2463 1046 2504 Sapien-

345 2513 444 2552 tiam,
457 2523 587 2543 summa
603 2519 654 2544 est
671 2513 829 2545 felicitas.
872 2515 971 2545 Idem.

387 2566 450 2595 213
477 2563 580 2594 Turba
594 2564 797 2604 salutantum]
821 2564 972 2603 Ambitu,
994 2574 1049 2595 co-

346 2613 480 2653 mitatu,
491 2617 527 2644 et
539 2613 758 2644 salutantium
773 2614 961 2653 agminibus
975 2624 1053 2645 con-

348 2663 502 2695 tenditur
525 2663 616 2704 apud
645 2663 819 2694 Tacitum:
856 2668 892 2694 at
921 2664 954 2694 in
975 2675 1051 2705 pec-

347 2718 426 2745 tore
453 2713 593 2754 amicus,
608 2722 674 2743 uon
690 2713 722 2744 in
744 2714 842 2744 atrio.
887 2713 979 2745 Salve
992 2719 1052 2745 aut

348 2764 417 2796 Ave
447 2763 648 2796 matutinum
679 2768 745 2804 est,
778 2764 865 2804 Vale,
890 2764 1053 2805 vesperti-

549 212 692 244 NO'PAE
726 209 989 242 VARIORUM
1023 208 1073 239 IN
1108 208 1181 238 CL.
1214 206 1393 237 CLAUD·
1429 206 1504 236 111.

1055 311 1148 342 num,
1179 305 1217 332 ut
1241 299 1388 342 probant
1419 297 1571 330 Martial.
1595 300 1631 329 et
1659 297 1755 329 Suet.

1056 353 1102 383 Et
1124 353 1211 383 hunc
1242 351 1371 382 cultum
1396 348 1537 379 ambitio
1561 347 1758 379 miserorum

1056 403 1248 440 mortalium
1286 402 1318 431 in
1353 407 1512 430 numeros
1543 396 1759 428 absolvendae

1057 452 1246 484 Felicitatis
1262 451 1443 482 referebat.
1487 449 1588 479 Idem.

1101 505 1163 533 214
1186 502 1298 533 Avium
1311 499 1434 539 cantus]
1446 499 1598 530 Maxima
1609 498 1760 529 accessio

1059 553 1244 593 voluptatis
1261 552 1293 582 in
1308 552 1418 582 animo
1436 551 1546 581 soluto
1562 549 1652 581 curis
1668 553 1705 579 et
1719 548 1763 579 ad

1060 604 1210 644 quietem
1237 603 1435 643 composito.

1103 654 1251 685 Labeatis
1278 663 1434 683 murmura
1458 650 1535 691 rivi]
1576 647 1763 681 Horatius:

1060 705 1069 722 ‘
1086 705 1262 736 Labuntur
1293 704 1369 734 altis
1395 703 1533 734 interim
1556 700 1639 741 ripis
1656 709 1766 741 aquae,

1064 757 1263 788 Queruntur
1279 755 1311 784 in
1323 754 1414 784 silvis
1434 752 1536 784 aves.'
1564 750 1680 783 Barth.

1106 808 1168 836 215
1198 805 1324 836 Vivitur
1339 804 1452 843 exiguo
1469 802 1594 842 melius]
1618 801 1768 842 Hicjam

1065 866 1195 887 summa
1223 856 1379 897 quapiam
1409 856 1521 886 omnia
1548 854 1770 895 comprehen-

1067 906 1140 937 dit:
1159 915 1271 936 veram
1290 905 1369 935 vitae
1388 905 1597 945 voluptatem
1612 904 1648 934 in
1664 912 1770 943 parvo

1068 966 1142 987 esse
1171 960 1207 987 et
1230 955 1414 986 secuudum
1443 955 1623 994 Naturam,
1645 957 1774 985 caetera

1067 1007 1216 1038 ludibria
1241 1008 1366 1038 mentis
1393 1006 1550 1037 humanae
1567 1014 1687 1046 rapere
1700 1013 1774 1035 eam

1069 1059 1171 1089 variis
1184 1057 1354 1088 illecebris
1382 1056 1425 1087 ad
1447 1056 1560 1087 inania
1576 1054 1778 1086 deliramen-

1071 1114 1115 1139 ta.
1160 1107 1368 1148 Respexisse
1392 1107 1433 1137 de
1458 1105 1611 1147 proximo
1637 1104 1776 1135 videtur

1072 1160 1136 1190 ista
1150 1159 1290 1197 Lucani,
1308 1159 1367 1189 lib.
1393 1167 1464 1188 1v.:
1492 1158 1501 1174 ‘
1520 1166 1539 1188 ο
1569 1154 1710 1196 prodiga
1725 1163 1777 1185 re—

1073 1218 1146 1239 rum
1173 1208 1352 1246 Luxuries,
1375 1216 1546 1247 nunquam
1570 1214 1674 1246 parvo
1702 1213 1780 1235 con-

1073 1263 1169 1289 tenta
1195 1263 1327 1298 paratu,
1358 1257 1402 1287 Et
1432 1255 1653 1296 quaesitorum
1685 1258 1780 1285 terra

1075 1309 1266 1349 pelagoque
1288 1307 1439 1337 ciborum
1456 1305 1647 1336 Ambitiosa
1663 1303 1781 1343 fames,

1077 1363 1114 1388 et
1163 1357 1264 1387 lautae
1312 1355 1422 1396 gloria
1465 1364 1603 1393 mensae,
1647 1355 1782 1385 Discite

1077 1416 1176 1448 quam
1205 1416 1310 1447 parvo
1332 1406 1434 1436 liceat
1453 1405 1641 1445 producere
1664 1405 1783 1444 vitam,

1079 1458 1125 1489 Et
1143 1462 1305 1499 quantum
1322 1456 1455 1488 Natura
1467 1455 1588 1496 petat,'
1602 1456 1665 1486 διε.

1122 1509 1235 1539 Beatis
1250 1507 1388 1539 omnibus
1404 1516 1467 1538 esse
1482 1506 1583 1547 dedit]
1597 1506 1726 1537 Seneca
1741 1504 1784 1536 ad

1081 1559 1251 1598 Helviam,
1264 1568 1341 1599 cap.
1357 1561 1387 1589 5.
1403 1569 1411 1589 :
1436 1558 1445 1575 ‘
1462 1557 1497 1588 id
1514 1556 1584 1597 agit
1599 1565 1714 1588 rerum
1727 1565 1785 1587 na-

1081 1615 1160 1641 tura
1174 1613 1212 1641 ut
1228 1608 1271 1640 ad
1288 1608 1375 1640 bene
1388 1607 1570 1639 vivendum
1579 1616 1646 1639 non
1662 1615 1786 1647 magno

1083 1664 1251 1701 apparatu
1274 1668 1360 1700 opus
1384 1658 1500 1699 essetf
1523 1659 1589 1689 &c.
1631 1657 1720 1688 Vide
1748 1657 1788 1688 il-

1082 1711 1152 1741 lum
1182 1710 1291 1751 Epist.
1315 1712 1368 1740 90.
1393 1719 1466 1750 quae
1492 1709 1572 1740 huic
1593 1707 1643 1739 rei
1660 1707 1790 1748 scripta

1083 1760 1235 1792 videtur.
1258 1760 1376 1790 Barth.

1127 1812 1190 1842 217
1214 1809 1359 1850 simplice
1375 1808 1472 1849 cultu]
1505 1808 1600 1841 Victu
1616 1807 1791 1840 Oxonien-

1088 1860 1144 1900 sis,
1160 1859 1287 1900 probe:
1314 1859 1377 1890 huc
1396 1855 1517 1890 alludit
1532 1862 1568 1889 et
1584 1858 1681 1899 prim.
1698 1858 1792 1889 Vati-

1087 1920 1189 1942 canus
1218 1910 1252 1941 in
1280 1920 1345 1951 quo
1371 1911 1468 1942 vultu.
1512 1912 1522 1928 ‘
1539 1909 1673 1941 Victus'
1701 1910 1792 1941 enim

1085 1962 1096 1978 ‘
1112 1961 1215 1993 verbo
1232 1961 1460 2000 continentur,
1479 1971 1553 2001 quae
1572 1959 1659 2000 esui,
1681 1959 1792 2000 potui,

1089 2010 1260 2051 cultuique
1278 2011 1441 2050 corporis,
1459 2019 1602 2051 quaeque
1619 2009 1661 2040 ad
1678 2009 1794 2040 viven-

1090 2061 1169 2092 dum
1188 2061 1313 2091 homini
1348 2064 1427 2091 sunt
1460 2058 1676 2099 necessaria,’
1702 2063 1794 2091 teste

1091 2111 1239 2152 Ulpiano
1267 2110 1310 2141 de
1335 2110 1433 2142 verb.
1460 2109 1573 2151 signif.
1608 2109 1710 2141 Silius
1736 2109 1796 2140 lib.

1090 2171 1172 2195 vm.
1187 2173 1195 2193 ε
1219 2163 1229 2180 ⁴
1245 2163 1294 2193 Tu
1311 2172 1468 2202 campum
1492 2171 1613 2193 noscas
1631 2164 1723 2201 ante,
1739 2170 1797 2192 ex—

1091 2216 1275 2256 ploresque
1293 2215 1471 2255 trahendo,
1492 2215 1663 2247 Quantum
1689 2214 1797 2245 hostis

1092 2265 1186 2297 victu
1203 2267 1329 2306 valeat,
1356 2275 1429 2306 quae
1451 2265 1552 2306 copia
1576 2263 1723 2296 rerumz’
1746 2263 1796 2295 sic

1094 2315 1250 2347 emendo.
1287 2317 1413 2356 Vulgo,
1428 2319 1575 2356 quantum
1590 2315 1686 2346 hostis
1695 2314 1799 2346 ritus.-

1093 2365 1203 2405 prima
1219 2365 1308 2395 enim
1335 2365 1452 2404 editio,
1477 2366 1556 2396 ictus
1571 2364 1688 2395 hostis:
1710 2364 1800 2395 liber

1096 2415 1315 2455 Oxoniensis,
1339 2416 1434 2446 hostis
1448 2415 1564 2446 rictus:
1588 2424 1666 2444 mox
1690 2413 1801 2445 dictu-

1097 2475 1152 2496 rus
1169 2470 1233 2504 est,
1260 2469 1328 2505 eget
1354 2465 1509 2505 improbus
1523 2468 1609 2495 arcto
1624 2465 1701 2495 Jam
1715 2465 1801 2496 victu

1096 2515 1211 2556 Libys:
1239 2516 1394 2555 sequenti
1425 2524 1524 2545 versu
1551 2518 1710 2554 gemerent
1738 2522 1801 2554 pro

1089 2565 1262 2604 fremerent
1300 2564 1459 2605 Isiugrin.
1484 2569 1521 2595 et
1548 2564 1648 2605 prim.
1684 2562 1801 2595 Vatic.

1098 2616 1144 2647 D.
1160 2616 1271 2646 Heius.

1141 2667 1204 2695 218
1230 2664 1366 2694 Classica
1383 2674 1442 2695 non
1454 2663 1643 2704 fremerent]
1677 2663 1804 2695 Horat.

1100 2714 1212 2756 Epod.
1238 2716 1246 2731 ‘
1265 2715 1392 2745 Beatus
1408 2715 1464 2745 ille
1482 2715 1538 2755 qui
1565 2714 1684 2754 procul
1704 2722 1805 2753 nego-

1101 2764 1169 2806 tiis,
1183 2765 1248 2795 &c-
1266 2764 1344 2796 Non
1359 2764 1532 2796 excitatur
1547 2763 1690 2796 classico
1705 2762 1802 2796 miles

1822 2900 1824 2926 l

1821 2965 1823 3003 i

1820 3038 1823 3061 l

1820 3075 1821 3105 l

1819 3139 1821 3163 l

1818 3179 1821 3213 s
