1851 3213
254 201 368 244 1452

253 308 303 340 ita
319 311 356 338 ut
372 307 415 338 ad
430 308 680 349 turpitudinem
702 309 844 340 monstri
860 309 958 339 simul

255 360 516 391 accommodata
543 360 626 391 sint:
657 360 706 391 sic
726 360 878 391 hocloco
894 361 958 401 offi-

253 409 346 440 cium.
377 410 496 441 Barth.

296 462 336 490 80
363 461 510 491 Custodia
533 461 631 501 nulla]
673 461 839 492 Custodes
855 471 958 502 pone-

251 511 377 542 bantur
403 511 602 542 mulieribus
627 512 861 553 matronisque
892 513 957 544 Ro-

251 563 369 594 manis.
392 563 579 601 JuvenaIis,
604 563 674 594 Sat.
690 572 741 594 vr.
765 564 774 580 ‘
794 564 890 594 Pone
908 573 956 594 se-

250 622 335 652 ram,
349 614 468 643 cobibe
487 624 494 643 :
515 613 572 644 sed
588 614 660 654 quis
677 614 849 645 custodiet
865 615 954 655 ipsos

251 663 444 694 Custodes?
473 669 576 696 cauta
590 670 653 705 est,
675 670 711 695 et
728 665 770 696 ab
787 665 853 695 illis
870 665 954 696 inci-

249 713 301 754 pit
319 714 424 746 uxor!
452 715 549 745 Idem.

292 767 333 795 82
357 765 491 795 Danaen
516 765 571 795 sub
595 769 681 795 turre
706 765 868 805 latentem]
893 766 954 796 Fa-

248 813 327 845 bula
341 815 479 846 Danaes
496 820 681 854 corruptae,
708 815 798 845 inter
825 814 954 845 difficil-

245 865 402 896 limarum
421 874 531 895 rerum
554 865 679 895 indicia
702 865 797 896 venit
825 866 857 895 in
887 865 953 895 Pa«

245 917 423 947 roemiam:
454 916 631 957 '1³.p7vp÷‘‹zts
661 916 813 957 λόγχαισι
839 916 954 959 μάχου,

246 967 297 999 καὶ
321 967 423 1000 πάντα
437 970 612 1009 κρατήσεις.
636 971 736 1001 Idem.

289 1019 354 1050 Sub
380 1024 466 1051 turre
490 1020 652 1061 latentem]
698 1021 806 1052 Prim.
837 1021 952 1052 Vatic.

245 1081 261 1103 e
275 1074 371 1102 turre.
388 1071 534 1102 Lucens.
562 1077 598 1103 et
615 1072 734 1103 caeteri
751 1071 822 1103 fere
837 1081 953 1102 omnes

239 1122 278 1152 *in
309 1126 418 1153 turre:
442 1133 506 1163 pro
534 1124 672 1153 Eliceret
708 1123 845 1153 vidntur
874 1124 954 1153 scri-

243 1172 391 1204 bendum
408 1175 544 1205 Illic-eret
561 1175 614 1205 vel
638 1174 816 1212 Pelliceret,
838 1174 864 1204 si
880 1174 951 1204 vul-

244 1227 359 1263 gatam
387 1225 593 1264 scripturam
625 1223 876 1263 amplectimur.
901 1224 950 1254 D.

244 1273 359 1304 Heius.

285 1325 326 1353 84
351 1323 540 1364 Indomitas]
574 1323 738 1355 Libidinis
764 1322 892 1363 efferae,
913 1327 950 1355 et

242 1375 389 1415 equinae,
436 1380 474 1406 ut
524 1376 732 1407 PrudentIus
781 1376 946 1417 appellat.

241 1424 360 1456 Barth.

284 1479 326 1507 8ss
351 1476 484 1508 Ancilloe
525 1477 668 1516 tetigisse
707 1477 805 1517 latus]
851 1477 949 1508 Inter

240 1527 400 1566 eundum,
416 1538 458 1559 ne
473 1529 547 1569 quis
565 1528 735 1560 observet.
753 1528 815 1559 Est
830 1538 871 1558 ex
890 1529 946 1559 illo

242 1578 426 1618 Ovidiauo,
452 1589 477 1610 1.
496 1579 538 1610 de
554 1579 641 1611 Arte
660 1579 806 1611 Amandi
823 1591 831 1611 τ
865 1581 873 1597 ‘
892 1581 947 1612 Iu-

239 1637 313 1659 sere
345 1633 380 1660 te
411 1630 535 1669 turbae,
564 1631 754 1671 leviterque
789 1630 946 1662 admotus

241 1679 336 1709 eunti
352 1680 451 1710 Velle
469 1682 557 1711 latus
575 1681 704 1721 digitis,
718 1686 754 1713 et
770 1682 858 1723 pede
872 1686 946 1713 tan-

242 1738 284 1768 ge
299 1729 444 1769 pedem.’
474 1732 570 1762 Idem.

280 1779 414 1810 Ancilla?
431 1781 574 1819 tetigisse
590 1782 687 1821 latus]
725 1782 944 1823 Praecipuum

237 1829 384 1860 lasciviae
414 1836 652 1871 argumentum
680 1834 767 1863 latus
792 1838 945 1873 tangere.

237 1879 280 1910 de
298 1880 454 1911 Galataa
479 1881 596 1912 Sidon.
622 1882 732 1913 Carm.
763 1892 802 1913 11.
832 1885 943 1915 ‘latus

237 1930 327 1971 quod
356 1932 481 1972 pollice
512 1932 581 1964 lixo
602 1934 721 1973 Venis,
747 1940 781 1965 et
809 1937 943 1967 occulto

235 1981 386 2022 spondes
414 1983 583 2014 connubia
606 1984 726 2016 tactu?
766 1986 868 2017 Ovid.
886 1987 943 2018 lib.

236 2041 263 2063 1.
289 2033 407 2064 Amor.
433 2036 440 2051 ‘
470 2035 642 2076 Penelope
667 2037 757 2068 vires
775 2038 942 2078 juvenum

233 2083 395 2115 tentabat
411 2084 444 2115 in
458 2094 549 2125 arcu,
577 2087 644 2119 Qui
660 2087 751 2119 latus
768 2094 941 2128 argueret,

234 2142 381 2166 corneus
398 2145 497 2167 arcus
515 2138 615 2168 erat?
662 2139 738 2170 Nec
769 2140 867 2179 plura
884 2141 940 2171 ad-

233 2183 277 2214 do
295 2196 303 2222 3
330 2190 408 2216 sunt
423 2187 511 2217 enim
528 2198 603 2228 quze
629 2194 830 2229 sequuntur,
848 2191 940 2221 leno—

233 2242 312 2265 num
331 2235 442 2267 verius
456 2247 555 2278 quam
570 2239 808 2273 studiosorum.
824 2242 941 2283 Demp-

232 2294 307 2316 seer.

277 2330 318 2359 88
342 2328 451 2359 Furiis
466 2332 607 2370 quoesisse
621 2333 732 2373 locum]
768 2334 835 2365 Ubi
852 2336 939 2367 clam

232 2379 457 2410 conveniatur
473 2382 504 2411 in
522 2383 751 2416 concubitum.
774 2386 832 2417 Sic
848 2387 938 2427 quic-

232 2428 314 2468 quid
338 2431 471 2461 occulte
496 2436 531 2461 et
557 2433 648 2464 velut
673 2444 747 2465 cum
772 2443 864 2467 metu
885 2447 940 2477 pa-

232 2483 356 2520 tratur,
394 2480 521 2518 furtum
569 2488 691 2515 vocant
741 2487 937 2526 scriptores.

232 2530 349 2562 Barth.

273 2583 315 2611 90
337 2581 491 2612 Juvenum
508 2582 663 2622 flammis]
694 2582 837 2616 Amores
860 2587 936 2617 Lai·

230 2630 283 2661 dis
313 2637 546 2672 quantumque
570 2633 763 2664 dixitiarum
794 2645 835 2665 ex
865 2637 935 2667 uui—

230 2690 331 2712 versa
360 2682 500 2713 Graecia
537 2683 578 2713 ad
607 2693 681 2714 eam
718 2684 935 2727 confluxerit,

230 2732 409 2763 notissimi.
457 2733 559 2764 Unde
584 2734 626 2764 ad
658 2734 729 2774 ejus
758 2735 847 2767 fores
865 2738 935 2768 uni-

229 2792 361 2815 versam
375 2783 703 2826 Graeciamjacuisse
714 2787 834 2820 scribit
848 2788 933 2821 Pro-

462 213 606 244 NOTAE
639 212 908 243 VARIORUM
942 213 995 243 IN
1029 214 1106 244 CL.
1137 213 1322 245 CLAUD.
1356 214 1504 245 XVIII.

1010 310 1153 349 pertius,
1169 311 1227 341 lib.
1246 320 1285 341 Π.
1307 311 1316 327 ‘
1331 310 1409 341 Non
1426 311 1475 341 ita
1496 310 1714 351 complebant

1009 360 1187 401 Epliyraeae
1219 361 1341 392 Laidos
1359 361 1462 400 aedes,
1487 360 1542 392 Ad
1557 361 1714 403 cujusjaex-

1010 411 1081 442 cuit
1099 412 1236 443 Graecia
1251 417 1323 443 tota
1337 411 1450 442 fores!
1471 412 1569 443 Idem.

1051 463 1205 493 Juvenum
1212 462 1368 503 flammis]
1402 462 1468 493 Hae
1484 460 1627 492 flammae
1641 461 1714 503 qui-

1007 511 1147 542 busdam
1163 513 1325 543 hactenus
1336 514 1486 544 obscurae
1500 523 1508 544 :
1526 521 1628 552 supra
1639 512 1714 543 dix-

1006 562 1034 593 it
1065 563 1098 593 in
1131 563 1245 595 Rufin.
1275 573 1315 595 11.
1341 563 1527 594 ‘ardentes
1554 564 1714 603 gemmas’

1007 622 1069 652 pro
1085 612 1302 645 diademate:
1337 614 1371 645 iu
1389 614 1521 654 Paneg.
1545 623 1595 646 ιν.
1618 613 1712 645 Hon.

1006 663 1112 702 Ignes.
1158 665 1246 695 Haec
1287 664 1394 705 igitur
1419 664 1573 695 indicant
1604 663 1712 696 Laida

1001 712 1168 751 juvenum
1193 715 1377 745 amantium
1393 715 1490 746 donis
1512 725 1552 746 ac
1568 715 1712 746 muneri-

1007 763 1069 794 bus
1095 764 1263 803 ditatam3
1296 775 1356 796 seu
1386 765 1541 806 flammis,
1567 767 1630 796 hoc
1647 770 1712 806 est,

1006 815 1158 855 gemmis,
1181 825 1256 856 quae
1277 814 1421 846 flammae
1439 817 1475 846 in
1491 815 1640 856 speciem
1657 826 1712 847 ru-

1006 865 1129 903 tilant;
1155 867 1240 896 tales
1268 866 1443 906 praecipue
1470 867 1605 907 pyropi,
1621 867 1712 898 unde

1007 914 1109 946 Ovid.
1121 915 1162 946 de
1174 916 1260 947 Solis
1277 917 1393 957 regia:
1417 916 1426 933 ‘
1445 917 1546 949 Clara
1562 917 1710 949 micante

1006 975 1088 996 auro
1120 965 1341 1008 flammasque
1370 967 1526 999 imitante
1555 967 1711 1009 pyropo?

1008 1016 1174 1048 Geminum
1192 1028 1252 1059 pro
1262 1019 1404 1058 pelagus,
1419 1019 1575 1049 Isthmon
1591 1019 1712 1050 Corin-

1006 1069 1154 1100 thiacum
1171 1070 1340 1110 designat,
1363 1074 1401 1101 ut
1417 1074 1468 1101 est
1491 1070 1525 1100 in
1541 1069 1602 1100 lib.
1618 1079 1659 1102 Π.
1676 1069 1711 1101 in

1006 1118 1119 1150 Rufin.
1150 1120 1274 1150 Potest
1304 1120 1406 1151 etiam
1446 1119 1592 1161 intelligi
1617 1128 1712 1151 amor

1003 1167 1370 1210 flammeusjuvenum.
1395 1171 1516 1202 Clarer.
1711 1167 1715 1169 ’

1045 1222 1085 1248 91
1112 1220 1155 1249 Et
1165 1220 1303 1259 gemino]
1322 1221 1401 1251 Non
1419 1221 1582 1260 Egemino
1602 1220 1708 1262 scrip-

1004 1268 1028 1299 ti
1047 1269 1192 1308 plurimi.
1236 1270 1389 1310 Vulgata
1406 1274 1520 1301 tamen
1536 1280 1612 1302 suos
1628 1281 1710 1312 quo-

1003 1329 1068 1360 que
1096 1320 1128 1350 in
1159 1320 1333 1351 codicibus
1359 1321 1505 1352 vetustis
1525 1325 1710 1353 assertores

999 1371 1116 1411 habet,
1139 1375 1174 1402 et
1201 1375 1313 1403 recte:
1345 1381 1413 1403 sec.
1443 1372 1632 1403 Vaticanus
1655 1373 1708 1404 De

996 1421 1132 1460 gemino.
1157 1422 1337 1463 Pomponii
1361 1427 1528 1463 excerpta
1552 1423 1589 1454 In
1608 1425 1709 1462 gemi-

998 1482 1037 1503 no
1051 1483 1060 1503 .-
1075 1473 1183 1504 dotata
1200 1473 1302 1504 etiam
1320 1482 1382 1513 pro
1399 1472 1501 1504 ditata
1523 1473 1617 1514 prior
1630 1473 1707 1505 Mo·

999 1524 1063 1554 reti
1089 1534 1098 1562 ;
1132 1524 1274 1564 optime,
1312 1527 1351 1555 ut
1384 1533 1434 1556 1v.
1473 1524 1574 1556 Cous.
1613 1523 1706 1556 Hon.

998 1576 1007 1591 ‘
1025 1575 1191 1607 Quaenam
1209 1580 1261 1606 tot
1275 1575 1373 1606 Divis
1384 1574 1624 1615 veuictnurus,
1637 1585 1706 1606 om-

997 1625 1098 1656 nibus
1129 1626 1219 1656 arvis
1242 1626 1287 1657 Et
1310 1630 1387 1658 toto
1413 1625 1567 1657 dotanda
1592 1624 1705 1658 mari!

997 1676 1080 1706 Mox
1097 1686 1160 1717 pro
1177 1676 1317 1715 refundit
1338 1677 1428 1708 alter
1442 1677 1540 1709 Leid.
1559 1680 1603 1709 ‚et
1629 1677 1705 1708 Μο-

996 1727 1062 1757 reti
1078 1727 1214 1764 refutat:
1243 1728 1381 1765 refutare
1403 1737 1466 1768 pro
1480 1737 1622 1759 recusare
1636 1737 1704 1759 non

995 1785 1131 1808 novum.
1148 1777 1250 1809 Ovid.
1265 1778 1341 1809 Art.
1356 1777 1432 1809 Am.
1448 1778 1505 1808 lib.
1521 1787 1562 1808 11.
1577 1778 1586 1794 ‘
1598 1778 1704 1810 Ferre

996 1835 1093 1857 novae
1110 1836 1208 1857 nares
1224 1832 1398 1859 taurorum
1415 1833 1511 1869 terga
1526 1828 1705 1862 refutant.'

995 1877 1043 1907 sic
1062 1881 1158 1908 vetus
1175 1878 1272 1909 liber.
1291 1878 1422 1910 Glossae
1439 1880 1618 1920 Stephani,
1640 1881 1703 1912 Re-

987 1927 1107 1968 futari,
1136 1927 1383 1968 ἇπελέγχεσθαι,
1410 1929 1704 1971 ἀποδοκιμάζεσθαι,

996 1978 1219 2015 ἐκβάλλεσθαι.
1264 1981 1420 2012 Livineio
1438 1986 1552 2013 tamen
1579 1981 1702 2021 refugit

995 2031 1176 2070 legendum
1209 2031 1402 2063 videbatur.
1444 2032 1525 2062 mihi
1565 2032 1703 2074 vulgata

993 2080 1096 2111 lectio
1113 2082 1238 2121 placet.
1254 2082 1397 2121 Statius,
1412 2082 1516 2114 'rheu
1534 2091 1566 2113 v.
1589 2082 1599 2099 ‘
1612 2087 1649 2114 et
1665 2087 1701 2116 te

993 2141 1055 2172 per
1087 2133 1177 2163 colla
1217 2131 1338 2163 refusis
1371 2133 1520 2173 Intacta,
1543 2134 1700 2176 Crenaee,

993 2181 1121 2214 comis?
1159 2182 1341 2223 Ausonius,
1370 2184 1480 2224 Epist.
1500 2194 1533 2216 v.
1560 2185 1700 2218 ‘Caesa-

991 2233 1075 2263 riom
1091 2234 1225 2264 rutilam
1243 2243 1304 2273 per
1317 2234 1463 2265 candida
1478 2235 1566 2267 colla
1588 2234 1699 2268 refun-

993 2282 1075 2314 des!
1099 2284 1143 2314 D.
1166 2284 1279 2314 Heius.

1035 2333 1129 2363 Serta
1156 2333 1298 2372 refundit
1324 2335 1477 2376 Canities]
1503 2335 1695 2376 Opprobris

991 2393 1047 2414 um
1064 2383 1194 2423 formae,
1212 2395 1285 2426 quae
1312 2396 1389 2416 cum
1417 2386 1568 2417 adventu
1595 2396 1694 2418 cano·

991 2443 1066 2464 rum
1083 2434 1231 2466 decedit.
1255 2436 1371 2466 Barth.

1033 2487 1074 2514 92
1102 2484 1204 2514 Turba
1234 2495 1354 2525 procax
1386 2486 1542 2526 noctisque
1577 2487 1696 2519 recedit

987 2533 1148 2573 Ambitus]
1173 2535 1300 2564 Omnia
1311 2535 1378 2565 ista
1392 2536 1571 2576 conjunxit
1585 2537 1696 2569 Hora-

989 2584 1053 2614 tius
1071 2584 1186 2622 etiam‚
1203 2585 1270 2615 Od.
1289 2594 1310 2616 ι.
1326 2588 1379 2617 25.
1414 2587 1423 2602 ‘
1440 2587 1696 2629 Parciusjunc—

990 2638 1039 2664 tas
1055 2635 1211 2674 quatiunt
1234 2633 1399 2666 fenestras
1413 2636 1547 2668 Ictibus
1563 2639 1693 2672 crebris

979 2685 1125 2724 juvenes
1158 2687 1324 2726 protervi,
1357 2687 1431 2719 Nec
1470 2688 1534 2719 tibi
1558 2699 1691 2729 somnos

985 2735 1316 2777 adimunt,amatque
1328 2738 1441 2770 ,Ianua
1454 2739 1579 2774 limen.'
1591 2741 1691 2774 Idem.

1027 2788 1068 2818 94
1091 2786 1191 2828 Seque
1216 2786 1417 2831 reformidat]
1461 2790 1591 2825 Videus
1620 2801 1691 2826 non
