1852 3182
515 216 564 246 IN
603 214 834 245 RUFINUM
871 214 964 244 [ΑΒ.
999 213 1051 243 11.

58 314 113 345 vel
138 322 242 354 prope
267 321 353 349 cam,
376 309 506 350 prolixe
522 312 611 338 errat
630 306 759 339 Ludov.

56 365 172 395 vives.
196 363 325 394 Clarius
342 360 434 390 Otho
448 359 652 397 Frisingcus.
669 357 759 387 Hist.

56 424 107 446 n.
125 418 176 445 20.
201 415 209 430 ‘
224 412 363 444 Rufinus
379 419 459 439 vero
474 407 687 448 postmodum
704 406 761 436 de-

58 470 172 497 tectus
197 469 276 495 ante
306 465 419 502 portas
447 459 540 489 urbis
562 457 759 489 (Konstanti-

58 515 264 555 nopolitanae
281 510 486 546 decollatur,
499 514 669 548 caputque
686 507 758 547 ejus

58 574 135 596 cum
158 564 301 594 dextera
327 569 425 590 manu
449 559 490 589 ad
514 557 695 588 ludibrium
725 558 758 588 in

57 615 139 646 urbe
156 609 421 644 circumfertur!
444 609 560 640 Barth.

100 667 160 696 281
191 663 342 694 Vindicta?
368 660 527 701 prmo-uie
550 658 629 698 iras]
663 658 759 689 Idem

57 714 138 746 dicit
163 713 184 744 1.
202 721 225 743 1.
242 721 365 752 supra:
403 713 410 728 ‘
429 710 586 741 commoti
612 709 760 749 pectoris

57 765 168 805 ignem
188 762 319 799 Nutrit,
335 766 369 792 et
383 761 541 799 exiguum
555 759 760 790 stimulando

57 815 176 846 vulnus
193 813 355 845 acerbat:
403 811 566 844 Quamvis
582 811 614 841 in
631 810 696 841 alia
713 819 760 841 re.

98 867 161 895 282
175 862 414 905 Spectatorque]
431 863 673 903 Exspectatur,
686 855 762 901 pro-

55 914 168 946 batur.
217 913 342 945 Omnia
371 914 440 952 agit
469 922 509 944 ne
539 912 762 943 Stilichonem

56 970 229 996 auctorem
256 963 359 994 caedis
386 962 502 999 faciat,
533 962 592 992 sed
621 961 763 991 militem

58 1024 117 1045 sua
132 1020 253 1055 sponte
267 1023 340 1044 eam
358 1018 564 1054 patrantem.
592 1012 687 1041 Idem.

102 1068 164 1096 *283
193 1066 291 1095 Tanta
316 1066 353 1095 <Ie
377 1063 463 1103 plebe
487 1062 642 1103 repertus]
678 1060 765 1091 Pube

59 1116 202 1147 Lucens.
221 1114 363 1154 Gyrald.
390 1114 501 1143 Yntic.
529 1117 564 1143 ct
589 1112 655 1142 duo
685 1111 761 1141 alii:

58 1166 106 1197 sic
146 1165 234 1196 bello
267 1163 360 1195 Giid.
395 1165 403 1180 ‘
430 1163 619 1203 pram-{puos
653 1161 765 1192 electa

59 1216 148 1257 pube
166 1213 343 1255 maniplos'
361 1214 460 1244 (lixit.
496 1214 646 1252 Vulgata
663 1213 765 1243 lectio

57 1266 138 1298 ferri
164 1267 265 1297 etiam
290 1269 424 1306 potest:
449 1265 561 1303 ‘vulgus
580 1264 670 1294 cuim
687 1273 765 1293 mox

58 1317 194 1349 eosdem
213 1317 336 1347 milites
354 1320 464 1346 vocat.
503 1316 586 1345 Mox
602 1316 694 1344 corda
711 1314 766 1344 mi-

58 1370 146 1400 nacia
164 1369 378 1406 Pricaeanus,
392 1376 456 1397 non
473 1367 625 1397 minantia
635 1377 644 1397 :
656 1367 768 1396 micon-

57 1421 106 1450 tia
124 1419 223 1459 prim.
241 1418 399 1448 Vatican.
430 1418 474 1448 D.
491 1417 602 1447 Heius.

102 1473 164 1501 284
192 1471 292 1500 Corda
310 1467 477 1506 minantia]
502 1467 704 1498 Interiorem
723 1465 769 1498 af-

60 1519 190 1552 fectum
207 1525 241 1550 et
259 1528 405 1549 sensum.

104 1574 169 1601 286
194 1570 286 1600 Tanti
306 1569 464 1599 consilium
477 1568 562 1606 vulgi
576 1567 710 1607 potuisse
723 1570 770 1598 ta·

61 1621 138 1661 ceri]
165 1619 344 1650 Modestus
368 1618 581 1658 Compendio
601 1618 662 1648 Rei
680 1618 770 1648 Mili-

61 1671 161 1702 taris:
178 1673 186 1686 ‘
202 1671 289 1700 Raro
303 1669 391 1699 enim
405 1672 519 1699 manet
532 1667 770 1698 absconditum

63 1721 151 1762 quod
183 1720 223 1751 ad
257 1720 416 1750 notitiam
448 1718 678 1750 multitudinis
698 1718 771 1758 jam

62 1770 242 1813 pervenit!
277 1770 393 1801 Barth.

103 1825 165 1854 287
192 1822 372 1861 Mentisque
397 1819 542 1859 colorem]
567 1819 695 1850 Mentis
717 1829 770 1850 ca-

61 1875 248 1905 loremnon
277 1872 401 1912 rumpi.
448 1871 616 1902 Nimirum
645 1871 676 1901 in
704 1869 770 1900 fer-

62 1934 178 1956 vorem
195 1929 230 1955 et
246 1924 330 1954 iram
349 1933 423 1963 quae
451 1920 587 1952 effutiat
612 1921 769 1953 dicenda.

65 1975 132 2005 Sed
162 1975 188 2004 si
215 1974 327 2004 mentis
350 1974 434 2003 calor
460 1972 633 2012 Impetum
658 1978 770 2011 sonat,

67 2035 225 2065 rumpere
249 2029 306 2055 aut
333 2032 512 2063 erumpere
535 2023 714 2054 dicendum
739 2033 771 2053 c·

66 2080 132 2106 rat.
177 2075 250 2105 Imo
283 2074 376 2104 calor
406 2075 528 2104 mentis
557 2074 771 2113 'Temperiem

66 2131 164 2157 tonat
181 2136 286 2163 suam,
312 2124 489 2155 reticendo
516 2128 608 2154 tanto
635 2123 772 2163 negotio

69 2181 197 2217 aptam.
257 2176 377 2206 Mentis
408 2176 493 2205 calor
523 2179 575 2205 est
606 2172 773 2203 fervidum

67 2226 282 2268 propositum
295 2226 382 2255 intra
395 2231 542 2255 mentem
558 2229 777 2264 couceptum;

66 2278 124 2309 sed
139 2277 307 2319 quomodo
330 2276 361 2307 id
376 2286 441 2306 non
457 2275 566 2315 rumpi
583 2275 680 2312 dicit,
696 2275 774 2304 dum

67 2328 200 2367 siletur,
217 2337 293 2358 cum
311 2325 500 2356 facessatur
516 2324 609 2355 facto
626 2334 692 2355 non
710 2334 775 2355 scr-

68 2379 191 2410 mone?
228 2387 290 2409 nec
325 2381 504 2416 rumpatur
534 2375 597 2405 nisi
628 2374 776 2406 effectu?

69 2429 197 2460 Mentis
212 2429 319 2467 calor,
343 2427 566 2468 generositas,
581 2427 677 2467 vigor
694 2427 777 2467 ejus.

72 2479 171 2510 Idem.

111 2532 174 2561 288
212 2529 359 2560 Sermone
395 2528 470 2568 υἱώ]
509 2528 611 2561 Quali
649 2527 779 2558 animus

69 2579 176 2610 laxari
204 2580 345 2619 assolet,
372 2588 449 2610 cum
478 2579 537 2609 diu
562 2579 704 2609 comites
731 2587 781 2609 so-

71 2628 161 2658 cium
177 2629 244 2660 iter
261 2628 406 2660 faciunt.
453 2629 521 2662 Qui
547 2629 636 2660 hunc
660 2629 782 2674 nescit,

71 2687 242 2718 nunquam
273 2679 397 2710 comite
431 2678 553 2709 idoneo
584 2678 680 2710 ullibi
715 2679 783 2710 iter

73 2728 155 2759 fecit
170 2739 178 2766 3
203 2730 257 2770 qni
275 2739 342 2760 non
356 2729 459 2771 cavit,
472 2739 566 2771 saepe
583 2734 705 2770 captus
719 2733 783 2761 est.

76 2779 177 2810 Idem.

1404 204 1516 246 1287

856 309 920 338 289
947 306 1078 337 Tantam
1100 304 1237 344 turbam]
1263 304 1407 335 anmum
1428 306 1516 337 idem

813 357 1031 387 Pricmanus:
1076 357 1208 385 mentem
1246 354 1366 384 tertius
1407 355 1519 388 Vatic-

813 406 902 437 forte
917 410 1054 445 gentem.
1091 405 1138 435 D.
1156 404 1275 434 Heius.

856 460 919 487 290
943 457 1099 486 Arcanum
1118 454 1243 494 populo]
1270 453 1395 484 Acute.
1429 454 1520 486 Qua-

814 506 858 536 lia
876 506 908 536 in
932 507 992 536 iioc
1018 505 1130 535 Poeta
1154 504 1430 544 incomparabilis
1448 513 1522 543 gra·

814 556 867 586 tim
883 556 1062 596 suut,quia
1076 564 1138 586 nec
1153 553 1318 586 affectata
1332 563 1395 585 nec
1408 554 1520 585 nimia.

814 606 930 636 Barth.

856 660 915 687 291
944 656 1106 696 Rhodope]
1130 656 1206 686 Non
1231 655 1320 685 solus
1338 663 1432 685 mons
1449 658 1519 684 tum

813 707 878 738 hoc
904 706 1038 737 nomine
1063 706 1290 743 censebatur-3
1330 704 1388 736 sed
1415 708 1451 735 et
1479 713 1522 735 ex

815 757 1007 788 Provinciis
1023 756 1175 787 Thracia:
1194 756 1326 787 ultima.
1360 756 1457 787 Idem.

858 810 920 838 292
940 807 1086 837 Hercniei
1102 807 1293 846 cognominis
1308 804 1429 845 urbem]
1454 805 1524 836 He-

818 858 984 895 raclca1n3
1024 867 1124 898 quam
1154 857 1341 888 secundam
1368 856 1522 888 Thraciae

817 910 995 940 illustrium
1018 910 1193 940 civitatum
1219 913 1338 940 censet
1361 909 1524 940 Constan-

818 960 906 990 tinus
924 960 1021 990 modo
1035 960 1206 990 nominato
1222 960 1308 991 loco.
1353 961 1398 991 Et
1415 959 1524 990 Hera-

818 1010 891 1040 clea
908 1011 974 1041 ista
999 1019 1065 1040 non
1090 1010 1209 1049 procul
1237 1014 1311 1041 erat
1332 1009 1522 1050 Byzantio:

817 1060 883 1091 imo
897 1061 1074 1091 Claverius
1093 1061 1279 1100 Byzantem
1297 1070 1368 1091 esse
1382 1059 1524 1091 indicat.

818 1112 916 1142 Idem.

859 1165 921 1192 291
962 1162 1084 1201 Magna
1121 1159 1254 1199 cervice]
1292 1159 1524 1191 stoliditatem

816 1213 957 1244 hominis
975 1213 1007 1243 in
1026 1212 1155 1243 duobus
1174 1210 1337 1243 extremis
1352 1210 1527 1251 proponit,

816 1264 919 1294 nimia
935 1264 1096 1303 elatione,
1120 1268 1155 1294 et
1183 1262 1285 1292 nimio
1304 1266 1407 1292 metu.
1455 1261 1526 1292 Sci-

817 1319 888 1345 tum
906 1318 958 1345 cst
974 1318 1129 1344 veterum
1155 1311 1359 1351 Sapientum
1375 1310 1526 1342 homines

817 1369 969 1395 extreme
982 1364 1139 1402 audaces,
1151 1367 1303 1392 extreme
1316 1361 1420 1393 etiam
1439 1361 1528 1392 timi·

818 1415 877 1446 dos
894 1424 988 1452 cssc;
1006 1419 1204 1453 contraque.
1231 1412 1274 1443 Et
1290 1412 1353 1442 hoc
1370 1415 1422 1442 est
1435 1411 1524 1452 qnod

817 1465 948 1495 Seneca
966 1463 1082 1504 paucis
1099 1462 1185 1493 dicit
1202 1461 1314 1501 Epist.
1332 1463 1387 1491 60.
1412 1461 1420 1477 ‘
1436 1459 1528 1490 Stul-

819 1515 896 1546 titia
912 1515 957 1544 nil
975 1518 1134 1555 pacatum
1151 1511 1278 1542 hal›et.'
1312 1511 1409 1542 Idem.

863 1569 924 1596 295
965 1565 1079 1595 Omma
1106 1566 1176 1594 tuta
1212 1561 1318 1601 ratus]
1356 1559 1529 1592 Adulatur

819 1615 1055 1647 Stilichonem.
1100 1614 1176 1644 Uno
1194 1612 1281 1643 enim
1303 1612 1360 1641 iilo
1385 1610 1528 1641 absente

823 1676 957 1698 cursum
1002 1665 1172 1705 integrum
1213 1661 1421 1693 facinoribus
1461 1661 1529 1691 suis

822 1716 980 1757 spondet.

865 1766 1088 1807 Sceptrumque
1111 1761 1282 1804 capessere]
1305 1760 1464 1802 Regnum
1488 1760 1531 1791 si-

821 1826 862 1848 ve
887 1816 1075 1856 Imperium
1104 1811 1530 1852 constantinopolitanum.

821 1868 1002 1908 Sceptrum
1019 1865 1109 1907 quod
1136 1864 1209 1904 ejus
1237 1863 1343 1904 partis
1359 1862 1532 1903 principes

821 1918 1015 1959 gestabant,
1037 1915 1223 1956 Regiorum
1255 1913 1361 1944 instar
1387 1915 1532 1944 caetero-

822 1981 895 2001 rum
926 1974 1012 2008 erat,
1041 1972 1168 2008 praeter
1199 1965 1289 2007 quod
1317 1965 1350 1995 in
1389 1972 1533 2002 summO,

822 2021 935 2052 crucis
953 2017 1270 2059 effigiemhabebat.
1310 2015 1424 2047 Barth.

866 2075 929 2102 296
955 2069 1139 2108 Coujuratos
1164 2065 1307 2105 clientes]
1346 2064 1534 2103 Conjuratas

823 2122 963 2152 cohortes
988 2119 1084 2150 multi
1112 2128 1154 2148 ex
1178 2117 1336 2157 scriptis;
1359 2115 1418 2146 sed
1435 2115 1536 2146 male.

826 2175 947 2213 Supra,
970 2172 978 2188 ⁴
995 2171 1193 2209 circumque
1219 2171 1351 2198 armata
1367 2165 1534 2197 clientum

827 2224 961 2264 agmina
974 2221 993 2260 ;'
1013 2231 1074 2262 pro
1091 2221 1246 2257 hortatur,
1263 2218 1399 2249 ostendit
1414 2225 1536 2246 novem

826 2274 964 2313 scripti:
984 2278 1054 2303 tres
1070 2270 1208 2311 ‹ffllturt
1232 2268 1372 2299 accendit
1388 2270 1536 2306 uterque

827 2326 939 2356 Onon.
957 2329 993 2354 et
1021 2332 1082 2363 pro
1100 2321 1234 2351 diversa
1261 2318 1409 2350 lectione
1437 2316 1538 2357 prim,

827 2374 1032 2411 Vaticanus;
1070 2370 1159 2412 quod
1199 2378 1337 2399 verum:
1374 2371 1412 2398 ut
1447 2364 1536 2406 apud

827 2425 947 2461 Virgo.
985 2424 994 2440 ‘
1019 2422 1166 2453 Martem
1198 2419 1391 2451 accendere
1423 2414 1539 2447 cantu'

829 2475 969 2506 tubicen
997 2473 1135 2504 dicitur.
1170 2471 1282 2511 Supra
1310 2470 1331 2500 l.
1349 2478 1374 2499 1.
1398 2468 1407 2484 ‘
1425 2464 1538 2500 Emit,

829 2528 1017 2558 instauras:
1053 2521 1212 2554 accendit
1238 2519 1370 2561 praelia,
1396 2513 1538 2547 vincis:’

830 2583 864 2610 et
879 2579 942 2609 hoc
966 2578 1041 2618 ipso
1067 2575 1177 2612 libro;
1203 2575 1211 2590 ‘
1234 2569 1417 2612 Pugnandi
1444 2565 1539 2606 cupi-

831 2629 890 2661 das
914 2627 1073 2659 accendit
1101 2635 1184 2655 voce
1211 2620 1390 2654 cohortes!
1427 2617 1540 2655 Silius,

830 2680 854 2711 l.
870 2687 940 2711 ΧΠ.
962 2679 971 2695 ‘
989 2678 1092 2718 Isque
1116 2676 1174 2706 ubi
1190 2676 1395 2714 Torquatum
1413 2666 1539 2707 raptim

833 2732 1020 2772 properata
1035 2727 1204 2758 ferentem
1219 2725 1324 2763 Signa
1338 2720 1442 2757 videt,
1458 2726 1540 2758 pug-

834 2789 955 2822 naeque
969 2777 1085 2809 avidas
1097 2773 1287 2808 accendere
1301 2767 1464 2802 dextras!
1484 2766 1540 2801 Ita
