1852 3182
485 209 548 239 DF,
584 209 761 238 MALLH
796 209 978 241 Tuam).
1012 212 1148 241 CONS.

94 302 170 334 culo
187 307 245 334 aut
264 307 424 343 portento
440 302 646 340 habendum,
673 303 730 334 scd
749 313 797 334 ra-

95 354 136 385 tis
154 355 324 395 certisque
341 353 451 384 causis
466 353 735 394 contingentem,
762 359 796 384 ct

94 406 189 436 velut
206 404 468 442 ingredientem.
493 402 607 433 Barth.

138 457 199 485 130
237 455 348 486 Videat
372 452 530 492 numerus]
566 452 795 486 Przrnuncict.

94 505 260 544 Numerus,
290 504 455 541 calculus,
492 501 592 539 ratio,
620 504 795 542 expensio.

94 555 263 593 Lucanus,
278 553 336 584 lib.
355 562 377 583 1.
403 554 412 569 ‘
431 561 531 593 quem
550 561 616 582 non
635 552 796 592 Aigyptia

92 604 263 644 Memphis
289 603 443 644 AEquarit
466 602 553 641 visu,
578 604 794 644 numerisque

90 653 293 685 docentibus
311 652 424 684 astra.‘
451 653 548 683 Idem.

135 707 194 735 131
222 703 410 743 Pallentem]
437 703 679 742 Obscuratam,
698 703 796 734 orba-

89 758 159 785 tam
176 754 312 785 lumine.
337 755 436 785 Idem.

134 808 196 837 132
224 806 384 846 Virginis]
409 806 613 845 Iuculpatae,
630 815 703 846 quar
718 815 793 837 cum

90 858 231 889 castitas
259 858 432 888 hominum
460 857 690 897 decresceret,
719 857 794 887 reli-

89 908 163 950 quit
179 913 288 938 coetus
305 917 431 938 eorum.
458 908 557 938 Idem.

133 961 193 990 135
220 959 303 988 Tunc
313 958 371 999 sic]
387 958 541 988 Subitam
553 956 793 988 allocutionem

89 1013 200 1039 notat.
231 1018 286 1039 111.
304 1009 405 1039 Cous.
433 1009 564 1040 Honor.
597 1011 605 1024 ⁴
623 1008 716 1038 Tunc
744 1008 793 1037 sic

87 1059 187 1090 laetus
206 1059 273 1089 ait:
300 1059 373 1089 Rex
389 1068 407 1087 o
424 1058 591 1088 stellantis
609 1056 771 1097 Olympi!

131 1108 261 1139 Sincera
279 1108 423 1138 bonorum
443 1107 626 1146 Congeries]
661 1108 717 1137 Sic
744 1107 792 1146 ip-

88 1166 161 1188 sum
177 1157 347 1187 hominem
363 1156 530 1197 appellat,
545 1155 714 1196 exquisita
726 1165 794 1185 om-

86 1207 176 1238 nium
195 1207 358 1238 bonorum
377 1205 683 1244 commendatione,
701 1206 794 1236 velut

87 1259 120 1290 in
151 1264 307 1290 naturam
341 1268 381 1289 ea
405 1258 552 1289 hominis
582 1257 794 1288 transierint.

91 1310 203 1341 Barth.

130 1358 254 1399 Maelii]
271 1359 373 1389 Manli
385 1358 417 1389 in
428 1357 624 1389 melioribus
635 1357 790 1398 scriptis:

86 1409 241 1450 plerique
265 1410 369 1440 etiarn
399 1409 475 1439 Tum
497 1408 553 1438 sic.
598 1407 672 1438 Pal.
694 1408 791 1448 prim.

87 1460 181 1491 Med.
197 1465 232 1491 et
251 1460 337 1492 alter
354 1460 495 1496 Moron,
514 1460 591 1489 Cum
607 1459 667 1488 sic.-
691 1468 790 1499 quam

84 1510 289 1542 locutionem
316 1511 446 1541 Nasoni
469 1520 559 1550 saepe
584 1509 792 1540 reddidimus

85 1569 128 1591 ex
145 1560 282 1600 optimis
298 1560 513 1590 membranis.
538 1561 579 1590 D.
599 1559 711 1589 Heius.

131 1613 194 1642 136
222 1611 344 1642 Veteris
360 1611 494 1649 vestigia
509 1610 603 1650 recti]
625 1610 792 1650 Simplici-

87 1666 193 1692 tatem
221 1661 370 1701 priscam
398 1661 576 1701 intelligit,
602 1661 691 1691 omni
717 1670 790 1691 aevo

83 1711 241 1753 sequenti
257 1711 441 1742 laudatam.
466 1711 624 1750 Rectum,
641 1710 791 1750 probita-

86 1766 167 1801 tem,
202 1761 399 1802 aequitatem
428 1760 666 1791 inconcussam
694 1761 792 1791 intel-

83 1812 162 1853 lige.
186 1811 305 1843 Barth.

129 1864 190 1893 137
229 1862 353 1892 Ductus
381 1862 469 1892 tideo
498 1861 610 1900 mores]
647 1861 790 1891 Metallo

84 1911 216 1943 ductos.
261 1911 386 1942 Ducere
408 1911 496 1941 enim
521 1910 662 1941 verbum
686 1910 718 1941 ei
742 1911 790 1941 rei

83 1966 146 1993 est.
183 1961 308 2001 Vir-gil.
331 1962 340 1978 ‘
358 1961 430 1992 Aut
446 1961 551 1992 leveis
563 1970 682 1991 ocreas
696 1960 789 1991 lento

82 2012 212 2043 ducunt
227 2011 392 2051 argento!
420 2011 516 2041 Idem.

127 2065 187 2094 141
216 2062 417 2092 Transmissoe
443 2062 546 2101 gloria
578 2060 665 2100 ritoe]
708 2061 788 2093 Jam

82 2118 162 2144 ante
179 2113 269 2144 enim
282 2112 496 2152 Reipublicae
511 2110 683 2151 adfuerat,
694 2116 789 2142 ante-

83 2174 182 2206 quam
200 2173 235 2194 se
249 2163 418 2195 conderet
434 2162 467 2192 in
484 2162 578 2192 illum
595 2171 689 2193 suum
705 2162 786 2193 Par-

83 2224 228 2246 nassum.
253 2213 350 2244 Idem.

126 2268 188 2296 142
213 2264 393 2296 Humanum
409 2262 639 2302 curaregenus]
664 2262 702 2293 In
720 2262 785 2293 Ro-

80 2315 188 2346 manis
197 2314 468 2354 Magistratibus.
499 2314 599 2344 Hanc
615 2312 704 2344 enim
718 2323 785 2344 am-

80 2365 244 2396 bitionem
272 2363 433 2404 loquendi
462 2367 629 2404 perpetuo
660 2368 785 2403 servat,

81 2415 245 2445 Romanae
274 2414 322 2444 rei
347 2414 527 2445 humanum
558 2422 664 2453 genus
692 2412 784 2444 addi·

80 2465 193 2496 cendi.
216 2465 314 2495 Idem.

125 2518 186 2547 143
212 2515 325 2546 Nullas
347 2515 459 2555 recipit
482 2513 649 2554 prudentia
669 2512 783 2554 metas]

80 2566 191 2596 Nemo
205 2575 278 2596 eam
292 2565 451 2596 emeritus
464 2568 536 2595 est:
562 2563 722 2605 quamdiu
736 2563 782 2593 vi-

80 2620 126 2646 tae
143 2625 236 2654 usus,
262 2614 391 2645 tamdiu
417 2614 599 2655 prudentia
615 2623 698 2655 opus
715 2618 780 2645 est.

79 2665 243 2696 Omnium
269 2668 462 2704 temporum
489 2665 652 2696 arbitram
677 2668 782 2705 atque

79 2715 262 2748 rectricem
288 2724 363 2745 esse
389 2715 617 2756 prudentiam,
644 2715 781 2747 celebre

78 2766 241 2799 Isocratis
258 2765 386 2798 dictum
402 2771 465 2796 est.
492 2766 588 2797 Idem.

404 2911 419 2927 Q

1443 207 1551 249 1431

893 306 953 334 144
971 303 1081 344 Sedes]
1097 304 1245 336 Honoris
1258 307 1365 346 locus,
1378 307 1551 349 fastigium

848 353 1081 394 Magistratus.
1143 355 1263 385 Multis
1295 359 1420 396 semcl;
1457 361 1553 398 raris,

848 404 970 435 iterum
987 406 1170 446 contigisse
1188 415 1332 437 summos
1347 407 1489 438 bonores
1505 410 1553 439 di-

846 455 905 486 cit.
932 456 1028 487 Idem.

892 508 950 536 145
976 505 1038 536 Sed
1052 506 1173 537 meritis
1186 509 1305 536 tantum
1318 506 1463 547 redeunt]
1487 508 1557 539 Me·

846 555 904 585 riti
921 555 1025 595 probe
1041 556 1138 596 prim.
1150 557 1357 587 Vaticanus:
1383 558 1553 598 quomodo

847 606 1097 637 emendandum
1114 607 1319 636 clarissimus
1337 616 1375 638 ac
1390 608 1554 647 politissi-

846 664 918 685 mus
936 656 998 686 vir
1022 655 1156 696 Gaspar
1173 656 1359 687 Gevartius
1381 658 1452 697 jam
1475 658 1554 690 olim

846 715 899 735 me
932 706 1073 746 monuit,
1114 706 1210 746 cujus
1242 707 1393 737 eruditos
1423 709 1457 738 in
1489 708 1552 739 hoc

846 756 967 796 poe‘ma
985 757 1250 788 commentarios
1269 756 1369 788 avide
1389 762 1552 797 cxpecta-

845 817 929 838 mus.
975 808 1104 838 Locum
1131 809 1253 838 merito
1270 812 1308 838 nt
1324 808 1554 840 obscuriorem

845 862 943 888 notat
975 858 1064 888 curis
1098 857 1255 888 secundis
1287 857 1462 897 BartliiuS,
1493 857 1553 888 sed

844 907 1040 937 mendosum
1058 917 1130 938 esse
1148 917 1210 937 nou
1235 911 1287 937 est
1312 906 1555 939 subodoratus.

846 958 895 988 D.
918 958 1026 989 mins.

890 1012 949 1039 147
977 1009 1061 1044 Quos
1078 1008 1209 1046 fortuna
1233 1008 1332 1048 regit]
1367 1008 1459 1047 Legit
1480 1009 1553 1048 jam

844 1062 922 1088 ante
940 1067 1044 1088 annos
1062 1058 1191 1098 aliquot
1215 1057 1434 1088 scribendum
1462 1057 1552 1088 vidi:

845 1113 881 1138 ut
900 1108 997 1138 testis
1016 1108 1106 1138 idem
1128 1107 1208 1137 mihi
1225 1107 1421 1137 Gevartius.
1467 1107 1554 1138 Con-

844 1156 955 1187 firmat
974 1156 1177 1188 Rliemeusis
1190 1156 1290 1195 liber,
1305 1157 1399 1197 cujus
1416 1166 1555 1198 excerp·

844 1210 879 1237 ta
898 1207 968 1238 viro
991 1217 1121 1238 summo
1138 1207 1309 1247 Dionysio
1327 1207 1471 1238 Petavio
1497 1207 1554 1238 de-

845 1257 971 1289 bemus.
1015 1257 1126 1297 Nupt.
1140 1257 1285 1287 Honorii
1302 1268 1308 1287 :
1329 1257 1456 1296 Dignus
1466 1267 1555 1298 quem

843 1308 970 1346 legeres.
995 1307 1102 1338 Laud.
1120 1307 1251 1338 Stilicli.
1284 1307 1395 1346 Digna
1411 1308 1474 1346 legi
1489 1307 1553 1339 rir-

842 1359 913 1386 tus:
938 1360 1040 1397 atque
1058 1356 1106 1387 ita
1129 1356 1263 1396 passim.
1313 1356 1398 1391 Quos
1416 1356 1553 1394 fortuna

843 1409 941 1446 dedit,
968 1408 1033 1447 vel,
1055 1408 1153 1446 gerit,
1174 1407 1368 1447 conjectura
1397 1411 1449 1438 est
1470 1406 1553 1437 Bar-

843 1457 957 1488 tbiana
969 1457 1000 1487 iu
1013 1457 1161 1487 uberiori
1176 1457 1436 1487 Commentario.
1455 1456 1552 1487 Alias

843 1508 931 1547 apud
949 1508 1041 1538 illum
1065 1507 1232 1545 malebat,
1264 1507 1343 1542 Quis
1356 1506 1489 1544 fortuna
1506 1517 1552 1537 re-

841 1558 899 1587 dit.
947 1556 1013 1588 Sed
1040 1556 1121 1587 nihil
1139 1556 1250 1587 verius
1276 1561 1328 1586 est
1355 1561 1468 1586 nostra
1484 1556 1553 1587 lec-

842 1609 944 1639 tione.
1007 1609 1149 1639 Memini
1188 1607 1366 1638 Sidonium
1415 1617 1549 1648 quoque

844 1658 1075 1698 Apollinarem
1093 1658 1143 1689 sic
1167 1667 1231 1688 nou
1256 1658 1359 1688 semel
1384 1659 1550 1689 locutum.

843 1709 938 1739 Idem.

886 1757 1081 1799 Magnoque]
1109 1758 1237 1797 Magno
1265 1757 1390 1798 pretio.
1425 1757 1550 1788 Maro:

840 1808 849 1824 ‘
868 1818 1057 1849 magnoque
1071 1809 1243 1849 optaverit
1257 1807 1408 1839 emtum.‘
1434 1808 1550 1839 Barth.
1579 1806 1582 1809 ’

887 1861 948 1889 148
971 1858 1125 1889 Abstrusa
1141 1868 1242 1889 rerum
1264 1858 1399 1898 ratione]
1434 1858 1548 1889 Inves-

842 1909 1010 1950 tigatione
1051 1907 1219 1939 rationum
1257 1915 1293 1938 et
1331 1913 1547 1948 repertorum

842 1959 1172 1999 philosophicorum.
1197 1958 1296 1988 Idem.

870 2011 932 2040 149
948 2007 1105 2047 Patriam]
1118 2007 1273 2039 Athenas
1286 2007 1383 2046 dicit,
1395 2011 1547 2038 servatas

842 2060 993 2091 Oraculo
1019 2064 1115 2090 recte
1139 2058 1295 2099 exposito
1314 2058 1548 2097 Themistocli,

840 2110 966 2142 homini
985 2120 1050 2140 non
1066 2110 1220 2147 literato,
1242 2108 1302 2139 sed
1316 2108 1403 2140 acris
1419 2108 1460 2139 ad
1478 2118 1549 2139 om-

839 2161 895 2191 nia
912 2161 1116 2200 prudentiae.

885 2212 945 2242 Tui
964 2211 1122 2251 Platonis]
1152 2210 1355 2249 'I‘emporum
1372 2208 1474 2239 etiam
1493 2217 1549 2239 eo-

823 2273 912 2293 ·rum
944 2261 1188 2302 Philosophiae,
1225 2264 1326 2290 extra
1359 2268 1431 2289 eam
1467 2268 1544 2300 quae

837 2313 950 2344 Sacris
968 2311 1093 2343 Literis
1104 2310 1234 2348 debita,
1256 2309 1414 2350 princeps
1431 2309 1546 2346 Plato,

838 2363 1038 2395 Christianis
1071 2370 1207 2403 quoque
1232 2360 1428 2391 doctoribus
1458 2368 1545 2390 com-

836 2412 1122 2445 mendatissimus.
1147 2410 1266 2441 Barth.

881 2467 942 2495 150
970 2463 1073 2498 Quam
1100 2460 1170 2501 qui]
1209 2458 1400 2491 Eruditioni
1419 2463 1454 2488 et
1469 2466 1543 2496 spe-

837 2513 1005 2545 culationi
1028 2511 1221 2543 Platonieae
1241 2508 1383 2550 opponit
1401 2507 1543 2548 pruden-

835 2565 916 2596 tiam
927 2563 998 2594 sine
1015 2562 1079 2593 illis
1091 2562 1123 2592 in
1137 2559 1450 2597 'l‘heniistocle‚quo
1460 2565 1541 2587 sane

834 2616 892 2646 vix
904 2615 991 2646 ullus
1005 2612 1203 2651 Principum
1218 2609 1250 2640 id
1267 2617 1372 2648 genus
1387 2606 1451 2636 fuit
1468 2604 1541 2636 feli-

832 2666 917 2705 cior,
931 2662 1078 2695 naturali
1090 2661 1215 2690 virtute
1228 2657 1419 2699 pollentem.
1445 2655 1541 2686 Idem.

884 2713 964 2753 Qui]
979 2708 1233 2743 Themistocles.
1257 2706 1354 2737 Idem.

881 2767 940 2796 151
972 2761 1141 2799 Urbemque
1167 2756 1282 2789 carinis
1312 2755 1420 2796 Vexit]
1455 2754 1540 2786 Bar-
