1852 3182
658 229 916 258 mmmmm
1400 220 1503 261 1081

60 323 217 373 Segnis
238 325 367 365 stella
387 325 486 375 gelu
506 336 514 362 :
545 324 688 376 qualis
711 337 810 363 cum
832 322 945 363 forte
967 327 1136 363 tenetur

60 390 281 441 Nubibus,
305 396 351 431 et
372 390 506 431 dubio
529 391 729 430 vanescit
750 389 938 443 Cynthia
960 402 1112 430 cornu.

58 456 87 497 J
91 469 162 498 am
184 457 323 498 solitae
345 457 514 497 medios
535 457 619 497 alae
643 459 936 497 transcurrere
959 457 1132 497 nimbos

60 523 155 564 Vix
175 524 261 564 ima
280 524 486 564 tolluntur
506 524 653 565 humo.
702 524 825 564 Tunc
847 525 1050 566 conscius
1073 524 1158 564 aevi
1458 522 1515 560 40

61 590 284 638 Defuncti,
307 589 566 644 reducisque
589 603 749 644 parans
769 591 953 631 exordia
972 591 1142 639 formae,

59 656 242 697 Arentes
263 658 428 710 tepidis
450 658 502 697 de
523 658 710 698 collibus
733 657 852 709 eligit
872 657 1048 705 herbas,

59 723 116 764 Et
136 724 356 764 cumulum
379 728 531 763 texens
553 724 744 776 pretiosa
764 723 913 764 fronde
934 723 1140 764 Sabaeum

59 789 299 842 Componit
319 791 584 843 bustumque
607 791 693 831 sibi
714 796 974 843 partumque
996 790 1199 830 futurum.

60 856 151 897 Hic
173 856 308 907 sedet,
331 862 373 897 et
393 858 557 898 blando
580 858 727 898 Solem
750 859 951 910 clangore
973 858 1136 898 salutat
1462 856 1520 896 45

62 924 277 974 Debilior‚
299 925 543 978 miscetque
564 939 733 978 preces,
756 938 808 966 ac
832 925 1030 978 supplice
1052 928 1181 965 cantu

59 1033 130 1064 lnr;
154 1033 183 1060 et
200 1030 277 1059 oculi
291 1029 404 1059 debiles
425 1030 615 1059 emoriuntur
632 1028 759 1067 frigore
771 1029 950 1059 senectutis:
966 1027 1066 1067 qualis
1082 1027 1172 1058 Luna
1186 1032 1251 1066 cst,
1275 1038 1342 1058 cum
1358 1027 1448 1065 sorte
1464 1028 1519 1057 im·

57 1071 182 1111 peditur
197 1072 324 1110 nebulis,
349 1075 379 1102 et
405 1073 555 1102 evanescit
573 1081 665 1102 cornu
680 1071 835 1109 ambiguo.
860 1071 935 1100 Jam
949 1080 1058 1109 pennoe
1085 1070 1159 1109 ejus
1181 1073 1312 1100 assuetoe
1329 1070 1521 1100 transvolare

60 1113 152 1144 nubes
167 1115 294 1148 medius,
306 1115 361 1144 vix
376 1115 560 1144 attolluntur
572 1124 611 1144 ex
626 1117 710 1144 terra
724 1113 848 1155 infima:
866 1116 932 1143 tum
949 1113 1003 1142 ille
1020 1112 1118 1142 sciens
1131 1115 1256 1142 (etatem
1270 1122 1364 1142 suain
1379 1111 1522 1151 prceteri-

59 1159 136 1194 tam,
153 1161 181 1186 et
191 1166 372 1196 proeparans
382 1157 536 1196 principia
553 1157 626 1186 vitae
642 1157 801 1194 redituroe,
822 1156 929 1194 seligit
940 1155 1087 1194 gramina
1099 1155 1179 1185 sicca
1195 1165 1233 1185 ex
1249 1154 1375 1184 collibus
1390 1154 1522 1193 tepenti-

60 1199 127 1237 bus,
143 1201 172 1228 el
188 1208 345 1238 aggerans
360 1209 500 1229 aceri-um
514 1198 656 1229 Sabaeum
677 1208 718 1229 ex
738 1198 828 1236 foliis
852 1198 1027 1237 exquisitis,
1053 1198 1190 1227 exstruit
1216 1196 1276 1226 sibi
1299 1200 1329 1226 et
1354 1205 1466 1235 rogum
1491 1199 1522 1225 ct

60 1240 342 1278 cunabulafutura.
383 1241 449 1271 Hic
469 1241 608 1272 Phrenix
626 1241 761 1279 incubat,
778 1245 807 1271 et
825 1240 1003 1279 languidior
1016 1241 1125 1270 adorat
1139 1240 1239 1270 Solem
1252 1250 1320 1270 voce
1335 1238 1523 1276 blandiente,

60 1287 90 1314 et
112 1283 257 1323 adjung-it
280 1284 501 1324 precationem,
525 1288 555 1314 et
578 1285 713 1314 carmine
738 1286 868 1323 rogante
897 1283 975 1323 petit
994 1283 1098 1322 ignem
1121 1283 1266 1313 daturum
1293 1282 1357 1312 sibi
1383 1282 1523 1320 vigorem

676 1359 713 1369 Ν
715 1359 907 1369 eeeeeeeeee

62 1402 145 1442 Gyr.
162 1402 245 1432 Exe.
263 1402 407 1432 Lucens.
432 1412 484 1441 pr.
508 1402 622 1432 Debile
647 1410 707 1440 pro
723 1401 797 1430 Jam
815 1400 903 1430 bret-e
920 1399 1129 1439 conjiciebat
1150 1399 1358 1429 Heins.—-37
1386 1397 1522 1427 Multum

63 1454 124 1484 pro
141 1443 252 1483 Segnis
264 1444 395 1475 Ruslid.
412 1444 512 1482 signis
526 1445 605 1474 Var.
622 1444 685 1473 LL.
703 1453 720 1472 e
744 1451 849 1481 marg.
868 1442 980 1472 Parni.
996 1442 1073 1471 stela
1092 1441 1197 1471 Hafn.
1213 1442 1286 1471 stila
1302 1440 1385 1470 Cod.
1402 1439 1522 1479 Epigr.

63 1486 177 1517 Ambr.
193 1488 282 1517 stella
298 1486 377 1517 Vat.
406 1496 456 1525 pr.
482 1496 548 1516 sec.
577 1490 612 1516 et
642 1486 684 1516 D.
702 1484 826 1515 Moret.
846 1494 895 1523 pr.
912 1484 1043 1514 anlid.
1062 1484 1173 1514 Oxon.
1192 1493 1260 1513 sec.
1275 1484 1354 1513 Var.
1384 1482 1450 1511 LL.
1467 1481 1525 1511 ed.

65 1528 169 1559 Antv.
197 1530 282 1559 stilla
313 1530 389 1558 Yat.
420 1533 531 1568 quart.
568 1528 676 1557 Oisel.
712 1527 862 1556 Flos-ent.
897 1526 991 1556 Mod.
1027 1535 1094 1555 sec.
1136 1526 1201 1556 inc.
1248 1525 1364 1555 Heius.
1401 1524 1525 1554 Petav-

65 1580 134 1603 sec.
164 1571 248 1600 Exc.
286 1571 432 1600 Lucens.
459 1580 508 1608 pr.
533 1570 614 1599 Var.
642 1569 708 1598 LL.
735 1577 752 1597 e
792 1577 895 1607 marg.
929 1568 1044 1597 Parm.
1072 1568 1169 1606 qualis
1198 1578 1264 1597 cum
1296 1568 1376 1596 Var.
1405 1566 1472 1597 LL.
1506 1575 1525 1596 e

64 1623 169 1654 marg.
200 1613 312 1643 Parni.
342 1612 415 1652 quin
448 1616 478 1642 et
508 1622 577 1642 cum
617 1609 747 1640 Rus-lid.
781 1609 920 1649 quamtis
947 1613 1012 1640 lum
1043 1610 1096 1638 ed.
1124 1610 1322 1640 Parim—38
1357 1608 1433 1637 cliro
1463 1616 1526 1647 pro

64 1656 155 1687 dubio
184 1655 278 1686 Med.
312 1664 379 1685 sec.
410 1655 547 1694 Cynthia
577 1656 659 1684 motu
686 1653 765 1683 Vat.
790 1656 869 1682 tert.
902 1662 944 1681 iu.
977 1654 1113 1691 pn—sse
1148 1651 1244 1681 medis
1267 1652 1325 1680 aloe
1355 1650 1434 1680 Vat.
1461 1659 1527 1680 sec.

65 1698 279 1730 transcendere
309 1699 388 1728 Vat.
422 1697 550 1728 A.—40
589 1696 653 1727 Vix
686 1705 746 1724 una
785 1695 910 1724 Moret.
943 1703 991 1733 pr.
1018 1696 1083 1723 tum
1115 1693 1193 1723 Vat.
1225 1703 1277 1732 pr.
1300 1692 1406 1722 Oisel.
1434 1691 1527 1722 Med.

67 1750 135 1772 sec.
172 1740 290 1771 Ambr.
333 1750 383 1780 pr.
414 1740 497 1770 Exc.
527 1740 672 1769 anens.
702 1739 838 1777 piu-41
876 1740 969 1776 parat
999 1736 1080 1766 vat.
1108 1740 1186 1765 tert.
1215 1734 1314 1773 samse
1350 1735 1430 1764 Vat.
1459 1743 1528 1765 sec.

66 1784 139 1814 ritae
165 1783 285 1814 Petav.
318 1793 368 1823 pr.
381 1801 424 1804 -—
436 1784 477 1813 42
516 1782 670 1812 Ardentes
706 1781 786 1811 Vat.
827 1779 872 1809 D.
912 1779 1061 1809 Florent.
1111 1778 1262 1808 Arcenles
1305 1777 1418 1807 Oxon.
1461 1784 1529 1807 sec.

66 1826 194 1867 Zephiri
221 1836 282 1866 pro
309 1825 424 1865 tepidis
448 1824 567 1855 Ambr.
596 1825 762 1855 tert—43
787 1822 937 1852 tumulum
954 1821 1020 1851 dno
1049 1821 1146 1851 vau.
1174 1826 1207 1851 et
1235 1821 1280 1850 D.
1305 1820 1397 1850 Rott.
1425 1817 1529 1849 Hafn.

66 1869 160 1900 Med.
179 1879 228 1909 pr.
247 1870 310 1899 inv.
329 1868 447 1899 Heius.
462 1866 580 1898 Ambr.
598 1871 679 1897 tert.
707 1865 789 1896 Cod.
807 1864 924 1904 Epigr.
944 1863 1061 1894 Ambr.
1090 1862 1168 1894 Ald.
1184 1863 1266 1893 Var.
1296 1862 1364 1893 LL.
1387 1871 1405 1891 e
1424 1870 1529 1900 marg.

68 1911 264 1943 Pam—44
293 1911 457 1951 Componit
484 1910 564 1940 vat.
587 1908 627 1939 A.
653 1909 697 1939 Et
716 1908 803 1948 ponit
826 1908 904 1937 Vat.
924 1912 1002 1937 lert.
1029 1905 1207 1946 Composuit
1234 1906 1359 1935 Moret.
1388 1913 1438 1944 pr.
1459 1913 1531 1942 par-

67 1964 190 1994 cumque
205 1955 283 1985 Vat.
301 1956 455 1984 sem—45
484 1952 562 1982 Hoec
580 1952 658 1982 Vat.
673 1960 742 1981 sec.
757 1949 840 1981 Cod.
859 1949 976 1989 Epigr.
999 1949 1118 1980 Ambr.
1138 1949 1258 1979 Petav.
1276 1956 1344 1978 sec.
1363 1946 1442 1976 var.
1461 1946 1531 1975 LL.
1569 1969 1571 1972 .

69 1997 122 2026 od.
139 1996 229 2026 Antv
266 2007 308 2026 m.
335 2006 384 2035 pr.
409 1995 518 2026 blando
544 1995 647 2025 Solem
672 1993 778 2025 Oisel.
803 1992 868 2023 inc.
899 1992 1016 2023 Heius.
1040 2001 1151 2029 magno
1179 1991 1280 2021 Solem
1308 1990 1439 2019 Bonon.
1465 1987 1531 2018 dno

70 2039 191 2070 Petav.
208 2039 319 2069 Oxon.
334 2048 402 2069 sec..
425 2039 509 2068 Exc.
530 2038 673 2068 Lucens.
690 2046 739 2077 pr.
766 2035 842 2066 Pat.
861 2044 927 2065 rec,
948 2034 1025 2064 ΑΜ.
1043 2035 1121 2064 Var.
1152 2033 1214 2073 LL.
1241 2043 1258 2063 e
1287 2042 1392 2071 marg.
1418 2030 1531 2061 Parm.

69 2085 104 2111 et
122 2081 176 2111 ed.
191 2082 293 2111 Antv.
314 2091 424 2119 magno
439 2081 538 2110 sedem
558 2079 673 2110 Ainbr.
688 2083 770 2109 tert.
785 2077 870 2108 Cod.
888 2078 1005 2117 Epigr.
1021 2076 1138 2107 Ambr.
1155 2075 1255 2105 Solem
1278 2075 1423 2105 Floreat.
1437 2072 1532 2103 Med.

68 2132 135 2154 see.
156 2133 267 2162 magno
286 2129 354 2152 tres
370 2124 465 2153 Vatt.
485 2123 564 2152 item
592 2121 633 2152 Α.
653 2127 688 2152 et
711 2122 755 2151 I).
784 2119 890 2150 Hafn.
918 2121 1010 2150 Rott.
1033 2120 1179 2149 Florem.
1196 2119 1326 2148 clamore
1353 2117 1434 2147 Vat.
1463 2124 1530 2145 see.

70 2166 192 2196 Petav.
211 2176 261 2206 pr.
280 2168 423 2203 clangore
438 2165 517 2195 Vat.
544 2174 594 2203 pr.
621 2169 657 2194 et
680 2168 760 2194 tert.
784 2163 864 2193 item
882 2163 924 2193 D.
939 2163 1034 2192 Rott.
1053 2161 1159 2192 Oisel.
1176 2170 1287 2199 magno
1300 2161 1441 2197 clangore
1453 2159 1535 2188 Vat-

71 2208 180 2240 Livin.
197 2219 308 2247 magno
324 2209 453 2238 clamore
470 2206 688 2237 nusum—*16
711 2216 746 2235 ac
761 2205 897 2245 supplice
914 2204 1009 2235 Med.
1029 2213 1097 2234 sec.
1115 2204 1194 2234 Vat.
1223 2202 1334 2234 Livin.
1361 2211 1380 2232 a
1400 2200 1534 2242 supplice

731 2281 869 2311 NOTAE

113 2340 154 2368 37
180 2336 296 2376 Stella]
330 2336 473 2374 Oculus,
499 2335 555 2376 qui
583 2335 704 2366 sideris
727 2335 773 2364 in-
830 2338 892 2364 est.

74 2393 143 2420 star
171 2388 332 2426 micabat,
360 2388 499 2427 languet
543 2390 685 2426 propter
715 2385 774 2415 im·
872 2387 913 2416 42
952 2382 1089 2422 Herbas]
1136 2381 1278 2422 Colligit
1313 2380 1470 2411 cinnama
1500 2382 1536 2409 ct

74 2439 292 2470 becillitatem
309 2438 495 2468 senectutis
512 2435 682 2476 frigentis.
706 2434 774 2465 Alii
814 2436 894 2466 ‘alia
913 2434 1003 2474 ligna
1020 2432 1201 2463 odorifera.

73 2488 201 2528 legunt,
215 2488 310 2526 stilla,
328 2488 360 2518 id
375 2492 440 2526 est,
458 2492 555 2526 gutta
572 2485 754 2526 sanguinis.
874 2487 914 2515 44
939 2482 1088 2522 Bustum]
1111 2482 1215 2515 Quasi
1233 2482 1319 2512 bene
1337 2484 1459 2511 ustum.

116 2541 157 2570 38
181 2539 285 2570 Dubio
300 2538 409 2578 cornu]
433 2538 533 2571 Quod
552 2538 609 2567 vix
625 2542 660 2567 et
672 2536 776 2567 dubio
876 2533 1022 2573 Par-tum]
1047 2532 1231 2572 Componit
1254 2540 1371 2569 cunaS,
1400 2531 1434 2560 in
1465 2528 1535 2569 qui-

77 2590 298 2630 aspectujam
317 2589 464 2619 videtur.
834 2584 894 2615 bus
920 2584 963 2614 de
994 2593 1079 2613 novo
1104 2583 1266 2622 pariatur,
1291 2590 1333 2610 ex
1357 2579 1406 2610 sui
1432 2578 1535 2618 ipsius

121 2641 271 2681 Cynthia]
302 2642 387 2673 Quae
415 2644 450 2671 et
477 2641 571 2670 Luna
597 2643 632 2669 et
670 2638 779 2667 Diana
833 2635 948 2665 cinere
966 2633 1124 2663 foecnndo
1142 2642 1180 2663 ac
1198 2631 1350 2672 genitali.

79 2694 143 2727 est,
166 2690 213 2721 sic
231 2691 322 2721 dicta
348 2701 367 2721 a
390 2696 502 2722 monte
524 2690 604 2720 Deli
632 2688 779 2729 Cyntho,
875 2687 915 2715 45
943 2684 1108 2722 mangot-ej
1126 2682 1277 2712 Phoenici
1293 2677 1449 2709 blandam
1465 2685 1536 2705 csse

82 2739 138 2769 nbi
154 2745 233 2770 nata
249 2746 310 2771 est.
837 2744 953 2765 vocem
993 2734 1085 2764 cauit
1123 2731 1337 2766 Lactantius,
1374 2731 1408 2756 et
1438 2735 1537 2766 quani

124 2792 164 2821 40
196 2790 271 2821 AEvi
299 2790 453 2831 defuncti]
492 2792 568 2823 Quo
598 2788 780 2820 defunctus
834 2788 842 2803 ‘
869 2795 981 2827 neque
1005 2784 1079 2816 olor
1109 2783 1256 2815 moriens
1283 2777 1405 2810 imitari
1439 2786 1538 2818 posse
