1851 3213
316 217 431 261 1284
585 227 727 260 NoTAE
764 224 1028 257 vARmRUM

319 327 371 354 ter
385 320 562 361 exhibent,
590 325 629 352 nt
656 320 772 352 videre
799 324 850 351 est
883 320 916 350 in
938 318 1026 349 Isin-

320 373 471 413 griniana
489 371 645 403 editione
661 381 737 402 cum
769 371 863 401 libris
890 368 1026 408 scriptis

310 435 338 454 a
357 424 548 454 Pulmanno
565 423 705 459 collata,
730 431 830 462 quam
849 431 868 451 a
884 419 1027 451 Barthio

313 474 465 505 -redemit
481 484 520 505 ac
537 473 617 504 mihi
634 472 776 503 donavit
793 471 961 511 elegantis
978 470 1028 500 vir

321 525 448 565 ingenii
479 528 513 555 et
541 523 622 554 mihi
663 522 885 553 amicissimus
918 521 1029 551 Lucas

322 576 609 615 Langermannus.
636 573 680 604 D.
702 573 813 603 Heius.

363 629 426 657 233
454 626 607 666 Ultroque
636 633 744 654 manus
771 621 1030 659 mucroncfaren-

321 681 351 708 te
367 675 522 716 Ducitur]
570 676 657 709 Quae
684 674 807 714 alioqui
834 681 1031 704 mucronem

323 726 483 758 ducebat.
526 725 583 757 Ita
596 725 799 766 capiendum
813 724 902 765 quod
919 723 1031 764 paullo

325 782 406 808 ante
433 786 476 808 ex
507 777 645 807 Lucano
680 774 910 814 produximus.
948 775 956 789 ‘
975 772 1033 801 vi-

325 828 428 858 brant
457 826 526 858 tela
554 823 707 856 manus:'
745 828 866 853 contra
888 831 1035 852 commu-

326 888 402 909 nem
420 876 509 907 enim
534 876 647 915 legem
663 873 712 904 ait
726 882 844 902 manus
862 882 881 902 a
897 871 974 902 telis
991 871 1036 900 vi-

326 928 455 966 bratas,
471 930 509 956 nt
525 924 578 955 hic
595 922 805 955 Claudianus
821 923 943 952 ductas.
967 921 1036 952 Du-

325 979 409 1009 citur
430 981 543 1009 autem
561 977 678 1008 mitem
706 974 911 1006 tractionem
929 978 1039 1013 notat,

328 1034 366 1059 ut
383 1029 531 1059 colorem
548 1028 659 1058 ducere
684 1035 784 1057 uvam
813 1024 900 1055 dixit
926 1023 1038 1064 Virgi-

328 1080 407 1110 lius.
433 1079 553 1109 Barth.

372 1132 436 1161 235
462 1131 535 1161 Non
549 1128 671 1169 patiar]
695 1128 747 1159 Ex
764 1126 922 1166 abrupto.
949 1125 1040 1158 Qua-

329 1181 369 1211 lis
402 1189 512 1211 sermo
539 1179 810 1219 indignationem
843 1176 1040 1217 praepingit.

328 1229 620 1261 Consuetudinem
648 1232 762 1259 autem
790 1227 894 1258 caedis
914 1226 1042 1256 hostilis

329 1281 475 1319 indit-at,
512 1289 588 1311 cum
621 1279 670 1309 ait
710 1280 719 1295 ‘
739 1278 866 1309 siccum
892 1276 1042 1317 gladium

331 1331 455 1371 vagina
471 1330 629 1362 recusat!
653 1330 762 1360 Idem.

377 1381 543 1421 Semperne
561 1381 655 1411 Getis
666 1378 825 1420 proderit]
862 1378 964 1409 Getae
981 1386 1043 1418 pro

330 1431 469 1471 ‘Scythis
500 1430 636 1471 passim,
673 1439 714 1460 ex
753 1429 874 1469 quibus
910 1426 1045 1458 oriundi

336 1480 457 1520 Gothi,
494 1480 551 1521 qui
590 1480 634 1510 ob
673 1479 706 1509 id
742 1478 844 1509 Getae
873 1477 1044 1508 dicuntur.

337 1532 440 1562 Oros.
471 1539 494 1562 1.
527 1533 578 1561 16.
602 1530 730 1561 Paulus
758 1530 902 1560 Diacon.
927 1529 961 1559 in
978 1528 1048 1559 vita

339 1582 462 1613 Leonis
493 1581 583 1622 Imp.
615 1581 731 1621 Spart.
762 1580 797 1610 in
827 1579 1046 1611 Carac.etin

339 1633 445 1671 Geta,
475 1633 523 1663 D.
555 1632 701 1663 Hieron.
727 1631 761 1661 in
787 1630 929 1661 Praefat.
947 1630 988 1660 ad
1006 1630 1048 1660 E-

339 1684 419 1723 pist.
438 1693 478 1714 ιι.
492 1683 534 1713 ad
552 1683 702 1714 Galatas.
731 1681 847 1712 Sidon.
861 1681 973 1711 Carm.
990 1683 1021 1710 2.
1039 1690 1046 1710 :

339 1736 348 1750 ⁴'
381 1743 399 1763 a
430 1733 597 1773 genitrice
637 1732 792 1764 Gethes.’
841 1732 954 1763 Carm.
979 1735 1011 1762 5.
1039 1741 1047 1762 z

339 1786 347 1800 ⁶
364 1783 423 1825 qui
454 1783 566 1814 dictat
589 1782 690 1813 modo
710 1783 793 1822 jura
809 1781 910 1812 Getis
930 1780 950 1811 ε’
976 1790 1051 1811 nos-

342 1839 396 1864 ter
424 1833 466 1864 de
492 1834 581 1864 bello
608 1833 748 1872 Getico,
769 1833 778 1848 ‘
796 1831 940 1863 Geticas
957 1840 1052 1862 aver-

342 1889 414 1915 tere
427 1883 542 1915 fauces
557 1883 577 1915 :⁵
603 1888 639 1914 et
671 1883 713 1914 de
746 1883 835 1914 bello
867 1882 1051 1913 Gildonico

337 1934 453 1975 princ.
481 1936 490 1950 ‘
506 1933 655 1974 lugenda
672 1933 772 1965 Getis
790 1937 824 1964 et
838 1931 952 1963 flenda
968 1932 1051 1963 Sue-

343 1986 395 2016 dis
422 1985 603 2016 Hausimus
623 1984 642 2015 ι’
665 1989 701 2015 et
740 1984 783 2015 de
821 1993 876 2016 111.
908 1984 1054 2015 Honorii

345 2036 447 2066 Cous.
477 2037 486 2051 ‘
504 2035 631 2066 Getico
662 2034 862 2066 foedavimus
898 2035 1054 2066 Hebrum

343 2085 541 2125 Sanguine.²
574 2087 751 2126 Dempster.

388 2141 452 2169 236
475 2139 562 2169 Belli
577 2138 679 2169 civilis
696 2137 814 2179 imag-o]
835 2139 974 2178 Terror,
989 2137 1056 2170 for-

345 2189 448 2221 mido.
480 2189 606 2230 virgil.
629 2191 637 2206 ‘
656 2189 805 2230 plurima
831 2189 951 2220 mortis
975 2189 1058 2220 iina-

348 2239 413 2280 go.’
439 2240 555 2271 Barth.

391 2292 452 2320 237
480 2290 734 2329 Consanguineas
749 2289 844 2330 acies]
881 2290 934 2320 Ex
953 2290 1059 2321 Luca-

348 2350 392 2371 no
408 2344 443 2371 et
459 2340 616 2381 Papinio.
664 2341 761 2379 Olim,
786 2340 916 2371 tamdiu
933 2345 971 2372 ut
985 2340 1059 2370 nul-

350 2391 416 2422 lius
433 2390 651 2421 dissensionis
662 2390 735 2431 jam
751 2390 916 2421 memoria
931 2395 1058 2422 exstet.

352 2441 451 2472 Idem.

346 2499 351 2504 ·
393 2493 457 2522 238
483 2491 658 2522 Concordes
672 2491 810 2531 aquilas]
831 2492 884 2522 Ex
905 2491 1060 2522 hocloco

352 2541 468 2583 piacet
494 2541 681 2580 conjicere,
708 2540 869 2581 Aquilam
896 2541 1061 2581 Imperia-

344 2592 420 2622 -lem
437 2600 504 2621 nou
532 2590 574 2621 ab
601 2590 732 2620 ratione
749 2589 921 2630 duplicem
938 2595 998 2621 aut
1015 2590 1061 2621 bi-

354 2641 495 2681 cipitem
513 2639 639 2680 effingi,
664 2639 794 2670 indicat
813 2639 902 2670 enim
919 2640 1061 2670 duorum

350 2691 469 2732 impp.
514 2690 670 2722 Orientis
700 2689 772 2721 scil.
795 2694 832 2720 et
862 2689 1062 2721 Occidentis

350 2741 491 2783 (quales
519 2740 616 2772 fuere
641 2739 769 2772 Arcad.
796 2744 831 2771 et
848 2739 1063 2772 Honor.fra-

350 2791 446 2834 tres)
462 2791 703 2825 concordiam·
722 2791 845 2823 Claoer.

1062 223 1113 253 IN
1148 221 1224 252 CL.
1255 221 1441 251 CLAUD.
1474 220 1518 250 V.

1123 316 1196 348 Non
1238 314 1431 347 dissociabile
1467 312 1592 354 corpus]
1639 311 1787 352 Corpus,

1080 367 1277 407 conjunctio
1305 365 1452 406 plurium
1481 364 1571 395 inter
1595 372 1631 394 se
1647 370 1789 403 congru.

1081 418 1223 448 entium.
1269 417 1327 447 Sic
1356 416 1488 456 Corpus
1514 423 1656 455 operum
1672 413 1789 445 Poeti-

1081 477 1211 499 cormn.
1241 467 1357 498 Barth.

1126 521 1189 549 240
1227 517 1429 558 Hyperboreo
1473 517 1652 546 damnatam
1691 514 1792 544 sidere

1087 570 1225 610 Thulen]
1249 570 1347 601 Adeo
1373 568 1509 610 quidem
1541 571 1578 598 ut
1605 563 1792 607 ἇρκτικωά·

1083 634 1142 659 την
1156 623 1218 652 τῶν
1234 618 1467 660 ὀνομαζομένων
1482 619 1575 650 dicat
1591 616 1794 649 Eustathius

1086 673 1126 703 ad
1145 672 1361 713 Dionysium,
1392 675 1427 701 et
1450 675 1524 701 toto
1551 668 1692 699 hiberno
1708 671 1793 698 tem·

1086 732 1168 763 pore
1197 722 1243 752 ibi
1278 722 1392 752 Solem
1430 730 1498 751 non
1533 719 1653 750 videri.
1697 717 1795 749 Sidus

1087 772 1363 803 constitutionem
1382 771 1468 802 aeris
1484 774 1591 802 notat.
1614 770 1714 800 Idmn.

1130 825 1192 853 241
1219 822 1364 852 Incensos
1395 821 1504 862 Lz'byae
1538 819 1663 860 arenas]
1702 820 1796 861 Lege

1089 873 1279 911 Lucanum,
1295 872 1353 903 lib.
1366 880 1416 902 ix.
1441 872 1538 902 Idem.

1133 926 1197 954 242
1221 922 1360 962 Stagna]
1399 922 1588 954 Oceanum.
1615 921 1663 954 At
1677 926 1799 953 contra

1091 972 1288 1005 contemtim
1321 973 1380 1003 ille
1408 972 1500 1012 apud
1526 972 1711 1011 Lucanum,
1736 971 1798 1002 lib.

1092 1034 1153 1056 11.:
1190 1026 1200 1044 ‘
1231 1024 1477 1065 Oceanumque
1517 1032 1642 1054 vocans
1678 1021 1801 1053 incerti

1092 1081 1212 1115 stagna
1250 1073 1434 1115 profundi!
1501 1073 1610 1106 Quasi
1657 1072 1799 1103 Oceano

1092 1126 1156 1157 hoc
1188 1125 1362 1165 indignum
1387 1125 1431 1156 sit
1462 1128 1500 1155 ut
1525 1123 1636 1164 stagni
1666 1123 1802 1154 nomine

1093 1181 1287 1207 censeatur.
1313 1176 1411 1206 Idem.

1139 1226 1300 1266 Rubrique
1316 1236 1448 1256 recessus
1463 1224 1616 1265 Littoris]
1652 1225 1805 1266 AEqztorz's

1095 1277 1188 1318 prior
1206 1277 1333 1307 Mox-eti
1346 1276 1437 1307 inter
1454 1276 1601 1316 optimos
1618 1276 1725 1307 bene:
1757 1275 1805 1306 al—

1097 1334 1207 1360 terum
1232 1327 1316 1359 ferri
1339 1337 1405 1358 non
1438 1331 1566 1368 potest,
1589 1328 1670 1368 quia
1693 1327 1805 1369 sequi-

1097 1382 1166 1416 tur,
1188 1379 1197 1394 ⁶
1215 1379 1421 1418 secretaque
1443 1378 1562 1408 littora
1578 1377 1650 1408 Nili
1664 1377 1684 1416 ;'
1714 1377 1806 1419 quod

1098 1432 1134 1459 et
1150 1427 1313 1458 Barthius
1329 1426 1415 1458 vidit
1434 1438 1441 1458 z
1466 1427 1528 1458 nisi
1544 1427 1614 1458 illic
1630 1437 1706 1459 cum
1723 1428 1807 1459 alte-

1099 1488 1137 1510 ro
1162 1478 1290 1509 Moreti
1320 1482 1356 1509 et
1392 1478 1492 1518 prim.
1521 1478 1680 1509 Vatican.
1712 1479 1806 1520 legas

1099 1538 1222 1560 noscere
1240 1528 1331 1565 Nili;
1360 1532 1398 1559 ut
1422 1531 1542 1559 secreta
1568 1528 1640 1559 Nih·
1669 1527 1808 1568 dixerit,

1102 1578 1271 1619 quomodo
1305 1578 1410 1609 clausa
1445 1588 1562 1619 rerum,
1597 1583 1634 1609 et
1671 1579 1809 1619 similia,

1103 1639 1244 1670 quorum
1282 1634 1398 1660 noster
1430 1629 1563 1669 plenus.
1621 1630 1808 1670 Vulgatam

1102 1686 1217 1711 tamen
1234 1680 1419 1711 lectionem
1443 1684 1585 1711 tuentur
1610 1689 1686 1721 quae
1712 1685 1810 1711 nota·

1100 1741 1175 1762 mus
1193 1740 1284 1770 supr.
1301 1731 1360 1762 lib.
1378 1739 1403 1761 1.
1421 1740 1469 1761 vs.
1487 1733 1562 1762 184.
1587 1731 1632 1762 D.
1651 1730 1765 1762 Heius.

1145 1784 1207 1813 244
1227 1783 1354 1813 Calcare
1368 1781 1502 1822 Notum]
1516 1774 1712 1821 Meridiem,
1725 1781 1812 1813 Aus-

1102 1832 1222 1863 tralem
1239 1836 1366 1863 terram
1382 1843 1391 1871 3
1423 1832 1627 1873 cujus·tanti
1639 1841 1808 1872 recessuS,

1103 1888 1140 1913 ut
1157 1888 1234 1923 post
1253 1888 1304 1914 tot
1320 1883 1570 1924 experimenta,
1586 1887 1622 1914 et
1634 1883 1810 1914 veteribus

1102 1933 1319 1965 incredibilia
1348 1934 1483 1972 itinera,
1507 1943 1550 1965 ne
1567 1944 1656 1966 nunc
1673 1933 1812 1976 quidem

1105 1988 1235 2025 pateat.
1295 1983 1379 2014 Eam
1398 1989 1476 2025 post
1492 1990 1592 2025 terga
1606 1984 1710 2016 etiam
1727 1984 1813 2016 Noti

1105 2035 1267 2074 collocat,
1283 2044 1408 2075 gnarus
1431 2035 1590 2066 nimirum
1612 2035 1814 2076 Cosmogra-

1106 2085 1195 2126 phiae
1225 2094 1292 2115 non
1318 2085 1519 2126 vulgariter,
1543 2086 1672 2117 Lucan.
1701 2086 1760 2118 lib.
1776 2093 1813 2118 x.

1107 2137 1116 2153 ‘
1135 2136 1219 2167 licet
1237 2144 1341 2177 usque
1368 2136 1431 2167 sub
1458 2135 1589 2167 Arcton
1607 2137 1814 2177 Regnemus,

1109 2186 1327 2228 Zephyrique
1344 2186 1470 2224 domos,
1487 2192 1664 2226 terrasque
1681 2195 1815 2226 prema-

1110 2246 1183 2268 nins
1197 2237 1390 2277 Flagrantis
1402 2241 1477 2277 post
1491 2241 1589 2277 terga
1600 2236 1698 2275 Noti,
1713 2236 1816 2268 cede-
1850 2239 1851 2268 ζ

1108 2297 1182 2318 mus
1199 2287 1233 2317 in
1250 2292 1344 2318 ortus
1360 2286 1562 2317 Arsacidum
1579 2285 1748 2318 Domino?

1152 2337 1339 2378 secretaque
1352 2338 1460 2369 littora
1474 2337 1558 2378 Nili]
1581 2338 1637 2368 De
1653 2337 1726 2369 Nili
1740 2336 1815 2368 fon-

1109 2392 1145 2419 te
1168 2388 1359 2419 dubitatum
1385 2389 1489 2419 etiam
1512 2388 1554 2418 ab
1577 2387 1660 2428 ipsis
1676 2388 1817 2430 AEgypti

1111 2437 1262 2477 regibus,
1286 2437 1376 2478 quod
1405 2436 1478 2468 fuse
1505 2437 1586 2468 alibi
1611 2447 1654 2469 ex
1680 2438 1830 2470 Graecis>

1110 2487 1308 2528 Latinisque
1326 2488 1448 2520 dicam.
1472 2488 1615 2529 Dempst.

1153 2540 1215 2568 245
1240 2538 1393 2568 Mundam
1416 2542 1486 2578 post
1517 2541 1608 2578 terga
1631 2538 1818 2580 relinquam]

1112 2587 1199 2620 Quae
1216 2597 1345 2618 summa
1371 2588 1482 2618 omnia
1508 2589 1672 2620 itinerum
1688 2589 1818 2630 ὑπερβο-

1112 2639 1205 2668 λικῶς
1220 2638 1435 2670 censebatur.
1459 2639 1576 2670 Barth.

1159 2689 1238 2719 Post
1254 2691 1344 2728 terga
1358 2688 1544 2729 relinquam]
1569 2688 1739 2721 Ammian.
1756 2689 1816 2721 lib.

1114 2747 1210 2770 xxn:
1229 2739 1239 2756 ‘
1257 2739 1347 2770 nullo
1365 2739 1486 2770 relicto
1500 2744 1578 2780 post
1591 2744 1708 2782 terga,-
1716 2747 1819 2781 quem

1112 2788 1338 2823 formidaret:
1385 2790 1561 2831 spartian.
1597 2790 1634 2824 in
1669 2791 1820 2823 Semo:
