1851 3213
274 223 386 265 1030
695 235 769 265 cn.
801 234 1083 266 GLAUmANi
1119 235 1304 266 xxxvr.

274 328 614 382 Exsuperatque
634 332 788 379 aestus,
810 333 854 370 et
872 329 978 369 nulli
1003 329 1158 383 pervia
1179 343 1305 380 saxa,

273 393 422 449 Atque
442 396 714 447 indignantes
735 398 926 449 vestigia
945 398 1093 438 calcat
1114 411 1269 438 arenas
1287 412 1295 438 :

276 461 434 512 Qualis
454 463 683 517 pestiferas
704 464 895 505 animare
919 464 973 504 ad
995 465 1177 504 crimina
1198 469 1330 506 taxos

274 529 424 571 Torva
446 530 495 570 M
500 543 647 583 egaera
665 532 779 582 ruit;
813 530 971 572 Cadmi
990 545 1067 572 seu
1089 533 1255 573 moenia
1275 536 1462 586 poscat3

275 596 380 638 Sive
403 598 638 652 Thyesteis
658 603 865 652 properet
886 599 1043 640 saevire
1065 599 1282 653 Mycenis„

277 664 396 705 Dant
417 667 602 706 tenebrae
624 679 867 721 manesque
887 668 1050 717 locum,
1074 668 1327 720 plantisque
1350 667 1560 709 resultant

274 731 458 773 Tartara
479 733 675 774 serratis:
709 734 846 776 donec
868 735 1197 788 Phlegethontis
1220 735 1277 776 ad
1294 735 1457 776 undam

1656 397 1743 440 385

1657 735 1745 777 390

274 877 386 915 rantis,
414 881 442 907 et
467 878 569 907 eradit
595 887 722 917 vapores
747 878 844 918 ignis,
869 882 900 910 et
924 889 1017 920 rupes
1042 880 1213 911 inaccessas
1238 879 1389 919 omnibus,
1412 883 1442 911 et
1456 881 1613 920 proculcat
1627 880 1748 913 cineres

275 929 335 949 non
358 921 511 959 patientes
539 922 643 959 pedem
656 932 666 951 .-
692 922 772 952 sicut
790 922 933 962 Megoera
959 925 1042 954 irata
1062 927 1210 964 properat
1225 925 1389 954 accendere
1403 927 1493 953 taxos
1506 924 1693 964 perniciosas
1706 925 1750 957 ad

275 961 389 992 scelera
408 964 598 1003 patranda;
621 973 673 994 seu
686 968 777 1004 petat
792 965 898 996 urbem
917 967 1041 1005 Cadmi,
1065 976 1116 997 sen
1125 967 1260 1004 festinet
1264 966 1376 1003 furere
1394 967 1536 1007 Mycenis
1554 967 1686 1007 Thyeste
1698 967 1746 997 in-

275 1003 420 1035 famatis
468 1005 651 1037 obscuritas
677 1010 708 1037 et
732 1008 850 1038 umbrae
866 1010 978 1039 cedunt
994 1010 1070 1048 loco,
1095 1013 1125 1040 et
1144 1010 1279 1040 Tartara
1301 1013 1446 1040 resonant
1473 1010 1602 1049 pedibus
1617 1009 1750 1051 ferreis,

916 1093 1151 1106 eeeeeeeeeeee

275 1153 535 1191 montisfasticlia
548 1155 646 1187 Voss.
663 1166 714 1196 pr.
747 1157 894 1189 anhelans
910 1168 970 1199 pro
985 1158 1089 1189 anheli
1105 1157 1314 1199 conjiciebat
1331 1157 1560 1189 Heins.-384
1585 1158 1750 1197 Exuperat

276 1195 348 1226 sine
363 1198 499 1237 copula,
517 1198 669 1231 Florent.
691 1200 766 1231 Var.
781 1201 848 1232 LL.
866 1212 884 1231 e
901 1211 1006 1241 marg.
1026 1202 1140 1232 Parni.
1173 1212 1249 1232 saxo
1272 1202 1394 1232 Petav.
1414 1203 1589 1232 sem—385
1613 1200 1748 1231 habenas

278 1247 340 1278 pro
355 1250 466 1270 arenas
494 1241 591 1272 Voss.
618 1246 780 1283 pin—386
804 1254 925 1275 armare
940 1244 1020 1275 Vat.
1045 1244 1153 1275 Liviu.
1186 1244 1360 1275 animarum
1377 1244 1461 1284 Reg.
1477 1253 1522 1273 m.
1541 1252 1609 1273 sec.
1629 1243 1748 1274 Oxon.

276 1291 345 1312 sec.
378 1293 422 1313 m.
453 1293 520 1314 sec.
558 1284 611 1315 ed.
643 1286 756 1317 Parm.
786 1296 829 1317 ex
858 1287 1068 1327 conjectura.
1113 1289 1153 1318 ad
1183 1287 1321 1318 carmina
1351 1287 1431 1317 Vat.
1463 1296 1516 1326 pr.
1561 1287 1601 1316 ad
1638 1285 1750 1326 proelz'a

278 1325 392 1356 Oxon.
408 1335 476 1356 sec.
512 1326 621 1358 limina
638 1329 718 1360 Vat.
744 1329 775 1359 d.
793 1329 877 1360 Cod.
895 1330 1089 1361 Bartholin.
1106 1331 1235 1360 Moret.
1254 1340 1303 1369 pr.
1338 1330 1377 1359 ad
1393 1329 1527 1360 culmina
1538 1329 1636 1358 Voss.
1654 1337 1750 1368 pr.—

279 1369 342 1398 387
366 1368 431 1398 ruit
451 1370 534 1409 Reg.
553 1380 629 1400 cum
648 1371 772 1410 glossa,
798 1372 821 1402 i.
835 1383 863 1404 e.
886 1373 979 1403 erait.
1019 1383 1069 1403 seu
1090 1373 1200 1403 Cadmi
1217 1373 1298 1402 Vat.
1316 1372 1426 1411 quint.
1445 1376 1479 1401 et
1499 1371 1532 1401 d.
1556 1371 1669 1401 moenz'a
1683 1380 1752 1411 pos-

279 1413 330 1440 cat
344 1411 441 1440 Voss.
460 1421 529 1442 sec.
548 1413 659 1443 moenz'a
685 1415 736 1443 vel
765 1414 874 1444 limina
889 1416 970 1445 Vat.
987 1425 1054 1444 sec.
1082 1416 1177 1454 poscit
1195 1415 1387 1445 Fun—388
1407 1416 1554 1453 properat
1570 1414 1650 1444 Vat.
1669 1417 1749 1445 tert.

276 1457 312 1482 et
330 1451 370 1483 A.
389 1453 465 1482 Pal.
483 1454 549 1483 duo
568 1455 661 1485 Med.
679 1455 800 1487 Heius.
822 1456 864 1487 H.
882 1456 966 1487 Put.
983 1457 1050 1487 duo
1070 1456 1190 1488 Petav.
1219 1457 1353 1487 Bonon.
1382 1456 1496 1487 Oxon.
1514 1465 1563 1496 pr.
1583 1459 1750 1496 properent

277 1494 395 1525 Ambr.
412 1499 493 1526 tert.
517 1497 634 1528 servire
650 1497 730 1529 Vat.
756 1508 808 1538 pr.
839 1505 952 1539 quart.
983 1503 1018 1529 et
1035 1499 1069 1529 d.
1087 1499 1152 1530 inc.
1168 1499 1293 1530 Heins.
1308 1498 1554 1530 Tholos.—389
1573 1498 1750 1539 plantisque

278 1537 329 1567 vel
359 1538 530 1578 palmisque
546 1540 600 1570 vel
625 1540 785 1579 portisque
811 1541 898 1581 Reg.
927 1541 1041 1572 Oxon.
1059 1544 1220 1580 p1·.—390
1243 1542 1275 1572 in
1300 1542 1413 1572 undam
1428 1541 1526 1571 Voss.
1544 1551 1595 1581 pr.
1618 1541 1651 1572 in
1667 1542 1752 1572 unda

276 1585 347 1611 tres
364 1581 460 1611 Vatt.
478 1582 558 1611 item
576 1581 616 1612 A.
634 1587 670 1613 et
686 1583 717 1613 d.
735 1582 809 1614 Pal.
827 1583 913 1614 Cod.
931 1584 1119 1615 Bartholin.
1142 1585 1182 1615 ad
1209 1585 1308 1614 undas
1334 1584 1418 1616 Exc.
1437 1584 1557 1615 Petav.
1581 1587 1692 1625 quart.
1716 1583 1750 1615 in

939 1678 1081 1711 NOTAE

277 1760 514 1793 anhelantibus
529 1761 646 1793 similis
662 1772 733 1794 esse
751 1763 901 1796 videtur.

320 1815 381 1843 385
409 1813 615 1852 Indignantes
630 1814 768 1854 vestigia
781 1817 905 1857 arenas]
929 1816 989 1847 Ca-

276 1862 361 1894 lidos
386 1867 489 1904 atque
519 1870 705 1896 restuantes
733 1866 877 1906 cineres,
905 1877 988 1908 quos

1044 1765 1149 1797 oculis
1168 1766 1308 1798 alterius
1333 1775 1387 1797 res
1403 1764 1569 1797 secundas
1595 1764 1749 1806 aspicere

1042 1816 1171 1848 solitos.

1090 1865 1201 1896 Cadmi
1217 1865 1344 1907 moenz‘a]
1382 1866 1527 1906 Thebas,
1555 1875 1637 1908 quas
1661 1865 1751 1898 Cad-

277 1922 375 1944 nemo
393 1914 496 1945 audet
515 1921 669 1955 tangere.

320 1967 383 1995 386
410 1965 536 2006 Qualis]
571 1967 660 1997 Talis
691 1970 744 1998 est
776 1967 879 1998 Ceres
908 1968 987 1999 dum

277 2014 397 2047 cedros
429 2016 601 2056 accendit,
625 2018 734 2058 qualis
757 2022 809 2048 est
833 2018 989 2059 Megaera

277 2066 356 2098 dum
371 2067 530 2098 accendit
548 2071 657 2099 taxos.
689 2068 868 2099 Praeterea
881 2069 986 2101 Ceres

278 2119 427 2159 Erinnys
445 2117 628 2160 aliquando
652 2119 791 2159 dicitur,
817 2124 853 2151 et
876 2126 988 2152 sumta

275 2168 388 2199 Furiae
416 2168 525 2199 forma
549 2179 624 2200 cuin
658 2170 823 2211 Neptuno
861 2180 986 2202 concu-

276 2218 390 2250 buisse
409 2218 548 2250 dicitur.

320 2269 496 2307 Pestiferos
511 2270 617 2310 taxos]
644 2271 875 2312 Perniciosas,
900 2281 988 2304 mor-

278 2317 415 2358 tiferas;
440 2319 519 2350 inde
536 2320 684 2351 toxicum
704 2322 805 2362 vulgo
822 2321 975 2354 dicimus.

321 2369 486 2409 Aninzare]
504 2370 707 2402 Accendere
722 2383 729 2402 ε
755 2373 905 2403 nonnulli
915 2383 986 2404 cre-

278 2420 395 2452 didere
413 2422 524 2461 ignem
542 2431 616 2451 esse
630 2422 766 2461 animal,
781 2422 859 2463 quia
872 2423 987 2464 alitur,

277 2475 446 2510 movetur,
463 2472 600 2512 crescit,
615 2472 840 2512 extinguitur.

319 2522 372 2554 Ad
388 2522 535 2562 crimina]
571 2522 624 2552 Ad
649 2523 817 2564 patranda
844 2525 987 2561 scelera,

278 2574 334 2606 vel
362 2575 402 2605 ad
430 2574 583 2605 homines
613 2573 862 2615 depravandos,
894 2576 985 2617 quod

279 2624 456 2656 Furiarum
474 2634 593 2656 munus
610 2631 674 2657 est.

323 2677 385 2706 387
410 2668 568 2716 Meg-cera]
603 2675 743 2707 Dicitur
772 2675 832 2707 ἀπὸ
854 2677 909 2707 τοῦ
932 2688 986 2716 με-

278 2725 409 2767 γαίρειν,
422 2726 574 2766 invidere,
602 2730 638 2758 et
655 2726 732 2758 ideo
749 2731 851 2759 torva
867 2729 983 2769 appel-

280 2775 385 2818 latur,
414 2776 505 2819 quod
532 2775 662 2809 excitet
699 2777 848 2819 invidos,
878 2779 985 2810 torvis

1043 1926 1116 1947 mus
1133 1925 1175 1947 ex
1192 1916 1370 1947 Phoenicia
1388 1916 1565 1956 profectus
1592 1916 1626 1947 in
1652 1916 1752 1948 Boeo·

1043 1967 1093 1998 tia
1109 1966 1274 2007 condidit,
1291 1977 1333 1997 ex
1351 1967 1499 1998 Oraculo
1517 1966 1679 2007 praeviam
1692 1967 1752 1999 bo-

1042 2027 1117 2049 vem
1144 2023 1293 2049 secutus.
1340 2018 1424 2049 Ideo
1456 2022 1571 2050 autem
1599 2019 1751 2059 Megaera

1042 2069 1175 2100 Thebas
1194 2073 1313 2109 petere
1331 2068 1483 2110 fingitur,
1507 2068 1550 2100 ob
1574 2069 1751 2101 innumera

1044 2119 1188 2150 crimina
1204 2119 1249 2150 ibi
1266 2124 1415 2160 patrata.

1085 2172 1148 2200 388
1196 2170 1362 2211 Thyesteis
1386 2170 1545 2211 Mycenis]
1590 2170 1752 2210 Perseus,

1040 2221 1137 2253 Jovis
1154 2225 1189 2252 et
1212 2221 1353 2252 Danaes
1377 2220 1479 2257 filius,
1504 2220 1657 2251 condidit
1674 2220 1750 2261 My-

1041 2281 1152 2311 cenas,
1169 2282 1246 2313 quae
1275 2271 1437 2302 dicuntur
1449 2271 1641 2312 Thyesteae,
1658 2270 1750 2313 quod

1040 2322 1087 2352 ibi
1104 2322 1274 2361 Thyestes
1292 2321 1457 2361 regnarit.

1085 2371 1219 2412 Saevz're]
1249 2371 1339 2404 Quia
1354 2381 1394 2403 eo
1408 2372 1543 2413 impulit
1558 2372 1748 2413 Thyesten,

1043 2427 1080 2453 ut
1096 2422 1246 2463 AEropen
1263 2421 1363 2453 Atrei
1380 2421 1496 2454 fratris
1515 2433 1655 2455 uxorem
1671 2423 1749 2456 viti-

1043 2477 1139 2511 aret3
1165 2478 1200 2504 et
1224 2472 1348 2503 deinde
1366 2473 1525 2513 Atreum,
1553 2480 1589 2504 ut
1616 2473 1748 2507 editum

1042 2533 1085 2554 ex
1111 2524 1175 2555 hoc
1191 2523 1375 2555 concubitu
1399 2524 1564 2555 infantem
1587 2524 1748 2565 Thyestae

1041 2574 1247 2614 epulandum
1279 2579 1482 2615 apponeret,
1511 2585 1584 2616 quae
1615 2576 1749 2608 scelera

1041 2624 1091 2655 ita
1106 2624 1163 2654 Sol
1180 2629 1357 2655 aversatus
1381 2630 1447 2665 est,
1476 2631 1513 2656 ut
1537 2635 1671 2657 cursum
1695 2635 1748 2658 re-

1041 2678 1095 2705 tro
1112 2673 1335 2705 converterit.

1083 2728 1146 2756 389
1170 2724 1328 2765 Tenebrae]
1366 2725 1462 2756 Dant
1479 2725 1600 2769 locum,
1626 2726 1672 2760 ob
1697 2727 1749 2760 lu-

1039 2786 1114 2810 cem
1130 2777 1297 2819 lampadis
1313 2777 1487 2819 Megaerae.
