1852 3182
499 211 563 240 DE

103 302 273 341 guendum
289 312 365 333 cum
382 301 577 333 melioribus
588 301 805 334 membranis.

104 352 207 393 idque
233 352 320 383 vidit
345 352 505 383 Bar-thius
528 361 567 382 ac
586 352 726 383 monuit.
765 354 804 384 D.

104 402 218 434 Heius.

151 453 262 484 Vivere
275 453 330 484 snb
347 451 456 492 regno]
493 452 560 482 Hic
588 453 682 483 locus
707 452 805 483 valde

102 512 226 543 anceps
243 509 279 534 et
294 503 456 539 lubricus,
468 511 487 531 ο
503 502 706 532 Claudianel
725 503 806 533 licet

101 553 144 583 ad
157 554 291 584 laudem
311 553 452 584 Honorii
471 553 544 582 llaec
558 551 697 590 reseras,
715 552 804 582 vide-

101 603 147 632 ris
176 608 289 634 tamen
318 603 360 633 de
387 608 445 633 tuo
467 601 655 633 Stilichone
671 602 744 642 plus
759 602 805 632 ni-

100 652 166 683 mio
180 653 330 692 gloriari.
371 654 492 683 (flat-er.

144 704 204 733 165
229 702 370 742 Servire]
403 704 471 733 Suo
489 703 634 743 quodam
651 703 803 733 servitio.

100 752 312 793 Capiendum
342 753 383 784 ad
411 754 444 784 id
474 754 564 794 qnod
592 754 675 784 dicit
696 753 801 784 alibi:

99 804 108 819 ‘
126 802 272 834 Fallitur
298 804 437 844 egregio
461 803 611 844 quisquis
635 803 696 833 sub
715 803 803 843 prin-

97 853 174 893 cipe
191 854 302 885 eredit
316 854 522 885 Servitium:
556 863 725 894 nunquam
752 852 803 883 Li-

99 903 215 934 bertas
233 906 362 945 gratior
385 910 500 936 exstat
528 905 636 936 Quam
661 905 723 934 sub
742 904 804 934 lie·

98 964 139 994 ge
157 954 234 994 pio.'
266 956 386 985 Barth.

143 1008 204 1035 166
229 1006 347 1036 Nostra
374 1006 472 1045 soror]
518 1006 602 1037 Quae
636 1009 805 1045 temperet

100 1055 258 1085 nimirum
275 1056 463 1093 Justitiam,
491 1056 584 1085 velut
612 1061 736 1094 agnata
762 1056 805 1093 ei,

100 1109 135 1134 et
151 1104 323 1144 sanguinis
338 1105 498 1144 ejusdem.
524 1105 621 1135 Idem.

143 1155 203 1183 167
229 1154 359 1184 Fratres
370 1155 513 1194 amplexa
522 1154 658 1193 serenas]
683 1154 804 1185 Nullus

98 1204 232 1243 titulus,
268 1204 360 1234 nulla
397 1205 467 1234 lans
505 1204 639 1244 dignior
676 1214 804 1235 summo

99 1254 472 1295 principe,Serenitate
488 1265 496 1292 ;
514 1264 580 1295 qna
591 1255 724 1285 scilicet
738 1254 804 1285 Im-

100 1310 239 1345 perator
256 1306 430 1345 proximus
456 1305 500 1334 sit
523 1314 681 1344 supremo
698 1304 804 1335 numi-

98 1356 145 1395 ni,
177 1356 267 1397 quod
294 1356 514 1396 tranquillum
538 1360 574 1386 et
597 1355 803 1387 inturbabile

98 1406 272 1437 statuitur.
298 1406 396 1436 Idem.

143 1459 204 1486 169
228 1455 383 1496 Perfidia]
396 1455 550 1496 Opponit
562 1456 646 1486 lianc
661 1456 801 1496 pietati:

99 1507 176 1547 quia
199 1507 291 1537 nulla
317 1507 423 1546 magis
449 1517 483 1537 re
501 1507 652 1537 Deorum
670 1507 805 1537 numina

101 1557 273 1587 contemni
306 1557 494 1588 credebant
532 1562 665 1587 veteres
703 1566 803 1597 quam

101 1606 302 1646 pejerando.
328 1608 428 1637 Idem.

142 1659 203 1686 170
229 1656 398 1687 Furiarum
426 1657 542 1696 vincla]
577 1657 675 1697 Ipsas
707 1657 804 1688 simul

99 1705 230 1737 catenis
247 1706 430 1745 impeditas
446 1707 561 1737 dicere
588 1708 672 1746 vult,
694 1708 806 1738 omnia

101 1756 278 1788 obtinente
296 1756 403 1795 Pace,
421 1757 570 1788 Pietate.
595 1757 694 1788 Idem.

147 1807 257 1839 Vincla
272 1807 401 1847 veneno]
426 1807 513 1838 Colla
534 1807 660 1847 primus
676 1806 806 1839 Medic.

98 1868 184 1890 nnus
201 1857 401 1896 Vaticanus,
417 1862 453 1888 et
466 1857 653 1888 Palatinus,
671 1857 808 1896 rectius,

98 1909 126 1939 si
154 1907 235 1949 quid
266 1907 377 1938 video.
413 1907 569 1937 deliriinn
597 1911 691 1937 certe
731 1916 806 1937 eam

99 1959 306 1998 scripturam
336 1957 499 1987 Bartlxius
530 1957 705 1997 appellare
742 1966 806 1987 non

99 2007 232 2038 debuit.
249 2007 405 2047 sequenti
430 2016 530 2037 versu
553 2007 679 2045 malim,
693 2007 807 2036 Exsul-

99 2061 158 2096 tet,
176 2061 212 2087 ut
235 2066 254 2087 a
280 2056 514 2096 superioribus
546 2056 655 2086 oratio
683 2056 807 2095 depen-

101 2107 194 2139 deat.
208 2112 309 2148 atque
328 2107 375 2137 ita
388 2105 575 2136 Vaticanus
591 2105 806 2136 chartaceus.

101 2159 147 2190 D.
166 2158 280 2189 Heius.

146 2211 205 2239 171
227 2207 376 2238 Exsultat
392 2216 461 2237 cam
480 2206 561 2236 Pace
579 2204 687 2244 Fides]
705 2205 806 2236 Fides

99 2268 182 2290 vero
200 2258 284 2289 Paci
303 2257 431 2298 optime
456 2257 626 2296 jungitur,
650 2256 806 2296 quoniam
830 2282 833 2284 .

101 2308 175 2339 sine
205 2307 278 2347 ejus
307 2306 515 2337 adminiculo
533 2305 658 2335 nullam
675 2311 807 2336 certum

100 2363 154 2389 est
163 2363 320 2390 constare
334 2358 420 2387 inter
430 2357 581 2387 homines
594 2356 808 2394 societatem,

101 2415 138 2440 ut
157 2409 295 2440 dissei-«it
321 2407 455 2448 Appius
483 2408 624 2438 Crassus
648 2406 739 2446 apud
758 2406 809 2437 Li-

100 2461 206 2499 vium,
221 2459 279 2490 lib.
297 2468 347 2490 vr.
367 2459 413 2489 Ut
430 2457 552 2488 merito
569 2466 644 2487 eam
661 2457 670 2473 ‘
689 2458 808 2487 certis-

102 2511 222 2542 simum
235 2511 388 2541 humanae
406 2509 532 2540 Salutis
555 2508 675 2548 pignus
693 2506 808 2538 dicat.'

103 2561 223 2592 Barth.

147 2612 315 2651 Exsultat]
338 2611 433 2642 Unus
455 2610 568 2641 Vatic.
594 2610 752 2640 Exsultet.
771 2614 809 2640 nt

102 2662 176 2692 haec
202 2669 336 2701 quoque
368 2664 401 2689 a'
418 2658 650 2699 superioribus
681 2658 808 2699 depen-

105 2711 221 2741 deant.
247 2710 292 2740 D.
308 2708 422 2739 Heius.

151 2761 211 2794 172
236 2757 339 2799 Inter]
374 2755 560 2789 Permixtae
598 2757 736 2798 populo,
771 2762 809 2788 ut

599 210 776 240 MALLll
810 212 874 241 '1²11
885 211 994 242 Eoi).
1026 213 1162 244 CONS-

1450 208 1467 248 l
1478 207 1562 248 4:33

858 302 899 333 de
914 312 1016 333 aureo
1028 304 1142 334 seculo
1155 308 1280 335 canunt
1297 305 1427 338 Poiitae.
1447 308 1559 339 Barth.

903 355 961 382 173
989 353 1167 392 Nobiscum,
1187 354 1446 396 '1¹1122od0r11,r2›‹11']
1487 359 1560 389 Veni

858 403 1001 442 Gyrald.
1030 404 1070 433 D.
1086 404 1196 434 Heius.

903 457 959 484 171
986 456 1149 489 ,im-estem
1179 455 1307 494 dudum]
1334 455 1559 493 Agriculturae

857 502 1010 533 deditum
1029 515 1034 533 :
1056 505 1116 535 lioc
1135 511 1198 542 est,
1214 507 1362 535 secessui
1381 507 1496 537 rurali.

903 555 1029 584 Reverti
1053 555 1153 593 cogis]
1182 556 1305 586 Prima‘
1322 556 1471 587 Justitiae
1489 567 1560 588 sua-

857 603 942 633 sioni
961 604 1064 641 cedit,
1088 615 1163 644 qnae
1184 606 1289 644 probo
1308 607 1379 637 viro
1397 612 1447 637 cst
1465 616 1560 638 coac-

858 653 917 691 tio,
947 663 1068 694 nempc
1097 655 1184 694 qnod
1202 655 1296 686 nefas
1313 656 1478 687 obluctari
1499 658 1561 688 vir-

857 705 936 742 tuti,
955 705 1007 734 cui
1024 705 1127 735 insint
1145 710 1276 736 caeterae
1292 717 1418 737 omnes.
1445 708 1561 738 Barth.

901 758 958 785 175
987 756 1142 794 Rabigine
1155 756 1251 796 ruris]
1271 757 1413 787 Desidia
1431 758 1560 789 radices

856 810 993 842 agente.
1036 805 1206 836 Ovidius:
1239 806 1432 843 ‘ingenium
1463 807 1560 848 longa

856 854 1010 891 rubigine
1026 855 1304 895 taesmu'rorpet.‘
1332 857 1429 888 Idem.

899 907 959 934 176
984 906 1152 945 Nunquam
1183 906 1259 936 mihi
1286 917 1359 936 cura
1383 911 1427 937 tot
1454 907 1558 947 tinnis]

858 955 939 985 Nam
959 966 1025 995 qnoe
1041 957 1117 986 mihi
1136 957 1336 987 vetustiores
1354 957 1442 987 libri.
1465 968 1560 988 ‹innos

858 1004 960 1034 etiam
983 1005 1227 1036 Ambrosianus
1246 1017 1341 1036 nnus.
1359 1007 1456 1038 bene.
1474 1007 1560 1037 dixi-

858 1064 929 1084 mus
943 1055 1031 1085 bello
1050 1056 1142 1086 Gild.
1169 1057 1210 1086 D.
1230 1056 1343 1086 naim.

901 1107 959 1134 177
985 1104 1087 1134 Sulcis
1110 1105 1228 1134 mollire
1259 1104 1394 1143 noi-ales]
1430 1104 1558 1143 Agrum

857 1152 981 1183 colere.
1015 1153 1129 1183 Barth.

904 1206 962 1232 178
986 1202 1053 1233 Soli
1071 1204 1165 1244 vires]
1191 1203 1472 1235 Foeeunditatem.

901 1253 1020 1293 Rupes]
1045 1254 1190 1284 Omnem
1207 1255 1327 1284 collem
1344 1260 1560 1295 montemque

856 1303 985 1333 indicat
998 1303 1059 1333 liae
1076 1313 1160 1334 voce
1176 1303 1389 1334 Claudianus.
1421 1305 1537 1335 Barth.

900 1356 959 1384 181
990 1353 1176 1392 Veteranus]
1216 1353 1364 1384 Praemia
1395 1354 1487 1385 velut
1525 1355 1558 1384 in

857 1402 1036 1442 assignatis
1051 1403 1218 1442 agrisjam
1233 1403 1388 1442 indeptus
1415 1403 1512 1434 Idem.

902 1456 961 1483 182
984 1452 1107 1492 rector]
1139 1453 1267 1491 Muta,
1291 1452 1413 1492 navigii
1437 1453 1556 1493 guber-

857 1507 967 1533 nator.
994 1503 1091 1533 Idem.

900 1556 960 1583 153
988 1554 1210 1593 sollectamque
1226 1553 1294 1592 diu]
1332 1553 1483 1583 Gloriam
1511 1552 1559 1581 di-

857 1603 915 1641 cit,
943 1602 1134 1633 ambitionis
1152 1603 1338 1642 praemium,
1355 1607 1389 1633 et
1407 1602 1554 1632 laborum

858 1663 918 1693 pro
946 1653 1146 1693 Republica.
1211 1654 1368 1692 Utcunque
1394 1653 1434 1682 ad
1455 1653 1560 1682 insta-

858 1704 1027 1733 bilitatem
1050 1712 1218 1732 rumorum
1236 1702 1441 1740 ducendum,
1457 1711 1475 1731 a
1490 1711 1561 1732 mo-

859 1753 992 1783 bilitate
1006 1753 1096 1791 vulgi
1112 1752 1330 1792 pendentem.
1356 1753 1453 1782 Idem.

902 1805 962 1833 184
989 1803 1101 1833 Patiar
1116 1801 1279 1842 deponere]
1319 1801 1488 1832 Insuetior
1516 1801 1584 1831 lo-'

857 1853 963 1892 cutio,
991 1861 1054 1882 nec
1086 1851 1258 1881 mutanda.
1304 1851 1446 1880 Tantum
1472 1849 1561 1880 enim

858 1908 924 1940 est,
935 1912 973 1933 ac
987 1902 1014 1932 si
1032 1902 1142 1941 deponi
1157 1899 1309 1930 dixisset.
1335 1899 1430 1930 Idem.

902 1955 962 1983 185
999 1952 1125 1982 Natura
1139 1950 1261 1989 sortior
1286 1949 1374 1988 usus]
1412 1949 1560 1987 Curtius,

857 2004 879 2035 l.
896 2013 929 2034 v.
953 2004 961 2020 ‘
974 2002 1082 2033 Pauci
1099 2001 1194 2041 liujus
1209 2000 1389 2031 sementi-<e
1406 1999 1560 2038 t'uerunt3

859 2058 1003 2084 caeteros
1035 2050 1258 2090 consuetudo,
1287 2054 1411 2080 natura
1442 2055 1561 2090 poten-

859 2105 941 2142 tior,
961 2101 1062 2132 vicit!
1087 2102 1184 2131 Idem.

904 2156 964 2183 186
988 2150 1132 2192 Defluat]
1171 2150 1251 2190 Ipso
1272 2149 1306 2180 in
1334 2159 1395 2180 usu
1423 2157 1562 2180 evanes-

859 2207 925 2234 cat.
957 2203 1055 2233 Idem.

904 2255 962 2283 187
992 2250 1118 2282 Desidis
1142 2250 1264 2288 auriga>
1290 2259 1349 2280 non
1370 2248 1472 2288 audit]
1498 2249 1562 2279 Ex-

859 2302 978 2341 emplis
1007 2311 1025 2331 c
1052 2300 1122 2330 vita
1145 2299 1315 2331 communi
1337 2298 1465 2329 dictum
1484 2307 1562 2329 con-

859 2352 982 2383 firmat.

902 2401 1018 2440 Audit]
1043 2399 1216 2437 Attendit,
1232 2398 1262 2429 ei
1283 2398 1488 2438 obsequitur,
1505 2396 1562 2428 ob-

859 2455 1042 2492 temperat.
1079 2449 1252 2489 Virgilius,
1275 2448 1400 2487 Georg.
1427 2457 1451 2478 ι.
1477 2448 1559 2478 ‘nte

861 2502 955 2534 audit
971 2510 1090 2532 currus
1109 2498 1278 2530 habenas!
1317 2498 1432 2528 Barth.

905 2555 966 2583 192
1002 2550 1185 2590 Animosque
1204 2548 1348 2586 ferarum
1394 2544 1560 2584 Iixaimas]

862 2602 979 2633 Malim
993 2601 1150 2638 exuimur,
1166 2596 1435 2638 frequentissimo
1452 2594 1560 2634 poclis

861 2652 1063 2683 Graecismo.
1086 2649 1129 2679 D.
1148 2647 1261 2678 Heius.

904 2704 965 2733 193
991 2699 1114 2731 Nitidis
1143 2694 1294 2733 sensibus]
1342 2692 1558 2724 Purificatis2

859 2750 981 2784 talibus
1005 2748 1093 2781 enim
1117 2746 1287 2778 adeundos
1312 2744 1405 2775 Deos
1429 2742 1558 2784 sapien·
