1852 3182
623 205 804 235 EPIGRA
815 205 845 233 M
856 204 1008 233 MATA.

1432 191 1545 233 1129

89 304 301 345 Proxima
323 302 394 344 cui
415 301 549 352 nigris
568 298 745 340 Verona
767 299 967 339 remotior
988 297 1127 347 Indis,

147 372 455 421 Benacumque
476 372 600 420 putat
620 368 769 407 littora
790 368 921 407 rubra
940 366 1099 406 lacum.

90 439 176 480 Sed
200 442 343 478 tamen
366 434 591 475 indomitae
616 435 744 483 vires,
765 433 988 486 firmisque
1010 431 1188 473 lacertis

146 505 275 545 AEtas
295 503 522 542 robustum
542 503 668 542 tertia
689 502 826 542 cernit
847 514 993 541 avum.

89 572 227 619 Erret,
250 575 294 610 et
311 574 527 610 extremos
551 569 656 609 alter
677 574 891 609 scrutetur
911 567 1120 609 Hiberos.

145 638 254 678 Plus
275 637 404 677 habet
424 637 493 677 hic
515 637 636 686 vitae,
658 637 760 689 plus
783 637 916 677 habet
937 637 1010 676 ille
1034 636 1137 677 viae.

86 768 203 809 sylvam
222 769 366 808 aequalem
391 767 453 797 sibi
470 768 670 798 consenuisse.

720 767 780 797 Cui
809 766 936 806 agresti
966 766 1085 798 Verona
1110 766 1214 796 vicina
1241 769 1294 796 est
1322 764 1444 803 longior
1463 763 1553 794 Indis

85 811 243 849 coloratis,
259 814 286 841 et
305 811 461 842 existimat
481 811 579 840 lucum
599 811 756 840 Benacum
784 819 858 840 esse
877 820 960 839 mare
975 809 1114 840 rubrum.
1161 812 1310 839 Attamen
1325 807 1418 838 robur
1434 812 1486 838 est
1502 807 1550 836 illi

86 854 247 890 int-ictum,
265 857 292 884 et
309 854 452 884 sarculum
478 854 606 883 tertium
629 853 712 882 videt
738 863 827 882 urum
856 852 947 882 illum
970 853 1124 891 vigentem
1142 851 1278 881 brachiis
1292 850 1414 881 validis.
1459 849 1551 880 Alius

84 897 302 937 peregrinetur
322 901 351 926 et
379 896 509 926 rimetur
536 895 695 935 Hispanos
715 896 861 926 ultimos:
884 895 933 925 hic
950 895 1189 935 peregrinator
1213 894 1283 934 plus
1307 892 1397 924 habet
1414 893 1485 932 vz'ae,
1500 893 1552 922 z'ue

88 948 192 970 senex
208 939 416 970 Veronensis
426 940 495 978 plus
509 938 598 968 habet
613 939 688 968 rita>
703 938 864 968 melioris.

701 1018 838 1029 eeeeeee

841 1017 936 1028 ααααα

89 1073 144 1104 ed.
161 1073 352 1104 Antv.—16
377 1074 548 1112 AEqucrum
564 1072 703 1102 meminit
720 1071 1008 1102 iuc.Heins.-17
1032 1080 1097 1100 cum
1112 1070 1215 1109 nigris
1229 1069 1323 1100 Med.
1341 1079 1409 1100 sec.
1423 1069 1553 1099 Moret.

89 1126 139 1156 pr.
173 1117 263 1146 undis
280 1126 340 1156 pro
366 1116 455 1146 Indis
478 1116 556 1145 Vat.
582 1121 660 1145 tert.
688 1114 840 1145 Florem.
864 1113 948 1144 Cod.
967 1113 1312 1153 Epigr.An1l›r.—18
1341 1112 1554 1151 Venae-umque

88 1165 156 1189 tres
171 1158 265 1189 Vatt.
294 1159 503 1197 Venatumque
521 1158 668 1188 Florent.
685 1157 778 1187 Med.
796 1166 865 1187 sce.
879 1156 947 1187 inc.
967 1156 1088 1186 Heius.
1107 1155 1238 1186 Buslid.
1256 1155 1554 1185 Benarum...latum

87 1201 169 1232 Var.
195 1201 263 1231 LL.
281 1201 334 1231 ed.
349 1200 454 1231 Antv.
478 1210 552 1230 rura
571 1210 630 1240 pro
646 1199 741 1230 rubra
757 1200 836 1230 Vat.
855 1202 992 1239 pr.—19
1015 1199 1051 1229 Si
1068 1202 1170 1229 tamen
1188 1197 1283 1228 Med.
1301 1207 1369 1228 sec.
1407 1197 1462 1227 Sic
1476 1206 1554 1226 con-

81 1243 227 1284 jiciebat
254 1243 423 1274 Heinsius.
460 1244 628 1283 stantisque
657 1253 718 1283 pro
733 1242 899 1284 firmisque
925 1241 1043 1272 Ainbr.
1070 1246 1151 1272 tert.
1189 1241 1373 1280 summisque
1386 1240 1468 1270 Vat.
1487 1248 1555 1269 sec.

89 1286 168 1318 Put.
187 1286 310 1317 Petav.
327 1295 393 1317 sec.
411 1286 492 1316 Var.
510 1286 576 1317 LL.
593 1286 647 1316 ed.
666 1285 859 1316 Antv.—20
872 1286 965 1315 AEtas
980 1286 1128 1315 lacertum
1146 1284 1381 1315 Florent.—-2l
1407 1286 1436 1313 et
1454 1285 1556 1313 extre-

91 1338 153 1360 mos
169 1330 250 1359 Var.
264 1330 330 1360 LL.
347 1339 365 1359 e
382 1338 489 1369 marg.
510 1330 622 1360 Parm.
645 1331 679 1359 ut
697 1331 849 1359 extremos
865 1328 919 1358 ed.
935 1328 1047 1359 Parni.

743 1428 882 1460 NOTAE

90 1504 269 1535 orientem.

134 1557 174 1585 14
199 1553 408 1594 Metiturque]
446 1552 580 1584 Desinit
609 1552 699 1582 diem
733 1560 792 1581 suo

91 1603 186 1643 orbe,
215 1613 274 1634 seu
292 1612 356 1633 non
374 1603 475 1633 alium
496 1602 591 1633 novit
602 1601 705 1640 diem,
728 1601 792 1631 nisi

92 1653 198 1696 quiin
214 1663 273 1683 suo
290 1652 372 1683 orbe
389 1653 493 1683 lucet.

136 1708 176 1736 16
198 1703 398 1745 AEquoevum]
432 1703 570 1744 Sylvam
603 1712 672 1733 suae
699 1701 794 1733 aetati

93 1755 272 1798 aequalem.

136 1809 176 1837 17
205 1806 325 1837 Verona
340 1805 502 1845 remotior]
524 1804 591 1837 Qui
606 1813 672 1834 non
690 1803 796 1844 magis

94 1857 226 1898 cogitat
244 1856 288 1887 de
302 1856 447 1893 Verona,
463 1864 564 1896 quam
592 1854 619 1884 si
634 1863 731 1894 aeque
749 1862 798 1884 re-

93 1911 185 1939 mota
201 1912 305 1945 esset,
322 1915 360 1937 ac
387 1905 474 1936 Indi.
522 1905 657 1935 Verona
682 1909 795 1934 autem

95 1957 138 1989 ad
164 1956 304 1989 fluvium
344 1956 502 1992 Athesin,
535 1956 635 1995 vulgo
663 1954 800 1994 ΖἈάεεε,

97 2008 152 2039 vel
167 2007 312 2046 z‘Adige‚
327 2012 377 2037 est
405 2006 484 2038 urbs
511 2006 668 2037 Venetiae
685 2014 704 2035 a
718 2005 799 2036 Gal·

96 2059 136 2090 lis
162 2058 301 2090 condita
326 2059 357 2088 in
375 2057 488 2095 Italia,
506 2057 583 2087 olim
602 2056 696 2087 dicta
719 2056 799 2086 Bre-

99 2119 189 2148 nona,
205 2108 298 2149 quasi
327 2118 344 2137 a
362 2107 498 2138 Brenno
525 2106 624 2137 Gallo
641 2105 799 2137 condita:

96 2160 104 2176 ⁸
121 2158 260 2189 Fruitur
286 2158 370 2187 coelo
396 2156 629 2194 saluberrimo,
657 2160 692 2187 et
720 2166 802 2197 agro

96 2208 329 2240 fertilissimo.’
352 2208 564 2238 Munsterus.
611 2206 803 2246 Scaligeros

99 2258 280 2299 Principes
302 2257 512 2288 doctissimos
537 2257 656 2288 tulisse
682 2256 803 2298 praedi-

100 2314 208 2341 catur.

145 2363 185 2391 18
197 2358 371 2399 Benacum]
387 2358 466 2390 Non
478 2358 584 2399 magis
593 2358 696 2389 etiam
714 2358 803 2398 cogi-

101 2415 153 2442 tat
163 2411 206 2442 de
221 2412 297 2442 lacu
313 2412 572 2451 Benaco‚quam
587 2410 614 2441 si
630 2420 724 2452 aeque
736 2409 803 2441 dis·
823 2420 826 2422 ’

102 2466 190 2495 taret
198 2473 237 2495 ac
245 2472 337 2495 mare
347 2462 574 2504 Erythraeum,
583 2471 642 2492 seu
651 2461 803 2493 rubrum.

106 2513 211 2545 Lacus
237 2514 413 2554 Benacus,
439 2523 539 2556 quem
567 2512 718 2545 Mincius
744 2510 804 2544 flu-

850 1504 922 1534 vius
949 1504 1090 1544 Virgilio
1107 1503 1298 1534 celebratus
1323 1501 1458 1540 transit,
1476 1500 1556 1533 dici-

856 1554 1033 1592 turhodie,
1048 1554 1134 1591 Lago
1148 1554 1181 1584 di
1201 1554 1328 1583 Gar-da.-
1352 1558 1387 1583 et
1403 1552 1556 1583 abundat

854 1604 1016 1645 piscibus,
1050 1614 1089 1634 ac
1121 1603 1311 1644 praesertim
1341 1603 1557 1643 carpionibus

855 1656 1005 1697 optimis.

897 1709 939 1737 20
962 1707 1055 1737 AEtas
1069 1705 1180 1745 tertia]
1211 1705 1367 1735 Tertium
1385 1705 1559 1736 saeculum.

851 1756 918 1788 Sed
950 1757 1110 1787 saeculum
1141 1756 1249 1786 minus
1284 1754 1430 1793 intelligi
1458 1758 1554 1794 puto,

853 1806 956 1849 quod,
973 1816 1015 1837 ex
1039 1805 1239 1844 Plutarcho,
1255 1805 1402 1844 spatium
1417 1804 1560 1844 triginta

854 1868 1018 1890 annorum
1047 1857 1215 1889 continet.
1260 1856 1316 1887 Sic
1343 1856 1473 1887 Nestor
1500 1865 1558 1886 ex-

853 1908 961 1949 plevit
988 1907 1052 1938 tria
1076 1907 1202 1937 saecula
1226 1905 1392 1936 vivendo:
1418 1910 1454 1935 et
1478 1904 1578 1944 Ovi-v

854 1960 928 1990 dius
963 1959 1135 1998 Siliusque
1159 1956 1303 1988 Italicus
1330 1965 1405 1987 meo
1425 1955 1560 1996 judicio

854 2009 1097 2052 hyperbolicam
1123 2009 1320 2049 loquuntur,
1335 2006 1416 2037 dum
1439 2006 1495 2036 ille
1517 2006 1560 2037 de

857 2062 1007 2093 Nestore
1037 2061 1109 2090 haec
1141 2058 1290 2089 cecinit:
1328 2058 1454 2087 ‘annos
1478 2056 1560 2087 Vixi

857 2112 907 2142 bis
922 2115 1073 2150 centum,
1090 2119 1178 2140 nunc
1196 2108 1298 2139 tertia
1308 2107 1432 2138 vivitur
1447 2105 1562 2137 aetasz’

856 2162 911 2192 hic
941 2170 1021 2192 vero
1044 2160 1087 2190 de
1119 2158 1355 2199 Argontlionio
1378 2156 1562 2187 Tartessio-

857 2223 930 2244 rum
948 2214 1064 2254 Rege:
1090 2212 1098 2228 ‘
1112 2212 1183 2242 Ter
1200 2211 1305 2241 denos
1322 2209 1437 2241 decies
1449 2217 1562 2240 emen-

856 2273 911 2294 sus
942 2263 1085 2303 belliger
1113 2261 1238 2292 annos?
1295 2262 1508 2301 Quanquam,
1534 2258 1562 2288 si

858 2314 1024 2355 Gaguino,
1037 2318 1071 2344 et
1088 2313 1162 2344 aliis
1181 2311 1366 2343 Historicis
1385 2310 1482 2351 fides,
1502 2310 1561 2342 Jo-

855 2375 974 2401 annes,
990 2369 1026 2395 ut
1051 2368 1190 2401 vocant,
1213 2363 1251 2393 de
1274 2361 1471 2402 temporibus,
1497 2361 1560 2391 Ca-

857 2417 921 2448 roli
944 2414 1065 2456 Magni
1080 2415 1238 2455 armiger,
1250 2416 1424 2445 trecentos
1440 2415 1476 2443 et
1488 2419 1562 2442 sex-

857 2469 972 2510 aginta
988 2467 1065 2499 vitae
1079 2476 1183 2498 annos
1196 2464 1401 2507 expleverit.
