<?xml version="1.0" encoding="UTF-8"?>
<!DOCTYPE html PUBLIC "-//W3C//DTD XHTML 1.0 Transitional//EN"
    "http://www.w3.org/TR/xhtml1/DTD/xhtml1-transitional.dtd">
<html xmlns="http://www.w3.org/1999/xhtml" xml:lang="en" lang="en">
 <head>
  <title>
</title>
<meta http-equiv="Content-Type" content="text/html;charset=utf-8" />
  <meta name='ocr-system' content='tesseract 3.04.00' />
  <meta name='ocr-capabilities' content='ocr_page ocr_carea ocr_par ocr_line ocrx_word'/>
</head>
<body>
  <div class='ocr_page' id='page_1' title='image "./operaomniaexedit03clauuoft_0363.png"; bbox 0 0 1852 3182; ppageno 0'>
   <div class='ocr_carea' id='block_1_1' title="bbox 546 215 1102 248">
    <p class='ocr_par' dir='ltr' id='par_1_1' title="bbox 546 215 1102 248">
     <span class='ocr_line' id='line_1_1' title="bbox 546 215 1102 248; baseline -0.007 0"><span class='ocrx_word' id='word_1_1' title='bbox 546 219 610 248; x_wconf 89' lang='lat' dir='ltr'>DE</span> <span class='ocrx_word' id='word_1_2' title='bbox 644 218 710 247; x_wconf 92' lang='lat' dir='ltr'>1v.</span> <span class='ocrx_word' id='word_1_3' title='bbox 743 216 882 247; x_wconf 79' lang='lat' dir='ltr'>coNS.</span> <span class='ocrx_word' id='word_1_4' title='bbox 916 215 1102 245; x_wconf 77' lang='lat' dir='ltr'>HONOR.</span> 
     </span>
    </p>
   </div>
   <div class='ocr_carea' id='block_1_2' title="bbox 89 311 812 2824">
    <p class='ocr_par' dir='ltr' id='par_1_2' title="bbox 94 311 800 405">
     <span class='ocr_line' id='line_1_2' title="bbox 97 311 800 356; baseline -0.009 -9"><span class='ocrx_word' id='word_1_5' title='bbox 97 315 162 347; x_wconf 68' lang='lat' dir='ltr'>bon</span> <span class='ocrx_word' id='word_1_6' title='bbox 203 316 363 356; x_wconf 74' lang='lat' dir='ltr'>&#39;rugaque</span> <span class='ocrx_word' id='word_1_7' title='bbox 394 313 536 345; x_wconf 86' lang='lat' dir='ltr'>Romani</span> <span class='ocrx_word' id='word_1_8' title='bbox 569 311 688 342; x_wconf 85' lang='lat' dir='ltr'>summi</span> <span class='ocrx_word' id='word_1_9' title='bbox 721 312 800 342; x_wconf 85' lang='lat' dir='ltr'>olim</span> 
     </span>
     <span class='ocr_line' id='line_1_3' title="bbox 94 362 713 405; baseline -0.008 -9"><span class='ocrx_word' id='word_1_10' title='bbox 94 367 310 405; x_wconf 62' lang='lat' dir='ltr'>magistratus</span> <span class='ocrx_word' id='word_1_11' title='bbox 325 364 435 405; x_wconf 84' lang='lat' dir='ltr'>pacati</span> <span class='ocrx_word' id='word_1_12' title='bbox 454 362 574 393; x_wconf 86' lang='lat' dir='ltr'>indice.</span> <span class='ocrx_word' id='word_1_13' title='bbox 599 362 713 392; x_wconf 85' lang='lat' dir='ltr'>Barth.</span> 
     </span>
    </p>

    <p class='ocr_par' dir='ltr' id='par_1_3' title="bbox 96 411 799 547">
     <span class='ocr_line' id='line_1_4' title="bbox 142 411 799 452; baseline -0.009 -6"><span class='ocrx_word' id='word_1_14' title='bbox 142 418 203 446; x_wconf 82' lang='grc'><strong>159</strong></span> <span class='ocrx_word' id='word_1_15' title='bbox 228 414 460 452; x_wconf 72' lang='lat' dir='ltr'>Immortalique</span> <span class='ocrx_word' id='word_1_16' title='bbox 481 411 634 450; x_wconf 81' lang='lat' dir='ltr'><strong><em>Deorum]</em></strong></span> <span class='ocrx_word' id='word_1_17' title='bbox 660 411 799 441; x_wconf 72' lang='lat' dir='ltr'>Dcarum</span> 
     </span>
     <span class='ocr_line' id='line_1_5' title="bbox 96 461 798 503; baseline -0.004 -7"><span class='ocrx_word' id='word_1_18' title='bbox 96 465 241 496; x_wconf 80' lang='lat' dir='ltr'>Lucens.</span> <span class='ocrx_word' id='word_1_19' title='bbox 276 470 310 495; x_wconf 90' lang='lat' dir='ltr'>et</span> <span class='ocrx_word' id='word_1_20' title='bbox 347 468 478 503; x_wconf 81' lang='lat' dir='ltr'><strong>septem</strong></span> <span class='ocrx_word' id='word_1_21' title='bbox 509 461 588 493; x_wconf 86' lang='lat' dir='ltr'>alii:</span> <span class='ocrx_word' id='word_1_22' title='bbox 620 462 719 493; x_wconf 82' lang='lat' dir='ltr'>bene.</span> <span class='ocrx_word' id='word_1_23' title='bbox 754 462 798 493; x_wconf 87' lang='lat' dir='ltr'>D.</span> 
     </span>
     <span class='ocr_line' id='line_1_6' title="bbox 98 515 214 547; baseline -0.017 0"><span class='ocrx_word' id='word_1_24' title='bbox 98 515 214 547; x_wconf 77' lang='lat' dir='ltr'>Heius.</span> 
     </span>
    </p>

    <p class='ocr_par' dir='ltr' id='par_1_4' title="bbox 94 562 800 655">
     <span class='ocr_line' id='line_1_7' title="bbox 141 562 800 603; baseline -0.008 -6"><span class='ocrx_word' id='word_1_25' title='bbox 141 569 202 597; x_wconf 84' lang='grc'><strong>160</strong></span> <span class='ocrx_word' id='word_1_26' title='bbox 228 563 370 603; x_wconf 78' lang='lat' dir='ltr'><em>Gremio]</em></span> <span class='ocrx_word' id='word_1_27' title='bbox 406 563 496 594; x_wconf 87' lang='lat' dir='ltr'>Cura</span> <span class='ocrx_word' id='word_1_28' title='bbox 523 567 558 594; x_wconf 85' lang='lat' dir='ltr'>et</span> <span class='ocrx_word' id='word_1_29' title='bbox 586 562 800 593; x_wconf 83' lang='lat' dir='ltr'>Educationc</span> 
     </span>
     <span class='ocr_line' id='line_1_8' title="bbox 94 613 725 655; baseline -0.005 -9"><span class='ocrx_word' id='word_1_30' title='bbox 94 615 210 647; x_wconf 86' lang='lat' dir='ltr'>matris</span> <span class='ocrx_word' id='word_1_31' title='bbox 225 614 400 655; x_wconf 84' lang='lat' dir='ltr'>patrisque</span> <span class='ocrx_word' id='word_1_32' title='bbox 419 614 577 654; x_wconf 82' lang='lat' dir='ltr'><strong>Augusti.</strong></span> <span class='ocrx_word' id='word_1_33' title='bbox 609 613 725 644; x_wconf 84' lang='lat' dir='ltr'>Barth.</span> 
     </span>
    </p>

    <p class='ocr_par' dir='ltr' id='par_1_5' title="bbox 97 664 801 747">
     <span class='ocr_line' id='line_1_9' title="bbox 138 664 801 705; baseline -0.003 -9"><span class='ocrx_word' id='word_1_34' title='bbox 138 668 197 697; x_wconf 80' lang='lat'>161</span> <span class='ocrx_word' id='word_1_35' title='bbox 225 665 392 696; x_wconf 80' lang='lat' dir='ltr'>Moenalios</span> <span class='ocrx_word' id='word_1_36' title='bbox 417 665 519 705; x_wconf 81' lang='lat' dir='ltr'>arcus]</span> <span class='ocrx_word' id='word_1_37' title='bbox 553 664 584 695; x_wconf 89' lang='lat' dir='ltr'><strong>A</strong></span> <span class='ocrx_word' id='word_1_38' title='bbox 613 664 744 695; x_wconf 81' lang='lat' dir='ltr'>crebris</span> <span class='ocrx_word' id='word_1_39' title='bbox 767 664 801 694; x_wconf 92' lang='lat' dir='ltr'>in</span> 
     </span>
     <span class='ocr_line' id='line_1_10' title="bbox 97 714 735 747; baseline -0.002 0"><span class='ocrx_word' id='word_1_40' title='bbox 97 714 246 747; x_wconf 87' lang='lat' dir='ltr'>Arcadia</span> <span class='ocrx_word' id='word_1_41' title='bbox 264 715 346 746; x_wconf 85' lang='lat' dir='ltr'>Deae</span> <span class='ocrx_word' id='word_1_42' title='bbox 364 715 611 746; x_wconf 75' lang='lat' dir='ltr'>venationibus.</span> <span class='ocrx_word' id='word_1_43' title='bbox 637 716 735 746; x_wconf 77' lang='lat' dir='ltr'>Idem.</span> 
     </span>
    </p>

    <p class='ocr_par' dir='ltr' id='par_1_6' title="bbox 89 766 802 1007">
     <span class='ocr_line' id='line_1_11' title="bbox 139 766 802 807; baseline -0.003 -9"><span class='ocrx_word' id='word_1_44' title='bbox 139 769 199 798; x_wconf 83' lang='lat'>162</span> <span class='ocrx_word' id='word_1_45' title='bbox 222 766 390 806; x_wconf 77' lang='lat' dir='ltr'><em>Suspendit</em></span> <span class='ocrx_word' id='word_1_46' title='bbox 411 767 529 807; x_wconf 81' lang='lat' dir='ltr'><em>puerile</em></span> <span class='ocrx_word' id='word_1_47' title='bbox 555 767 660 807; x_wconf 76' lang='lat' dir='ltr'>decus]</span> <span class='ocrx_word' id='word_1_48' title='bbox 693 766 802 797; x_wconf 80' lang='lat' dir='ltr'>Auso·</span> 
     </span>
     <span class='ocr_line' id='line_1_12' title="bbox 94 815 800 858; baseline -0.003 -9"><span class='ocrx_word' id='word_1_49' title='bbox 94 818 170 849; x_wconf 88' lang='lat' dir='ltr'>nius</span> <span class='ocrx_word' id='word_1_50' title='bbox 201 817 368 857; x_wconf 88' lang='lat' dir='ltr'>similiter,</span> <span class='ocrx_word' id='word_1_51' title='bbox 391 819 400 835; x_wconf 92' lang='lat'>‘</span> <span class='ocrx_word' id='word_1_52' title='bbox 421 819 581 858; x_wconf 80' lang='lat' dir='ltr'>Corrupit</span> <span class='ocrx_word' id='word_1_53' title='bbox 608 815 719 848; x_wconf 87' lang='lat' dir='ltr'>totum</span> <span class='ocrx_word' id='word_1_54' title='bbox 744 817 800 857; x_wconf 86' lang='lat' dir='ltr'>qui</span> 
     </span>
     <span class='ocr_line' id='line_1_13' title="bbox 95 867 801 909; baseline -0.001 -11"><span class='ocrx_word' id='word_1_55' title='bbox 95 868 226 909; x_wconf 76' lang='lat' dir='ltr'>puerile</span> <span class='ocrx_word' id='word_1_56' title='bbox 257 867 361 899; x_wconf 82' lang='lat' dir='ltr'>decus</span> <span class='ocrx_word' id='word_1_57' title='bbox 377 868 397 899; x_wconf 85' lang='lat'>:’</span> <span class='ocrx_word' id='word_1_58' title='bbox 428 868 557 899; x_wconf 82' lang='lat' dir='ltr'>frustra</span> <span class='ocrx_word' id='word_1_59' title='bbox 586 877 670 898; x_wconf 80' lang='lat' dir='ltr'>secas</span> <span class='ocrx_word' id='word_1_60' title='bbox 694 867 801 897; x_wconf 83' lang='lat' dir='ltr'>aviro</span> 
     </span>
     <span class='ocr_line' id='line_1_14' title="bbox 95 919 801 958; baseline -0.003 -8"><span class='ocrx_word' id='word_1_61' title='bbox 95 919 244 950; x_wconf 82' lang='lat' dir='ltr'>maximo</span> <span class='ocrx_word' id='word_1_62' title='bbox 256 920 467 950; x_wconf 77' lang='lat' dir='ltr'>rescribitur.</span> <span class='ocrx_word' id='word_1_63' title='bbox 485 919 639 957; x_wconf 78' lang='lat' dir='ltr'>Moxjam</span> <span class='ocrx_word' id='word_1_64' title='bbox 653 928 730 949; x_wconf 80' lang='lat' dir='ltr'>nuuc</span> <span class='ocrx_word' id='word_1_65' title='bbox 742 928 801 958; x_wconf 88' lang='lat' dir='ltr'>pro</span> 
     </span>
     <span class='ocr_line' id='line_1_15' title="bbox 89 969 619 1007; baseline -0.002 -7"><span class='ocrx_word' id='word_1_66' title='bbox 89 969 159 1007; x_wconf 81' lang='lat' dir='ltr'>jam</span> <span class='ocrx_word' id='word_1_67' title='bbox 176 973 241 1000; x_wconf 83' lang='lat' dir='ltr'>tam</span> <span class='ocrx_word' id='word_1_68' title='bbox 260 970 405 1001; x_wconf 77' lang='lat' dir='ltr'>Lucens.</span> <span class='ocrx_word' id='word_1_69' title='bbox 444 970 488 1000; x_wconf 92' lang='lat' dir='ltr'>D.</span> <span class='ocrx_word' id='word_1_70' title='bbox 507 970 619 1000; x_wconf 72' lang='lat' dir='ltr'>Heius.</span> 
     </span>
    </p>

    <p class='ocr_par' dir='ltr' id='par_1_7' title="bbox 95 1018 803 1210">
     <span class='ocr_line' id='line_1_16' title="bbox 142 1018 802 1059; baseline -0.003 -9"><span class='ocrx_word' id='word_1_71' title='bbox 142 1023 201 1050; x_wconf 83' lang='grc'><strong>164</strong></span> <span class='ocrx_word' id='word_1_72' title='bbox 217 1021 356 1051; x_wconf 76' lang='lat' dir='ltr'><em>Blandus</em></span> <span class='ocrx_word' id='word_1_73' title='bbox 370 1020 500 1059; x_wconf 78' lang='lat' dir='ltr'><strong><em>angues]</em></strong></span> <span class='ocrx_word' id='word_1_74' title='bbox 527 1020 604 1050; x_wconf 80' lang='lat' dir='ltr'>Non</span> <span class='ocrx_word' id='word_1_75' title='bbox 622 1019 722 1050; x_wconf 70' lang='lat' dir='ltr'>aliter</span> <span class='ocrx_word' id='word_1_76' title='bbox 739 1018 802 1049; x_wconf 89' lang='lat' dir='ltr'>tibi</span> 
     </span>
     <span class='ocr_line' id='line_1_17' title="bbox 98 1069 803 1110; baseline -0.003 -10"><span class='ocrx_word' id='word_1_77' title='bbox 98 1075 199 1110; x_wconf 87' lang='lat' dir='ltr'>atque</span> <span class='ocrx_word' id='word_1_78' title='bbox 214 1071 277 1109; x_wconf 84' lang='lat' dir='ltr'>ipsi</span> <span class='ocrx_word' id='word_1_79' title='bbox 290 1071 374 1101; x_wconf 66' lang='lat' dir='ltr'>Deo.¹</span> <span class='ocrx_word' id='word_1_80' title='bbox 388 1070 589 1107; x_wconf 80' lang='lat' dir='ltr'>alludentes,</span> <span class='ocrx_word' id='word_1_81' title='bbox 599 1069 641 1099; x_wconf 92' lang='lat' dir='ltr'>ob</span> <span class='ocrx_word' id='word_1_82' title='bbox 653 1078 803 1099; x_wconf 85' lang='lat' dir='ltr'>amorem</span> 
     </span>
     <span class='ocr_line' id='line_1_18' title="bbox 95 1118 803 1158; baseline -0.001 -9"><span class='ocrx_word' id='word_1_83' title='bbox 95 1118 130 1148; x_wconf 91' lang='lat' dir='ltr'>in</span> <span class='ocrx_word' id='word_1_84' title='bbox 149 1123 182 1149; x_wconf 87' lang='lat' dir='ltr'>te</span> <span class='ocrx_word' id='word_1_85' title='bbox 199 1119 366 1150; x_wconf 84' lang='lat' dir='ltr'>Numinis.</span> <span class='ocrx_word' id='word_1_86' title='bbox 391 1120 444 1149; x_wconf 91' lang='lat' dir='ltr'>De</span> <span class='ocrx_word' id='word_1_87' title='bbox 461 1119 604 1158; x_wconf 68' lang='lat' dir='ltr'>(lapillis</span> <span class='ocrx_word' id='word_1_88' title='bbox 618 1118 803 1158; x_wconf 83' lang='lat' dir='ltr'>Gorgonis,</span> 
     </span>
     <span class='ocr_line' id='line_1_19' title="bbox 95 1169 636 1210; baseline -0.002 -10"><span class='ocrx_word' id='word_1_89' title='bbox 95 1169 230 1210; x_wconf 83' lang='lat' dir='ltr'>AEgide‚</span> <span class='ocrx_word' id='word_1_90' title='bbox 245 1171 309 1200; x_wconf 73' lang='grc' dir='ltr'>διε.</span> <span class='ocrx_word' id='word_1_91' title='bbox 323 1169 435 1200; x_wconf 88' lang='lat' dir='ltr'>omnia</span> <span class='ocrx_word' id='word_1_92' title='bbox 451 1169 636 1200; x_wconf 83' lang='lat' dir='ltr'>notissima.</span> 
     </span>
    </p>

    <p class='ocr_par' dir='ltr' id='par_1_8' title="bbox 95 1219 802 1361">
     <span class='ocr_line' id='line_1_20' title="bbox 141 1219 800 1260; baseline -0.003 -9"><span class='ocrx_word' id='word_1_93' title='bbox 141 1220 325 1260; x_wconf 74' lang='lat' dir='ltr'>Interritus]</span> <span class='ocrx_word' id='word_1_94' title='bbox 363 1220 467 1251; x_wconf 88' lang='lat' dir='ltr'>Paria</span> <span class='ocrx_word' id='word_1_95' title='bbox 497 1229 552 1250; x_wconf 79' lang='grc' dir='ltr'><strong>ιιι.</strong></span> <span class='ocrx_word' id='word_1_96' title='bbox 593 1219 800 1250; x_wconf 88' lang='lat' dir='ltr'>Consulatu:</span> 
     </span>
     <span class='ocr_line' id='line_1_21' title="bbox 95 1269 802 1311; baseline -0.004 -9"><span class='ocrx_word' id='word_1_97' title='bbox 95 1273 104 1288; x_wconf 96' lang='lat'>‘</span> <span class='ocrx_word' id='word_1_98' title='bbox 117 1272 312 1302; x_wconf 85' lang='lat' dir='ltr'>coruscanti</span> <span class='ocrx_word' id='word_1_99' title='bbox 330 1271 451 1311; x_wconf 89' lang='lat' dir='ltr'>clypeo</span> <span class='ocrx_word' id='word_1_100' title='bbox 467 1275 501 1301; x_wconf 87' lang='lat' dir='ltr'>te</span> <span class='ocrx_word' id='word_1_101' title='bbox 525 1279 616 1310; x_wconf 71' lang='lat' dir='ltr'>saepe</span> <span class='ocrx_word' id='word_1_102' title='bbox 631 1269 802 1300; x_wconf 87' lang='lat' dir='ltr'>volentem</span> 
     </span>
     <span class='ocr_line' id='line_1_22' title="bbox 95 1319 605 1361; baseline -0.006 -9"><span class='ocrx_word' id='word_1_103' title='bbox 95 1321 253 1360; x_wconf 81' lang='lat' dir='ltr'>Sustulit,</span> <span class='ocrx_word' id='word_1_104' title='bbox 271 1321 479 1361; x_wconf 86' lang='lat' dir='ltr'>intrepidum</span> <span class='ocrx_word' id='word_1_105' title='bbox 498 1319 605 1351; x_wconf 67' lang='lat' dir='ltr'>ferri!</span> 
     </span>
    </p>

    <p class='ocr_par' dir='ltr' id='par_1_9' title="bbox 95 1369 806 1714">
     <span class='ocr_line' id='line_1_23' title="bbox 142 1369 802 1412; baseline -0.005 -10"><span class='ocrx_word' id='word_1_106' title='bbox 142 1374 204 1402; x_wconf 84' lang='grc'><strong>166</strong></span> <span class='ocrx_word' id='word_1_107' title='bbox 229 1372 417 1412; x_wconf 80' lang='lat' dir='ltr'>Festinaque</span> <span class='ocrx_word' id='word_1_108' title='bbox 431 1371 511 1411; x_wconf 74' lang='lat' dir='ltr'>voti]</span> <span class='ocrx_word' id='word_1_109' title='bbox 534 1370 627 1411; x_wconf 90' lang='lat' dir='ltr'>Spei,</span> <span class='ocrx_word' id='word_1_110' title='bbox 652 1369 684 1400; x_wconf 92' lang='lat' dir='ltr'>in</span> <span class='ocrx_word' id='word_1_111' title='bbox 702 1379 802 1410; x_wconf 90' lang='lat' dir='ltr'>quam</span> 
     </span>
     <span class='ocr_line' id='line_1_24' title="bbox 95 1420 804 1461; baseline -0.004 -9"><span class='ocrx_word' id='word_1_112' title='bbox 95 1426 197 1452; x_wconf 81' lang='lat' dir='ltr'>natus</span> <span class='ocrx_word' id='word_1_113' title='bbox 224 1427 300 1452; x_wconf 77' lang='lat' dir='ltr'>erat</span> <span class='ocrx_word' id='word_1_114' title='bbox 329 1422 513 1460; x_wconf 76' lang='lat' dir='ltr'>Honorius,</span> <span class='ocrx_word' id='word_1_115' title='bbox 542 1420 680 1461; x_wconf 85' lang='lat' dir='ltr'>Imperii</span> <span class='ocrx_word' id='word_1_116' title='bbox 709 1420 804 1450; x_wconf 78' lang='lat' dir='ltr'>nimi-</span> 
     </span>
     <span class='ocr_line' id='line_1_25' title="bbox 97 1472 803 1510; baseline -0.004 -7"><span class='ocrx_word' id='word_1_117' title='bbox 97 1481 184 1503; x_wconf 82' lang='lat' dir='ltr'>rum.</span> <span class='ocrx_word' id='word_1_118' title='bbox 222 1472 384 1503; x_wconf 79' lang='lat' dir='ltr'>Felicitas</span> <span class='ocrx_word' id='word_1_119' title='bbox 398 1473 594 1503; x_wconf 84' lang='lat' dir='ltr'>Liberorum</span> <span class='ocrx_word' id='word_1_120' title='bbox 618 1476 732 1501; x_wconf 88' lang='lat' dir='ltr'>votum</span> <span class='ocrx_word' id='word_1_121' title='bbox 746 1480 803 1510; x_wconf 89' lang='lat' dir='ltr'>pa-</span> 
     </span>
     <span class='ocr_line' id='line_1_26' title="bbox 97 1521 803 1555; baseline -0.003 -2"><span class='ocrx_word' id='word_1_122' title='bbox 97 1528 247 1555; x_wconf 86' lang='lat' dir='ltr'>rentum.</span> <span class='ocrx_word' id='word_1_123' title='bbox 293 1524 437 1554; x_wconf 87' lang='lat' dir='ltr'>Locutio</span> <span class='ocrx_word' id='word_1_124' title='bbox 465 1522 680 1554; x_wconf 68' lang='lat' dir='ltr'>Graecanica.</span> <span class='ocrx_word' id='word_1_125' title='bbox 726 1521 803 1551; x_wconf 89' lang='lat' dir='ltr'>Hoc</span> 
     </span>
     <span class='ocr_line' id='line_1_27' title="bbox 96 1570 802 1613; baseline -0.006 -8"><span class='ocrx_word' id='word_1_126' title='bbox 96 1574 184 1605; x_wconf 87' lang='lat' dir='ltr'>libro</span> <span class='ocrx_word' id='word_1_127' title='bbox 202 1577 274 1605; x_wconf 81' lang='lat'>395.</span> <span class='ocrx_word' id='word_1_128' title='bbox 312 1576 320 1591; x_wconf 90' lang='lat'>‘</span> <span class='ocrx_word' id='word_1_129' title='bbox 339 1575 432 1605; x_wconf 87' lang='lat' dir='ltr'>Tunc</span> <span class='ocrx_word' id='word_1_130' title='bbox 455 1584 530 1613; x_wconf 77' lang='lat' dir='ltr'>ege,</span> <span class='ocrx_word' id='word_1_131' title='bbox 558 1582 697 1604; x_wconf 78' lang='lat' dir='ltr'>securus</span> <span class='ocrx_word' id='word_1_132' title='bbox 716 1570 802 1602; x_wconf 65' lang='lat' dir='ltr'>fati!</span> 
     </span>
     <span class='ocr_line' id='line_1_28' title="bbox 98 1623 806 1665; baseline -0.004 -10"><span class='ocrx_word' id='word_1_133' title='bbox 98 1625 306 1665; x_wconf 83' lang='lat' dir='ltr'>Negotiosus</span> <span class='ocrx_word' id='word_1_134' title='bbox 324 1634 479 1665; x_wconf 89' lang='lat' dir='ltr'>operum,</span> <span class='ocrx_word' id='word_1_135' title='bbox 504 1623 593 1663; x_wconf 87' lang='lat' dir='ltr'>apud</span> <span class='ocrx_word' id='word_1_136' title='bbox 618 1623 806 1662; x_wconf 82' lang='lat' dir='ltr'>Sidonium,</span> 
     </span>
     <span class='ocr_line' id='line_1_29' title="bbox 96 1674 583 1714; baseline -0.002 -9"><span class='ocrx_word' id='word_1_137' title='bbox 96 1674 156 1706; x_wconf 89' lang='lat' dir='ltr'>lib.</span> <span class='ocrx_word' id='word_1_138' title='bbox 177 1683 257 1704; x_wconf 78' lang='lat' dir='ltr'>vul.</span> <span class='ocrx_word' id='word_1_139' title='bbox 282 1674 393 1714; x_wconf 84' lang='lat' dir='ltr'>Epist.</span> <span class='ocrx_word' id='word_1_140' title='bbox 411 1677 441 1705; x_wconf 88' lang='grc'>8.</span> <span class='ocrx_word' id='word_1_141' title='bbox 469 1675 583 1704; x_wconf 82' lang='lat' dir='ltr'><em>Barth.</em></span> 
     </span>
    </p>

    <p class='ocr_par' dir='ltr' id='par_1_10' title="bbox 99 1723 806 1858">
     <span class='ocr_line' id='line_1_30' title="bbox 142 1723 806 1764; baseline -0.005 -9"><span class='ocrx_word' id='word_1_142' title='bbox 142 1727 203 1756; x_wconf 91' lang='grc'><strong>167</strong></span> <span class='ocrx_word' id='word_1_143' title='bbox 228 1725 439 1756; x_wconf 83' lang='lat' dir='ltr'>Praesumtum</span> <span class='ocrx_word' id='word_1_144' title='bbox 466 1724 621 1764; x_wconf 76' lang='lat' dir='ltr'>diadema]</span> <span class='ocrx_word' id='word_1_145' title='bbox 645 1723 736 1754; x_wconf 83' lang='lat' dir='ltr'>Ante</span> <span class='ocrx_word' id='word_1_146' title='bbox 762 1723 806 1752; x_wconf 85' lang='lat' dir='ltr'>le-</span> 
     </span>
     <span class='ocr_line' id='line_1_31' title="bbox 99 1775 805 1817; baseline -0.003 -10"><span class='ocrx_word' id='word_1_147' title='bbox 99 1776 252 1817; x_wconf 86' lang='lat' dir='ltr'>gitimam</span> <span class='ocrx_word' id='word_1_148' title='bbox 290 1780 427 1807; x_wconf 69' lang='lat' dir='ltr'>oetatem</span> <span class='ocrx_word' id='word_1_149' title='bbox 467 1775 596 1815; x_wconf 85' lang='lat' dir='ltr'>gestari</span> <span class='ocrx_word' id='word_1_150' title='bbox 644 1778 805 1814; x_wconf 84' lang='lat' dir='ltr'>coeptum.</span> 
     </span>
     <span class='ocr_line' id='line_1_32' title="bbox 99 1827 196 1858; baseline 0.01 -1"><span class='ocrx_word' id='word_1_151' title='bbox 99 1827 196 1858; x_wconf 83' lang='lat' dir='ltr'><em>Idem.</em></span> 
     </span>
    </p>

    <p class='ocr_par' dir='ltr' id='par_1_11' title="bbox 99 1874 808 2218">
     <span class='ocr_line' id='line_1_33' title="bbox 142 1874 807 1917; baseline -0.006 -10"><span class='ocrx_word' id='word_1_152' title='bbox 142 1876 367 1916; x_wconf 82' lang='lat' dir='ltr'>Proesumtum]</span> <span class='ocrx_word' id='word_1_153' title='bbox 407 1877 555 1917; x_wconf 86' lang='lat' dir='ltr'>Elegans</span> <span class='ocrx_word' id='word_1_154' title='bbox 593 1879 629 1906; x_wconf 89' lang='lat' dir='ltr'>et</span> <span class='ocrx_word' id='word_1_155' title='bbox 667 1874 807 1914; x_wconf 80' lang='lat' dir='ltr'>propria</span> 
     </span>
     <span class='ocr_line' id='line_1_34' title="bbox 101 1924 806 1966; baseline -0.003 -10"><span class='ocrx_word' id='word_1_156' title='bbox 101 1925 208 1957; x_wconf 88' lang='lat' dir='ltr'>dictio</span> <span class='ocrx_word' id='word_1_157' title='bbox 226 1926 267 1956; x_wconf 82' lang='lat' dir='ltr'>de</span> <span class='ocrx_word' id='word_1_158' title='bbox 286 1935 336 1964; x_wconf 84' lang='lat' dir='ltr'>eo,</span> <span class='ocrx_word' id='word_1_159' title='bbox 359 1926 415 1966; x_wconf 87' lang='lat' dir='ltr'>qui</span> <span class='ocrx_word' id='word_1_160' title='bbox 434 1925 522 1956; x_wconf 91' lang='lat' dir='ltr'>haud</span> <span class='ocrx_word' id='word_1_161' title='bbox 543 1924 646 1955; x_wconf 86' lang='lat' dir='ltr'>dubie</span> <span class='ocrx_word' id='word_1_162' title='bbox 664 1924 806 1964; x_wconf 88' lang='lat' dir='ltr'>Imperii</span> 
     </span>
     <span class='ocr_line' id='line_1_35' title="bbox 99 1974 806 2007; baseline -0.004 0"><span class='ocrx_word' id='word_1_163' title='bbox 99 1985 275 2007; x_wconf 85' lang='lat' dir='ltr'>successor</span> <span class='ocrx_word' id='word_1_164' title='bbox 301 1976 346 2006; x_wconf 90' lang='lat' dir='ltr'>sit</span> <span class='ocrx_word' id='word_1_165' title='bbox 371 1974 518 2006; x_wconf 61' lang='lat' dir='ltr'>futurus</span> <span class='ocrx_word' id='word_1_166' title='bbox 552 1978 560 1992; x_wconf 90' lang='lat'>‘</span> <span class='ocrx_word' id='word_1_167' title='bbox 578 1975 703 2005; x_wconf 80' lang='lat' dir='ltr'>Pravae</span> <span class='ocrx_word' id='word_1_168' title='bbox 727 1974 806 2005; x_wconf 90' lang='lat' dir='ltr'>alio-</span> 
     </span>
     <span class='ocr_line' id='line_1_36' title="bbox 101 2025 807 2066; baseline -0.004 -9"><span class='ocrx_word' id='word_1_169' title='bbox 101 2036 175 2058; x_wconf 86' lang='lat' dir='ltr'>rum</span> <span class='ocrx_word' id='word_1_170' title='bbox 206 2037 283 2066; x_wconf 86' lang='lat' dir='ltr'>spes</span> <span class='ocrx_word' id='word_1_171' title='bbox 315 2025 539 2065; x_wconf 85' lang='lat' dir='ltr'>cohibentur‚&#39;</span> <span class='ocrx_word' id='word_1_172' title='bbox 581 2025 628 2056; x_wconf 89' lang='lat' dir='ltr'>ait</span> <span class='ocrx_word' id='word_1_173' title='bbox 657 2025 807 2063; x_wconf 82' lang='lat' dir='ltr'>Tacitus,</span> 
     </span>
     <span class='ocr_line' id='line_1_37' title="bbox 99 2074 807 2112; baseline -0.004 -5"><span class='ocrx_word' id='word_1_174' title='bbox 99 2077 108 2093; x_wconf 89' lang='lat'>‘</span> <span class='ocrx_word' id='word_1_175' title='bbox 128 2077 154 2108; x_wconf 91' lang='lat' dir='ltr'>si</span> <span class='ocrx_word' id='word_1_176' title='bbox 172 2086 348 2108; x_wconf 86' lang='lat' dir='ltr'>successor</span> <span class='ocrx_word' id='word_1_177' title='bbox 365 2085 431 2107; x_wconf 91' lang='lat' dir='ltr'>non</span> <span class='ocrx_word' id='word_1_178' title='bbox 454 2077 487 2107; x_wconf 92' lang='lat' dir='ltr'>in</span> <span class='ocrx_word' id='word_1_179' title='bbox 509 2076 666 2112; x_wconf 87' lang='lat' dir='ltr'>incerto;</span> <span class='ocrx_word' id='word_1_180' title='bbox 692 2084 730 2105; x_wconf 91' lang='lat' dir='ltr'>ac</span> <span class='ocrx_word' id='word_1_181' title='bbox 747 2074 807 2104; x_wconf 85' lang='lat' dir='ltr'>mi-</span> 
     </span>
     <span class='ocr_line' id='line_1_38' title="bbox 101 2125 808 2167; baseline -0.003 -10"><span class='ocrx_word' id='word_1_182' title='bbox 101 2128 174 2158; x_wconf 91' lang='lat' dir='ltr'>nori</span> <span class='ocrx_word' id='word_1_183' title='bbox 212 2127 406 2158; x_wconf 85' lang='lat' dir='ltr'>discrimine</span> <span class='ocrx_word' id='word_1_184' title='bbox 452 2127 610 2167; x_wconf 86' lang='lat' dir='ltr'>princeps</span> <span class='ocrx_word' id='word_1_185' title='bbox 649 2125 808 2165; x_wconf 87' lang='lat' dir='ltr'>sumitur,</span> 
     </span>
     <span class='ocr_line' id='line_1_39' title="bbox 101 2178 556 2218; baseline -0.002 -10"><span class='ocrx_word' id='word_1_186' title='bbox 101 2187 201 2218; x_wconf 90' lang='lat' dir='ltr'>quam</span> <span class='ocrx_word' id='word_1_187' title='bbox 219 2178 406 2217; x_wconf 63' lang='lat' dir='ltr'>quaeritur!</span> <span class='ocrx_word' id='word_1_188' title='bbox 432 2178 556 2208; x_wconf 80' lang='lat' dir='ltr'>Claver.</span> 
     </span>
    </p>

    <p class='ocr_par' dir='ltr' id='par_1_12' title="bbox 103 2225 807 2310">
     <span class='ocr_line' id='line_1_40' title="bbox 143 2225 807 2267; baseline -0.005 -9"><span class='ocrx_word' id='word_1_189' title='bbox 143 2228 279 2258; x_wconf 72' lang='lat' dir='ltr'>Levibus</span> <span class='ocrx_word' id='word_1_190' title='bbox 294 2228 389 2267; x_wconf 76' lang='lat' dir='ltr'>ulnis]</span> <span class='ocrx_word' id='word_1_191' title='bbox 423 2227 620 2267; x_wconf 79' lang='lat' dir='ltr'>Teretibus,</span> <span class='ocrx_word' id='word_1_192' title='bbox 640 2225 807 2257; x_wconf 82' lang='lat' dir='ltr'>formosis.</span> 
     </span>
     <span class='ocr_line' id='line_1_41' title="bbox 103 2278 220 2310; baseline -0.017 0"><span class='ocrx_word' id='word_1_193' title='bbox 103 2278 220 2310; x_wconf 82' lang='lat' dir='ltr'>Barth.</span> 
     </span>
    </p>

    <p class='ocr_par' dir='ltr' id='par_1_13' title="bbox 102 2328 809 2419">
     <span class='ocr_line' id='line_1_42' title="bbox 144 2328 809 2368; baseline -0.005 -8"><span class='ocrx_word' id='word_1_194' title='bbox 144 2329 288 2360; x_wconf 64' lang='lat' dir='ltr'>Lan-ibus</span> <span class='ocrx_word' id='word_1_195' title='bbox 303 2328 399 2368; x_wconf 81' lang='lat' dir='ltr'>ulnis]</span> <span class='ocrx_word' id='word_1_196' title='bbox 426 2329 564 2360; x_wconf 77' lang='lat' dir='ltr'>Lenibus</span> <span class='ocrx_word' id='word_1_197' title='bbox 591 2328 726 2368; x_wconf 84' lang='lat' dir='ltr'>plurimi</span> <span class='ocrx_word' id='word_1_198' title='bbox 756 2337 809 2358; x_wconf 90' lang='lat' dir='ltr'>ve-</span> 
     </span>
     <span class='ocr_line' id='line_1_43' title="bbox 102 2379 709 2419; baseline -0.007 -8"><span class='ocrx_word' id='word_1_199' title='bbox 102 2383 208 2419; x_wconf 88' lang='lat' dir='ltr'>teres,</span> <span class='ocrx_word' id='word_1_200' title='bbox 223 2380 330 2411; x_wconf 85' lang='lat' dir='ltr'>nihilo</span> <span class='ocrx_word' id='word_1_201' title='bbox 345 2380 509 2411; x_wconf 85' lang='lat' dir='ltr'>deterius.</span> <span class='ocrx_word' id='word_1_202' title='bbox 535 2380 577 2410; x_wconf 88' lang='lat' dir='ltr'>D.</span> <span class='ocrx_word' id='word_1_203' title='bbox 600 2379 709 2410; x_wconf 81' lang='lat' dir='ltr'>Heius.</span> 
     </span>
    </p>

    <p class='ocr_par' dir='ltr' id='par_1_14' title="bbox 103 2429 811 2674">
     <span class='ocr_line' id='line_1_44' title="bbox 145 2429 811 2471; baseline -0.006 -9"><span class='ocrx_word' id='word_1_204' title='bbox 145 2434 208 2462; x_wconf 85' lang='grc'><strong>169</strong></span> <span class='ocrx_word' id='word_1_205' title='bbox 233 2432 378 2462; x_wconf 76' lang='lat' dir='ltr'>Mutatus</span> <span class='ocrx_word' id='word_1_206' title='bbox 394 2431 542 2471; x_wconf 79' lang='lat' dir='ltr'>Principe</span> <span class='ocrx_word' id='word_1_207' title='bbox 557 2429 679 2469; x_wconf 74' lang='lat' dir='ltr'>Casar]</span> <span class='ocrx_word' id='word_1_208' title='bbox 697 2430 811 2460; x_wconf 65' lang='lat' dir='ltr'>Caesar</span> 
     </span>
     <span class='ocr_line' id='line_1_45' title="bbox 106 2480 809 2522; baseline -0.004 -10"><span class='ocrx_word' id='word_1_209' title='bbox 106 2491 146 2512; x_wconf 87' lang='lat' dir='ltr'>eo</span> <span class='ocrx_word' id='word_1_210' title='bbox 176 2491 250 2512; x_wconf 78' lang='lat' dir='ltr'>aevo</span> <span class='ocrx_word' id='word_1_211' title='bbox 267 2481 355 2512; x_wconf 80' lang='lat' dir='ltr'>filius</span> <span class='ocrx_word' id='word_1_212' title='bbox 383 2481 546 2522; x_wconf 82' lang='lat' dir='ltr'>principis</span> <span class='ocrx_word' id='word_1_213' title='bbox 583 2480 809 2520; x_wconf 86' lang='lat' dir='ltr'>cumprimum</span> 
     </span>
     <span class='ocr_line' id='line_1_46' title="bbox 103 2529 811 2573; baseline -0.007 -10"><span class='ocrx_word' id='word_1_214' title='bbox 103 2537 214 2563; x_wconf 87' lang='lat' dir='ltr'>natus.</span> <span class='ocrx_word' id='word_1_215' title='bbox 263 2532 422 2573; x_wconf 85' lang='lat' dir='ltr'>Alioquin</span> <span class='ocrx_word' id='word_1_216' title='bbox 441 2536 558 2562; x_wconf 86' lang='lat' dir='ltr'>notum</span> <span class='ocrx_word' id='word_1_217' title='bbox 575 2532 727 2562; x_wconf 65' lang='lat' dir='ltr'>Caesares</span> <span class='ocrx_word' id='word_1_218' title='bbox 746 2529 811 2569; x_wconf 88' lang='lat' dir='ltr'>pri-</span> 
     </span>
     <span class='ocr_line' id='line_1_47' title="bbox 105 2581 810 2624; baseline -0.004 -10"><span class='ocrx_word' id='word_1_219' title='bbox 105 2593 155 2622; x_wconf 79' lang='lat' dir='ltr'>uS‚</span> <span class='ocrx_word' id='word_1_220' title='bbox 181 2583 304 2614; x_wconf 60' lang='lat' dir='ltr'>deiud-³</span> <span class='ocrx_word' id='word_1_221' title='bbox 331 2583 502 2624; x_wconf 80' lang='lat' dir='ltr'>Augustos</span> <span class='ocrx_word' id='word_1_222' title='bbox 530 2581 641 2613; x_wconf 87' lang='lat' dir='ltr'>factos</span> <span class='ocrx_word' id='word_1_223' title='bbox 665 2581 810 2612; x_wconf 80' lang='lat' dir='ltr'>habitos-</span> 
     </span>
     <span class='ocr_line' id='line_1_48' title="bbox 105 2635 323 2674; baseline 0.005 -11"><span class='ocrx_word' id='word_1_224' title='bbox 105 2643 182 2674; x_wconf 89' lang='lat' dir='ltr'>que.</span> <span class='ocrx_word' id='word_1_225' title='bbox 208 2635 323 2664; x_wconf 83' lang='lat' dir='ltr'>Barth.</span> 
     </span>
    </p>

    <p class='ocr_par' dir='ltr' id='par_1_15' title="bbox 106 2683 812 2824">
     <span class='ocr_line' id='line_1_49' title="bbox 150 2683 810 2724; baseline 0 -12"><span class='ocrx_word' id='word_1_226' title='bbox 150 2683 299 2722; x_wconf 81' lang='lat' dir='ltr'>Principe</span> <span class='ocrx_word' id='word_1_227' title='bbox 323 2684 443 2724; x_wconf 80' lang='lat' dir='ltr'>Caesar]</span> <span class='ocrx_word' id='word_1_228' title='bbox 469 2683 639 2714; x_wconf 88' lang='lat' dir='ltr'>Honorius</span> <span class='ocrx_word' id='word_1_229' title='bbox 655 2687 735 2714; x_wconf 87' lang='lat' dir='ltr'>ante</span> <span class='ocrx_word' id='word_1_230' title='bbox 754 2692 810 2712; x_wconf 91' lang='lat' dir='ltr'>no-</span> 
     </span>
     <span class='ocr_line' id='line_1_50' title="bbox 106 2732 812 2773; baseline -0.004 -9"><span class='ocrx_word' id='word_1_231' title='bbox 106 2732 185 2764; x_wconf 88' lang='lat' dir='ltr'>bilis</span> <span class='ocrx_word' id='word_1_232' title='bbox 213 2742 309 2772; x_wconf 87' lang='lat' dir='ltr'>puer,</span> <span class='ocrx_word' id='word_1_233' title='bbox 339 2738 398 2763; x_wconf 88' lang='lat' dir='ltr'>aut</span> <span class='ocrx_word' id='word_1_234' title='bbox 424 2733 582 2773; x_wconf 83' lang='lat' dir='ltr'>princeps</span> <span class='ocrx_word' id='word_1_235' title='bbox 603 2732 812 2772; x_wconf 78' lang='lat' dir='ltr'>juventutis,</span> 
     </span>
     <span class='ocr_line' id='line_1_51' title="bbox 107 2780 811 2824; baseline -0.003 -10"><span class='ocrx_word' id='word_1_236' title='bbox 107 2782 286 2824; x_wconf 83' lang='lat' dir='ltr'>postmodo</span> <span class='ocrx_word' id='word_1_237' title='bbox 302 2780 414 2814; x_wconf 82' lang='lat' dir='ltr'>factus</span> <span class='ocrx_word' id='word_1_238' title='bbox 431 2789 483 2814; x_wconf 85' lang='lat' dir='ltr'>est</span> <span class='ocrx_word' id='word_1_239' title='bbox 496 2782 722 2814; x_wconf 87' lang='lat' dir='ltr'>nobilissimus</span> <span class='ocrx_word' id='word_1_240' title='bbox 737 2782 811 2813; x_wconf 79' lang='lat' dir='ltr'>Cae-</span> 
     </span>
    </p>
   </div>
   <div class='ocr_carea' id='block_1_3' title="bbox 1442 205 1554 247">
    <p class='ocr_par' dir='ltr' id='par_1_16' title="bbox 1442 205 1554 247">
     <span class='ocr_line' id='line_1_52' title="bbox 1442 205 1554 247; baseline -0.009 0"><span class='ocrx_word' id='word_1_241' title='bbox 1442 205 1554 247; x_wconf 79' lang='lat'>1335</span> 
     </span>
    </p>
   </div>
   <div class='ocr_carea' id='block_1_4' title="bbox 847 309 1567 2359">
    <p class='ocr_par' dir='ltr' id='par_1_17' title="bbox 847 309 1557 592">
     <span class='ocr_line' id='line_1_53' title="bbox 853 309 1555 350; baseline -0.001 -9"><span class='ocrx_word' id='word_1_242' title='bbox 853 320 917 350; x_wconf 77' lang='lat' dir='ltr'>sar,</span> <span class='ocrx_word' id='word_1_243' title='bbox 943 310 1021 341; x_wconf 89' lang='lat' dir='ltr'>dein</span> <span class='ocrx_word' id='word_1_244' title='bbox 1039 309 1233 349; x_wconf 44' lang='lat' dir='ltr'>Augustum</span> <span class='ocrx_word' id='word_1_245' title='bbox 1259 319 1324 349; x_wconf 80' lang='lat' dir='ltr'>qua</span> <span class='ocrx_word' id='word_1_246' title='bbox 1341 309 1373 339; x_wconf 88' lang='lat' dir='ltr'>in</span> <span class='ocrx_word' id='word_1_247' title='bbox 1391 319 1425 339; x_wconf 80' lang='lat' dir='ltr'>rc</span> <span class='ocrx_word' id='word_1_248' title='bbox 1443 320 1555 350; x_wconf 77' lang='lat' dir='ltr'>aequa-</span> 
     </span>
     <span class='ocr_line' id='line_1_54' title="bbox 855 359 1555 403; baseline -0.001 -11"><span class='ocrx_word' id='word_1_249' title='bbox 855 366 907 392; x_wconf 89' lang='lat' dir='ltr'>tus</span> <span class='ocrx_word' id='word_1_250' title='bbox 935 366 989 403; x_wconf 75' lang='lat' dir='ltr'>est</span> <span class='ocrx_word' id='word_1_251' title='bbox 1008 360 1107 390; x_wconf 83' lang='lat' dir='ltr'>fratri</span> <span class='ocrx_word' id='word_1_252' title='bbox 1134 359 1298 390; x_wconf 78' lang='lat' dir='ltr'>Arcadio·</span> <span class='ocrx_word' id='word_1_253' title='bbox 1345 360 1450 390; x_wconf 85' lang='lat' dir='ltr'>Patre</span> <span class='ocrx_word' id='word_1_254' title='bbox 1468 362 1555 400; x_wconf 85' lang='lat' dir='ltr'>jam-</span> 
     </span>
     <span class='ocr_line' id='line_1_55' title="bbox 847 410 1555 450; baseline 0 -8"><span class='ocrx_word' id='word_1_255' title='bbox 847 412 919 450; x_wconf 84' lang='lat' dir='ltr'>jam</span> <span class='ocrx_word' id='word_1_256' title='bbox 947 412 1036 442; x_wconf 89' lang='lat' dir='ltr'>ituro</span> <span class='ocrx_word' id='word_1_257' title='bbox 1063 416 1184 441; x_wconf 77' lang='lat' dir='ltr'>contra</span> <span class='ocrx_word' id='word_1_258' title='bbox 1208 410 1410 449; x_wconf 78' lang='lat' dir='ltr'>Eugenium,</span> <span class='ocrx_word' id='word_1_259' title='bbox 1437 420 1475 440; x_wconf 88' lang='lat' dir='ltr'>ac</span> <span class='ocrx_word' id='word_1_260' title='bbox 1500 421 1555 449; x_wconf 78' lang='lat' dir='ltr'>gc-</span> 
     </span>
     <span class='ocr_line' id='line_1_56' title="bbox 853 459 1556 498; baseline -0.003 -6"><span class='ocrx_word' id='word_1_261' title='bbox 853 462 962 492; x_wconf 79' lang='lat' dir='ltr'>mellis</span> <span class='ocrx_word' id='word_1_262' title='bbox 977 460 1192 492; x_wconf 81' lang='lat' dir='ltr'>consortibus</span> <span class='ocrx_word' id='word_1_263' title='bbox 1204 460 1236 490; x_wconf 90' lang='lat' dir='ltr'>in</span> <span class='ocrx_word' id='word_1_264' title='bbox 1250 459 1394 490; x_wconf 87' lang='lat' dir='ltr'>Oriente</span> <span class='ocrx_word' id='word_1_265' title='bbox 1409 459 1556 498; x_wconf 76' lang='lat' dir='ltr'>relictis3</span> 
     </span>
     <span class='ocr_line' id='line_1_57' title="bbox 854 509 1557 552; baseline -0.003 -11"><span class='ocrx_word' id='word_1_266' title='bbox 854 512 881 541; x_wconf 71' lang='grc' dir='ltr'>.κί</span> <span class='ocrx_word' id='word_1_267' title='bbox 899 512 979 552; x_wconf 84' lang='lat' dir='ltr'>quid</span> <span class='ocrx_word' id='word_1_268' title='bbox 998 512 1026 541; x_wconf 88' lang='lat' dir='ltr'>ci</span> <span class='ocrx_word' id='word_1_269' title='bbox 1043 511 1237 541; x_wconf 82' lang='lat' dir='ltr'>humanitus</span> <span class='ocrx_word' id='word_1_270' title='bbox 1250 509 1460 549; x_wconf 86' lang='lat' dir='ltr'>contigisset.</span> <span class='ocrx_word' id='word_1_271' title='bbox 1486 509 1557 539; x_wconf 81' lang='lat' dir='ltr'>Cla-</span> 
     </span>
     <span class='ocr_line' id='line_1_58' title="bbox 853 570 914 592; baseline 0.033 -2"><span class='ocrx_word' id='word_1_272' title='bbox 853 570 914 592; x_wconf 78' lang='lat' dir='ltr'>rer.</span> 
     </span>
    </p>

    <p class='ocr_par' dir='ltr' id='par_1_18' title="bbox 853 607 1560 1043">
     <span class='ocr_line' id='line_1_59' title="bbox 898 607 1559 650; baseline -0.003 -10"><span class='ocrx_word' id='word_1_273' title='bbox 898 613 959 640; x_wconf 83' lang='lat'>170</span> <span class='ocrx_word' id='word_1_274' title='bbox 984 611 1135 640; x_wconf 79' lang='lat' dir='ltr'>Protinus</span> <span class='ocrx_word' id='word_1_275' title='bbox 1145 607 1402 650; x_wconf 77' lang='lat' dir='ltr'>(equarissratri]</span> <span class='ocrx_word' id='word_1_276' title='bbox 1426 608 1559 648; x_wconf 76' lang='lat' dir='ltr'>AEquari</span> 
     </span>
     <span class='ocr_line' id='line_1_60' title="bbox 855 658 1557 701; baseline -0.004 -11"><span class='ocrx_word' id='word_1_277' title='bbox 855 660 982 701; x_wconf 73' lang='lat' dir='ltr'>primus</span> <span class='ocrx_word' id='word_1_278' title='bbox 1000 660 1177 690; x_wconf 79' lang='lat' dir='ltr'>Mediccus</span> <span class='ocrx_word' id='word_1_279' title='bbox 1195 665 1229 690; x_wconf 87' lang='lat' dir='ltr'>et</span> <span class='ocrx_word' id='word_1_280' title='bbox 1248 659 1435 689; x_wconf 81' lang='lat' dir='ltr'>Palatinus.</span> <span class='ocrx_word' id='word_1_281' title='bbox 1471 658 1557 688; x_wconf 87' lang='lat' dir='ltr'>Con-</span> 
     </span>
     <span class='ocr_line' id='line_1_61' title="bbox 854 709 1557 741; baseline -0.004 -1"><span class='ocrx_word' id='word_1_282' title='bbox 854 711 975 741; x_wconf 85' lang='lat' dir='ltr'>cinnc:</span> <span class='ocrx_word' id='word_1_283' title='bbox 1008 714 1099 740; x_wconf 83' lang='lat' dir='ltr'>amat</span> <span class='ocrx_word' id='word_1_284' title='bbox 1129 709 1187 740; x_wconf 89' lang='lat' dir='ltr'>has</span> <span class='ocrx_word' id='word_1_285' title='bbox 1216 709 1406 739; x_wconf 86' lang='lat' dir='ltr'>locutiones</span> <span class='ocrx_word' id='word_1_286' title='bbox 1430 713 1557 738; x_wconf 87' lang='lat' dir='ltr'>noster.</span> 
     </span>
     <span class='ocr_line' id='line_1_62' title="bbox 853 759 1558 792; baseline -0.004 -1"><span class='ocrx_word' id='word_1_287' title='bbox 853 761 987 792; x_wconf 84' lang='lat' dir='ltr'>Similes</span> <span class='ocrx_word' id='word_1_288' title='bbox 1012 769 1127 790; x_wconf 80' lang='lat' dir='ltr'>naevos</span> <span class='ocrx_word' id='word_1_289' title='bbox 1155 760 1186 790; x_wconf 90' lang='lat' dir='ltr'>in</span> <span class='ocrx_word' id='word_1_290' title='bbox 1222 759 1332 789; x_wconf 79' lang='lat' dir='ltr'>Statio</span> <span class='ocrx_word' id='word_1_291' title='bbox 1361 768 1425 789; x_wconf 90' lang='lat' dir='ltr'>non</span> <span class='ocrx_word' id='word_1_292' title='bbox 1455 759 1558 789; x_wconf 81' lang='lat' dir='ltr'>semel</span> 
     </span>
     <span class='ocr_line' id='line_1_63' title="bbox 855 809 1557 852; baseline -0.004 -10"><span class='ocrx_word' id='word_1_293' title='bbox 855 811 1090 852; x_wconf 80' lang='lat' dir='ltr'>deprehendi:</span> <span class='ocrx_word' id='word_1_294' title='bbox 1130 814 1167 840; x_wconf 89' lang='lat' dir='ltr'>ut</span> <span class='ocrx_word' id='word_1_295' title='bbox 1193 809 1299 840; x_wconf 74' lang='lat' dir='ltr'>Theb.</span> <span class='ocrx_word' id='word_1_296' title='bbox 1328 818 1383 840; x_wconf 83' lang='lat'>111.</span> <span class='ocrx_word' id='word_1_297' title='bbox 1411 819 1458 840; x_wconf 89' lang='lat' dir='ltr'>vs.</span> <span class='ocrx_word' id='word_1_298' title='bbox 1484 811 1557 839; x_wconf 82' lang='grc'><strong>564.</strong></span> 
     </span>
     <span class='ocr_line' id='line_1_64' title="bbox 853 861 1559 899; baseline -0.004 -7"><span class='ocrx_word' id='word_1_299' title='bbox 853 863 862 879; x_wconf 86' lang='lat'>‘</span> <span class='ocrx_word' id='word_1_300' title='bbox 880 872 940 892; x_wconf 86' lang='lat' dir='ltr'>nos</span> <span class='ocrx_word' id='word_1_301' title='bbox 965 862 1075 892; x_wconf 80' lang='lat' dir='ltr'>debile</span> <span class='ocrx_word' id='word_1_302' title='bbox 1102 862 1221 899; x_wconf 74' lang='lat' dir='ltr'>vulgus</span> <span class='ocrx_word' id='word_1_303' title='bbox 1245 861 1444 891; x_wconf 70' lang='lat' dir='ltr'>Sci-utamur</span> <span class='ocrx_word' id='word_1_304' title='bbox 1461 868 1559 899; x_wconf 76' lang='lat' dir='ltr'>supe-</span> 
     </span>
     <span class='ocr_line' id='line_1_65' title="bbox 855 909 1558 949; baseline -0.004 -7"><span class='ocrx_word' id='word_1_305' title='bbox 855 912 933 942; x_wconf 57' lang='lat' dir='ltr'>ros!</span> <span class='ocrx_word' id='word_1_306' title='bbox 977 912 1123 942; x_wconf 73' lang='lat' dir='ltr'>Veteres</span> <span class='ocrx_word' id='word_1_307' title='bbox 1141 910 1216 940; x_wconf 88' lang='lat' dir='ltr'>libri</span> <span class='ocrx_word' id='word_1_308' title='bbox 1240 909 1372 940; x_wconf 82' lang='lat' dir='ltr'>scrutati</span> <span class='ocrx_word' id='word_1_309' title='bbox 1398 918 1458 949; x_wconf 92' lang='lat' dir='ltr'>pro</span> <span class='ocrx_word' id='word_1_310' title='bbox 1474 919 1558 940; x_wconf 78' lang='lat' dir='ltr'>scru-</span> 
     </span>
     <span class='ocr_line' id='line_1_66' title="bbox 854 960 1560 1001; baseline -0.001 -10"><span class='ocrx_word' id='word_1_311' title='bbox 854 961 937 991; x_wconf 80' lang='lat' dir='ltr'>tari:</span> <span class='ocrx_word' id='word_1_312' title='bbox 965 971 1042 991; x_wconf 83' lang='lat' dir='ltr'>mox</span> <span class='ocrx_word' id='word_1_313' title='bbox 1062 961 1196 991; x_wconf 81' lang='lat' dir='ltr'>Hortari</span> <span class='ocrx_word' id='word_1_314' title='bbox 1209 970 1273 991; x_wconf 86' lang='lat' dir='ltr'>non</span> <span class='ocrx_word' id='word_1_315' title='bbox 1289 960 1421 991; x_wconf 78' lang='lat' dir='ltr'>Hortati</span> <span class='ocrx_word' id='word_1_316' title='bbox 1438 960 1560 1001; x_wconf 84' lang='lat' dir='ltr'>scripti</span> 
     </span>
     <span class='ocr_line' id='line_1_67' title="bbox 856 1011 1191 1043; baseline 0 -2"><span class='ocrx_word' id='word_1_317' title='bbox 856 1021 988 1043; x_wconf 86' lang='lat' dir='ltr'>uovcm.</span> <span class='ocrx_word' id='word_1_318' title='bbox 1016 1013 1060 1042; x_wconf 92' lang='lat' dir='ltr'>D.</span> <span class='ocrx_word' id='word_1_319' title='bbox 1078 1011 1191 1042; x_wconf 69' lang='lat' dir='ltr'>fliius.</span> 
     </span>
    </p>

    <p class='ocr_par' dir='ltr' id='par_1_19' title="bbox 854 1060 1564 1505">
     <span class='ocr_line' id='line_1_68' title="bbox 900 1060 1557 1102; baseline -0.002 -11"><span class='ocrx_word' id='word_1_320' title='bbox 900 1062 966 1092; x_wconf 72' lang='lat' dir='ltr'>Nec</span> <span class='ocrx_word' id='word_1_321' title='bbox 983 1062 1096 1091; x_wconf 77' lang='lat' dir='ltr'>certius</span> <span class='ocrx_word' id='word_1_322' title='bbox 1119 1062 1265 1102; x_wconf 77' lang='lat' dir='ltr'>uuquam]</span> <span class='ocrx_word' id='word_1_323' title='bbox 1300 1061 1464 1100; x_wconf 76' lang='lat' dir='ltr'>Prodigia</span> <span class='ocrx_word' id='word_1_324' title='bbox 1488 1060 1557 1090; x_wconf 77' lang='lat' dir='ltr'>sive</span> 
     </span>
     <span class='ocr_line' id='line_1_69' title="bbox 855 1109 1560 1142; baseline -0.004 0"><span class='ocrx_word' id='word_1_325' title='bbox 855 1112 988 1142; x_wconf 85' lang='lat' dir='ltr'>Indicia</span> <span class='ocrx_word' id='word_1_326' title='bbox 1006 1111 1160 1142; x_wconf 77' lang='lat' dir='ltr'>coelestia</span> <span class='ocrx_word' id='word_1_327' title='bbox 1187 1110 1387 1141; x_wconf 75' lang='lat' dir='ltr'>felicitatem</span> <span class='ocrx_word' id='word_1_328' title='bbox 1405 1109 1560 1140; x_wconf 88' lang='lat' dir='ltr'>Honorio</span> 
     </span>
     <span class='ocr_line' id='line_1_70' title="bbox 856 1160 1561 1203; baseline -0.004 -11"><span class='ocrx_word' id='word_1_329' title='bbox 856 1161 1061 1203; x_wconf 84' lang='lat' dir='ltr'>spondentia</span> <span class='ocrx_word' id='word_1_330' title='bbox 1077 1160 1272 1191; x_wconf 86' lang='lat' dir='ltr'>describere</span> <span class='ocrx_word' id='word_1_331' title='bbox 1296 1160 1441 1199; x_wconf 88' lang='lat' dir='ltr'>orditur,</span> <span class='ocrx_word' id='word_1_332' title='bbox 1468 1168 1561 1189; x_wconf 87' lang='lat' dir='ltr'>more</span> 
     </span>
     <span class='ocr_line' id='line_1_71' title="bbox 854 1210 1563 1252; baseline -0.007 -8"><span class='ocrx_word' id='word_1_333' title='bbox 854 1213 1056 1252; x_wconf 85' lang='lat' dir='ltr'>Nationum,</span> <span class='ocrx_word' id='word_1_334' title='bbox 1083 1211 1164 1242; x_wconf 88' lang='lat' dir='ltr'>nihil</span> <span class='ocrx_word' id='word_1_335' title='bbox 1183 1211 1255 1242; x_wconf 85' lang='lat' dir='ltr'>sine</span> <span class='ocrx_word' id='word_1_336' title='bbox 1273 1211 1390 1241; x_wconf 85' lang='lat' dir='ltr'>horum</span> <span class='ocrx_word' id='word_1_337' title='bbox 1406 1210 1563 1240; x_wconf 86' lang='lat' dir='ltr'>observa·</span> 
     </span>
     <span class='ocr_line' id='line_1_72' title="bbox 856 1262 1562 1301; baseline -0.004 -7"><span class='ocrx_word' id='word_1_338' title='bbox 856 1264 947 1295; x_wconf 89' lang='lat' dir='ltr'>tione</span> <span class='ocrx_word' id='word_1_339' title='bbox 972 1263 1191 1294; x_wconf 88' lang='lat' dir='ltr'>ordientium.</span> <span class='ocrx_word' id='word_1_340' title='bbox 1239 1262 1377 1301; x_wconf 74' lang='lat' dir='ltr'>Cercius,</span> <span class='ocrx_word' id='word_1_341' title='bbox 1406 1265 1562 1293; x_wconf 84' lang='lat' dir='ltr'>constan-</span> 
     </span>
     <span class='ocr_line' id='line_1_73' title="bbox 854 1311 1564 1353; baseline -0.004 -9"><span class='ocrx_word' id='word_1_342' title='bbox 854 1314 932 1353; x_wconf 88' lang='lat' dir='ltr'>tius,</span> <span class='ocrx_word' id='word_1_343' title='bbox 958 1313 1229 1344; x_wconf 85' lang='lat' dir='ltr'>indubitabilius.</span> <span class='ocrx_word' id='word_1_344' title='bbox 1285 1312 1454 1342; x_wconf 86' lang='lat' dir='ltr'>Hortatos</span> <span class='ocrx_word' id='word_1_345' title='bbox 1478 1311 1564 1342; x_wconf 87' lang='lat' dir='ltr'>dicit</span> 
     </span>
     <span class='ocr_line' id='line_1_74' title="bbox 855 1362 1563 1404; baseline -0.001 -10"><span class='ocrx_word' id='word_1_346' title='bbox 855 1364 962 1403; x_wconf 81' lang='lat' dir='ltr'>Deos,</span> <span class='ocrx_word' id='word_1_347' title='bbox 973 1363 1061 1404; x_wconf 79' lang='lat' dir='ltr'>quod</span> <span class='ocrx_word' id='word_1_348' title='bbox 1077 1363 1231 1403; x_wconf 83' lang='lat' dir='ltr'>repetitis</span> <span class='ocrx_word' id='word_1_349' title='bbox 1244 1362 1388 1393; x_wconf 88' lang='lat' dir='ltr'>ostentis</span> <span class='ocrx_word' id='word_1_350' title='bbox 1402 1372 1470 1393; x_wconf 88' lang='lat' dir='ltr'>rem</span> <span class='ocrx_word' id='word_1_351' title='bbox 1485 1371 1563 1402; x_wconf 89' lang='lat' dir='ltr'>pro-</span> 
     </span>
     <span class='ocr_line' id='line_1_75' title="bbox 856 1411 1560 1454; baseline -0.003 -10"><span class='ocrx_word' id='word_1_352' title='bbox 856 1415 1035 1452; x_wconf 81' lang='lat' dir='ltr'>moverint,</span> <span class='ocrx_word' id='word_1_353' title='bbox 1062 1423 1136 1454; x_wconf 80' lang='lat' dir='ltr'>quae</span> <span class='ocrx_word' id='word_1_354' title='bbox 1159 1423 1288 1444; x_wconf 82' lang='lat' dir='ltr'>Summa</span> <span class='ocrx_word' id='word_1_355' title='bbox 1310 1417 1362 1444; x_wconf 87' lang='lat' dir='ltr'>est</span> <span class='ocrx_word' id='word_1_356' title='bbox 1380 1421 1495 1444; x_wconf 80' lang='lat' dir='ltr'>caussa</span> <span class='ocrx_word' id='word_1_357' title='bbox 1511 1411 1560 1442; x_wconf 86' lang='lat' dir='ltr'>rei</span> 
     </span>
     <span class='ocr_line' id='line_1_76' title="bbox 857 1464 1253 1505; baseline -0.005 -10"><span class='ocrx_word' id='word_1_358' title='bbox 857 1465 1111 1505; x_wconf 59' lang='lat' dir='ltr'>aggrediundae.</span> <span class='ocrx_word' id='word_1_359' title='bbox 1136 1464 1253 1494; x_wconf 81' lang='lat' dir='ltr'>Barth.</span> 
     </span>
    </p>

    <p class='ocr_par' dir='ltr' id='par_1_20' title="bbox 856 1512 1561 1606">
     <span class='ocr_line' id='line_1_77' title="bbox 903 1512 1561 1554; baseline -0.003 -8"><span class='ocrx_word' id='word_1_360' title='bbox 903 1519 960 1546; x_wconf 80' lang='grc'>171</span> <span class='ocrx_word' id='word_1_361' title='bbox 981 1514 1172 1546; x_wconf 64' lang='lat' dir='ltr'>I’roesentior</span> <span class='ocrx_word' id='word_1_362' title='bbox 1183 1514 1295 1554; x_wconf 79' lang='lat' dir='ltr'>oether]</span> <span class='ocrx_word' id='word_1_363' title='bbox 1312 1514 1458 1545; x_wconf 89' lang='lat' dir='ltr'>Certior.</span> <span class='ocrx_word' id='word_1_364' title='bbox 1473 1512 1561 1544; x_wconf 66' lang='lat' dir='ltr'>Vide</span> 
     </span>
     <span class='ocr_line' id='line_1_78' title="bbox 856 1566 1093 1606; baseline -0.004 -10"><span class='ocrx_word' id='word_1_365' title='bbox 856 1575 968 1606; x_wconf 84' lang='lat' dir='ltr'>supra.</span> <span class='ocrx_word' id='word_1_366' title='bbox 995 1566 1093 1596; x_wconf 85' lang='lat' dir='ltr'>Idem.</span> 
     </span>
    </p>

    <p class='ocr_par' dir='ltr' id='par_1_21' title="bbox 856 1614 1563 1850">
     <span class='ocr_line' id='line_1_79' title="bbox 901 1614 1562 1653; baseline -0.005 -6"><span class='ocrx_word' id='word_1_367' title='bbox 901 1619 962 1647; x_wconf 83' lang='lat'>172</span> <span class='ocrx_word' id='word_1_368' title='bbox 1011 1616 1186 1646; x_wconf 67' lang='lat' dir='ltr'>Involverat</span> <span class='ocrx_word' id='word_1_369' title='bbox 1214 1614 1300 1653; x_wconf 84' lang='lat' dir='ltr'>atra]</span> <span class='ocrx_word' id='word_1_370' title='bbox 1334 1614 1389 1645; x_wconf 88' lang='lat' dir='ltr'>Sic</span> <span class='ocrx_word' id='word_1_371' title='bbox 1417 1614 1562 1645; x_wconf 83' lang='lat' dir='ltr'>Lucens.</span> 
     </span>
     <span class='ocr_line' id='line_1_80' title="bbox 859 1664 1563 1707; baseline -0.007 -9"><span class='ocrx_word' id='word_1_372' title='bbox 859 1666 1002 1707; x_wconf 76' lang='lat' dir='ltr'>Gyrald.</span> <span class='ocrx_word' id='word_1_373' title='bbox 1036 1672 1072 1696; x_wconf 90' lang='lat' dir='ltr'>et</span> <span class='ocrx_word' id='word_1_374' title='bbox 1098 1666 1254 1705; x_wconf 77' lang='lat' dir='ltr'>plerique</span> <span class='ocrx_word' id='word_1_375' title='bbox 1281 1664 1412 1695; x_wconf 70' lang='lat' dir='ltr'>canteri.</span> <span class='ocrx_word' id='word_1_376' title='bbox 1450 1664 1563 1704; x_wconf 76' lang='lat' dir='ltr'>Vulgo</span> 
     </span>
     <span class='ocr_line' id='line_1_81' title="bbox 856 1716 1563 1756; baseline -0.004 -7"><span class='ocrx_word' id='word_1_377' title='bbox 856 1719 946 1750; x_wconf 79' lang='lat' dir='ltr'>atris.</span> <span class='ocrx_word' id='word_1_378' title='bbox 992 1717 1061 1748; x_wconf 92' lang='lat' dir='ltr'>Alii</span> <span class='ocrx_word' id='word_1_379' title='bbox 1087 1717 1178 1756; x_wconf 83' lang='lat' dir='ltr'>astri,</span> <span class='ocrx_word' id='word_1_380' title='bbox 1199 1719 1297 1754; x_wconf 84' lang='lat' dir='ltr'>astra,</span> <span class='ocrx_word' id='word_1_381' title='bbox 1322 1716 1433 1754; x_wconf 77' lang='lat' dir='ltr'>austri,</span> <span class='ocrx_word' id='word_1_382' title='bbox 1459 1716 1563 1746; x_wconf 81' lang='lat' dir='ltr'>astris.</span> 
     </span>
     <span class='ocr_line' id='line_1_82' title="bbox 858 1765 1563 1809; baseline -0.004 -10"><span class='ocrx_word' id='word_1_383' title='bbox 858 1768 1027 1809; x_wconf 87' lang='lat' dir='ltr'>Hyemem</span> <span class='ocrx_word' id='word_1_384' title='bbox 1045 1776 1106 1807; x_wconf 86' lang='lat' dir='ltr'>pro</span> <span class='ocrx_word' id='word_1_385' title='bbox 1139 1771 1345 1806; x_wconf 83' lang='lat' dir='ltr'>tempestate</span> <span class='ocrx_word' id='word_1_386' title='bbox 1376 1765 1474 1796; x_wconf 80' lang='lat' dir='ltr'>dixit.</span> <span class='ocrx_word' id='word_1_387' title='bbox 1519 1765 1563 1796; x_wconf 92' lang='lat' dir='ltr'>D.</span> 
     </span>
     <span class='ocr_line' id='line_1_83' title="bbox 858 1819 972 1850; baseline -0.009 0"><span class='ocrx_word' id='word_1_388' title='bbox 858 1819 972 1850; x_wconf 70' lang='lat' dir='ltr'>Heius.</span> 
     </span>
    </p>

    <p class='ocr_par' dir='ltr' id='par_1_22' title="bbox 901 1866 1489 1909">
     <span class='ocr_line' id='line_1_84' title="bbox 901 1866 1489 1909; baseline -0.005 -9"><span class='ocrx_word' id='word_1_389' title='bbox 901 1872 961 1900; x_wconf 82' lang='lat'>173</span> <span class='ocrx_word' id='word_1_390' title='bbox 988 1868 1123 1909; x_wconf 84' lang='lat' dir='ltr'>Hyems]</span> <span class='ocrx_word' id='word_1_391' title='bbox 1146 1868 1347 1908; x_wconf 81' lang='lat' dir='ltr'>Tempestas</span> <span class='ocrx_word' id='word_1_392' title='bbox 1361 1866 1489 1898; x_wconf 84' lang='lat' dir='ltr'>nubila.</span> 
     </span>
    </p>

    <p class='ocr_par' dir='ltr' id='par_1_23' title="bbox 857 1917 1565 2110">
     <span class='ocr_line' id='line_1_85' title="bbox 905 1917 1561 1957; baseline -0.005 -7"><span class='ocrx_word' id='word_1_393' title='bbox 905 1921 1006 1950; x_wconf 82' lang='lat' dir='ltr'>Notus</span> <span class='ocrx_word' id='word_1_394' title='bbox 1033 1919 1198 1957; x_wconf 74' lang='lat' dir='ltr'>collegerat</span> <span class='ocrx_word' id='word_1_395' title='bbox 1222 1918 1351 1957; x_wconf 82' lang='lat' dir='ltr'>imbres]</span> <span class='ocrx_word' id='word_1_396' title='bbox 1376 1917 1561 1948; x_wconf 84' lang='lat' dir='ltr'>Horatius:</span> 
     </span>
     <span class='ocr_line' id='line_1_86' title="bbox 857 1968 1565 2009; baseline -0.006 -8"><span class='ocrx_word' id='word_1_397' title='bbox 857 1971 866 1987; x_wconf 90' lang='lat'>‘</span> <span class='ocrx_word' id='word_1_398' title='bbox 885 1969 993 2001; x_wconf 82' lang='lat' dir='ltr'>Albus</span> <span class='ocrx_word' id='word_1_399' title='bbox 1022 1974 1058 2000; x_wconf 85' lang='lat' dir='ltr'>ut</span> <span class='ocrx_word' id='word_1_400' title='bbox 1085 1970 1230 2000; x_wconf 87' lang='lat' dir='ltr'>obscuro</span> <span class='ocrx_word' id='word_1_401' title='bbox 1257 1969 1420 2009; x_wconf 82' lang='lat' dir='ltr'>deterget</span> <span class='ocrx_word' id='word_1_402' title='bbox 1449 1968 1565 1998; x_wconf 77' lang='lat' dir='ltr'>nubila</span> 
     </span>
     <span class='ocr_line' id='line_1_87' title="bbox 858 2019 1565 2060; baseline -0.003 -9"><span class='ocrx_word' id='word_1_403' title='bbox 858 2021 943 2052; x_wconf 81' lang='lat' dir='ltr'>coelo</span> <span class='ocrx_word' id='word_1_404' title='bbox 960 2021 1058 2059; x_wconf 75' lang='lat' dir='ltr'>Saepe</span> <span class='ocrx_word' id='word_1_405' title='bbox 1075 2021 1198 2059; x_wconf 81' lang='lat' dir='ltr'>Notus,</span> <span class='ocrx_word' id='word_1_406' title='bbox 1211 2029 1321 2060; x_wconf 87' lang='lat' dir='ltr'>neque</span> <span class='ocrx_word' id='word_1_407' title='bbox 1340 2019 1490 2060; x_wconf 87' lang='lat' dir='ltr'>parturit</span> <span class='ocrx_word' id='word_1_408' title='bbox 1505 2019 1565 2049; x_wconf 84' lang='lat' dir='ltr'>im-</span> 
     </span>
     <span class='ocr_line' id='line_1_88' title="bbox 859 2069 1314 2110; baseline -0.002 -9"><span class='ocrx_word' id='word_1_409' title='bbox 859 2071 936 2101; x_wconf 88' lang='lat' dir='ltr'>bres</span> <span class='ocrx_word' id='word_1_410' title='bbox 953 2069 1173 2110; x_wconf 65' lang='lat' dir='ltr'>Perpetuos!</span> <span class='ocrx_word' id='word_1_411' title='bbox 1197 2071 1314 2101; x_wconf 86' lang='lat' dir='ltr'>Barth.</span> 
     </span>
    </p>

    <p class='ocr_par' dir='ltr' id='par_1_24' title="bbox 858 2120 1567 2359">
     <span class='ocr_line' id='line_1_89' title="bbox 903 2120 1564 2161; baseline -0.002 -10"><span class='ocrx_word' id='word_1_412' title='bbox 903 2124 917 2151; x_wconf 94' lang='grc'><strong>1</strong></span> <span class='ocrx_word' id='word_1_413' title='bbox 926 2123 965 2151; x_wconf 79' lang='grc'>74</span> <span class='ocrx_word' id='word_1_414' title='bbox 991 2120 1094 2151; x_wconf 84' lang='lat' dir='ltr'>Solita</span> <span class='ocrx_word' id='word_1_415' title='bbox 1103 2121 1188 2151; x_wconf 81' lang='lat' dir='ltr'>miles</span> <span class='ocrx_word' id='word_1_416' title='bbox 1199 2124 1230 2151; x_wconf 80' lang='lat' dir='ltr'>te</span> <span class='ocrx_word' id='word_1_417' title='bbox 1240 2130 1310 2151; x_wconf 75' lang='lat' dir='ltr'>voce</span> <span class='ocrx_word' id='word_1_418' title='bbox 1322 2121 1463 2161; x_wconf 79' lang='lat' dir='ltr'>levasset]</span> <span class='ocrx_word' id='word_1_419' title='bbox 1479 2120 1564 2151; x_wconf 87' lang='lat' dir='ltr'>Cum</span> 
     </span>
     <span class='ocr_line' id='line_1_90' title="bbox 858 2171 1566 2211; baseline -0.004 -9"><span class='ocrx_word' id='word_1_420' title='bbox 858 2175 893 2202; x_wconf 85' lang='lat' dir='ltr'>tc</span> <span class='ocrx_word' id='word_1_421' title='bbox 909 2171 1099 2211; x_wconf 80' lang='lat' dir='ltr'>Augustum</span> <span class='ocrx_word' id='word_1_422' title='bbox 1113 2171 1360 2211; x_wconf 85' lang='lat' dir='ltr'>proclamatum</span> <span class='ocrx_word' id='word_1_423' title='bbox 1375 2171 1566 2200; x_wconf 84' lang='lat' dir='ltr'>salutasset.</span> 
     </span>
     <span class='ocr_line' id='line_1_91' title="bbox 859 2219 1567 2253; baseline -0.004 -1"><span class='ocrx_word' id='word_1_424' title='bbox 859 2222 937 2253; x_wconf 83' lang='lat' dir='ltr'>Non</span> <span class='ocrx_word' id='word_1_425' title='bbox 956 2221 1044 2253; x_wconf 89' lang='lat' dir='ltr'>cuim</span> <span class='ocrx_word' id='word_1_426' title='bbox 1070 2222 1112 2252; x_wconf 88' lang='lat' dir='ltr'>de</span> <span class='ocrx_word' id='word_1_427' title='bbox 1139 2221 1205 2252; x_wconf 84' lang='lat' dir='ltr'>alia</span> <span class='ocrx_word' id='word_1_428' title='bbox 1231 2220 1403 2251; x_wconf 86' lang='lat' dir='ltr'>levatione</span> <span class='ocrx_word' id='word_1_429' title='bbox 1429 2219 1567 2250; x_wconf 84' lang='lat' dir='ltr'>videtur</span> 
     </span>
     <span class='ocr_line' id='line_1_92' title="bbox 859 2269 1567 2313; baseline -0.004 -10"><span class='ocrx_word' id='word_1_430' title='bbox 859 2273 949 2313; x_wconf 87' lang='lat' dir='ltr'>loqui</span> <span class='ocrx_word' id='word_1_431' title='bbox 962 2272 1181 2311; x_wconf 85' lang='lat' dir='ltr'>Claudianus,</span> <span class='ocrx_word' id='word_1_432' title='bbox 1196 2280 1293 2313; x_wconf 86' lang='lat' dir='ltr'>quam</span> <span class='ocrx_word' id='word_1_433' title='bbox 1307 2281 1372 2311; x_wconf 89' lang='lat' dir='ltr'>qua</span> <span class='ocrx_word' id='word_1_434' title='bbox 1387 2270 1421 2301; x_wconf 87' lang='lat' dir='ltr'>in</span> <span class='ocrx_word' id='word_1_435' title='bbox 1433 2269 1567 2311; x_wconf 85' lang='lat' dir='ltr'>Augus-</span> 
     </span>
     <span class='ocr_line' id='line_1_93' title="bbox 860 2321 1567 2359; baseline -0.006 -6"><span class='ocrx_word' id='word_1_436' title='bbox 860 2328 930 2354; x_wconf 85' lang='lat' dir='ltr'>tum</span> <span class='ocrx_word' id='word_1_437' title='bbox 957 2323 1110 2353; x_wconf 83' lang='lat' dir='ltr'>clevatus</span> <span class='ocrx_word' id='word_1_438' title='bbox 1137 2326 1190 2352; x_wconf 86' lang='lat' dir='ltr'>est</span> <span class='ocrx_word' id='word_1_439' title='bbox 1216 2321 1402 2359; x_wconf 85' lang='lat' dir='ltr'>Honorius,</span> <span class='ocrx_word' id='word_1_440' title='bbox 1424 2329 1501 2350; x_wconf 89' lang='lat' dir='ltr'>nam</span> <span class='ocrx_word' id='word_1_441' title='bbox 1527 2328 1567 2350; x_wconf 86' lang='lat' dir='ltr'>ea</span> 
     </span>
    </p>
   </div>
   <div class='ocr_carea' id='block_1_5' title="bbox 851 2370 1568 2413">
    <p class='ocr_par' dir='ltr' id='par_1_25' title="bbox 851 2370 1568 2413">
     <span class='ocr_line' id='line_1_94' title="bbox 851 2370 1568 2413; baseline -0.006 -10"><span class='ocrx_word' id='word_1_442' title='bbox 851 2370 1034 2413; x_wconf 64' lang='lat' dir='ltr'>&#39;usurpatio</span> <span class='ocrx_word' id='word_1_443' title='bbox 1044 2372 1190 2403; x_wconf 83' lang='lat' dir='ltr'>solennis</span> <span class='ocrx_word' id='word_1_444' title='bbox 1204 2372 1300 2402; x_wconf 84' lang='lat' dir='ltr'>istius</span> <span class='ocrx_word' id='word_1_445' title='bbox 1312 2371 1418 2402; x_wconf 85' lang='lat' dir='ltr'>verbi.</span> <span class='ocrx_word' id='word_1_446' title='bbox 1443 2371 1568 2401; x_wconf 85' lang='lat' dir='ltr'>Potest</span> 
     </span>
    </p>
   </div>
   <div class='ocr_carea' id='block_1_6' title="bbox 860 2418 1567 2764">
    <p class='ocr_par' dir='ltr' id='par_1_26' title="bbox 860 2418 1567 2764">
     <span class='ocr_line' id='line_1_95' title="bbox 861 2418 1567 2463; baseline -0.01 -8"><span class='ocrx_word' id='word_1_447' title='bbox 861 2430 975 2455; x_wconf 80' lang='lat' dir='ltr'>tamen</span> <span class='ocrx_word' id='word_1_448' title='bbox 994 2435 1013 2455; x_wconf 86' lang='lat' dir='ltr'>a</span> <span class='ocrx_word' id='word_1_449' title='bbox 1030 2423 1276 2455; x_wconf 84' lang='lat' dir='ltr'>consuetudine</span> <span class='ocrx_word' id='word_1_450' title='bbox 1288 2422 1430 2463; x_wconf 85' lang='lat' dir='ltr'>quadam</span> <span class='ocrx_word' id='word_1_451' title='bbox 1446 2418 1567 2450; x_wconf 70' lang='lat' dir='ltr'>letandi</span> 
     </span>
     <span class='ocr_line' id='line_1_96' title="bbox 860 2473 1563 2513; baseline -0.01 -8"><span class='ocrx_word' id='word_1_452' title='bbox 860 2475 893 2505; x_wconf 88' lang='lat' dir='ltr'>in</span> <span class='ocrx_word' id='word_1_453' title='bbox 919 2474 1049 2512; x_wconf 87' lang='lat' dir='ltr'>solium,</span> <span class='ocrx_word' id='word_1_454' title='bbox 1075 2473 1247 2513; x_wconf 87' lang='lat' dir='ltr'>clypeum,</span> <span class='ocrx_word' id='word_1_455' title='bbox 1277 2476 1336 2502; x_wconf 89' lang='lat' dir='ltr'>aut</span> <span class='ocrx_word' id='word_1_456' title='bbox 1359 2480 1420 2511; x_wconf 90' lang='lat' dir='ltr'>per</span> <span class='ocrx_word' id='word_1_457' title='bbox 1435 2478 1563 2504; x_wconf 83' lang='lat' dir='ltr'>manus,</span> 
     </span>
     <span class='ocr_line' id='line_1_97' title="bbox 863 2521 1564 2562; baseline -0.011 -7"><span class='ocrx_word' id='word_1_458' title='bbox 863 2525 990 2556; x_wconf 91' lang='lat' dir='ltr'>locutio</span> <span class='ocrx_word' id='word_1_459' title='bbox 1019 2529 1094 2555; x_wconf 86' lang='lat' dir='ltr'>orta</span> <span class='ocrx_word' id='word_1_460' title='bbox 1118 2533 1206 2561; x_wconf 80' lang='lat' dir='ltr'>esse,</span> <span class='ocrx_word' id='word_1_461' title='bbox 1233 2531 1375 2562; x_wconf 83' lang='lat' dir='ltr'>eamque</span> <span class='ocrx_word' id='word_1_462' title='bbox 1404 2521 1564 2552; x_wconf 87' lang='lat' dir='ltr'>iunuere;</span> 
     </span>
     <span class='ocr_line' id='line_1_98' title="bbox 864 2571 1567 2617; baseline -0.016 -11"><span class='ocrx_word' id='word_1_463' title='bbox 864 2586 962 2617; x_wconf 83' lang='lat' dir='ltr'>quam</span> <span class='ocrx_word' id='word_1_464' title='bbox 995 2575 1109 2605; x_wconf 82' lang='lat' dir='ltr'>multis</span> <span class='ocrx_word' id='word_1_465' title='bbox 1132 2574 1203 2613; x_wconf 81' lang='lat' dir='ltr'>jan·</span> <span class='ocrx_word' id='word_1_466' title='bbox 1246 2572 1376 2612; x_wconf 84' lang='lat' dir='ltr'>pridem</span> <span class='ocrx_word' id='word_1_467' title='bbox 1407 2571 1567 2600; x_wconf 89' lang='lat' dir='ltr'>notarunt</span> 
     </span>
     <span class='ocr_line' id='line_1_99' title="bbox 863 2619 1567 2659; baseline -0.017 -2"><span class='ocrx_word' id='word_1_468' title='bbox 863 2626 1001 2657; x_wconf 87' lang='lat' dir='ltr'>eruditi.</span> <span class='ocrx_word' id='word_1_469' title='bbox 1067 2624 1199 2656; x_wconf 66' lang='lat' dir='ltr'>Solitum</span> <span class='ocrx_word' id='word_1_470' title='bbox 1238 2631 1364 2659; x_wconf 76' lang='lat' dir='ltr'>vocem,</span> <span class='ocrx_word' id='word_1_471' title='bbox 1403 2619 1567 2649; x_wconf 86' lang='lat' dir='ltr'>acclama-</span> 
     </span>
     <span class='ocr_line' id='line_1_100' title="bbox 864 2666 1567 2715; baseline -0.02 -7"><span class='ocrx_word' id='word_1_472' title='bbox 864 2677 973 2708; x_wconf 86' lang='lat' dir='ltr'>tiones</span> <span class='ocrx_word' id='word_1_473' title='bbox 999 2675 1096 2715; x_wconf 84' lang='lat' dir='ltr'>dicit,</span> <span class='ocrx_word' id='word_1_474' title='bbox 1123 2684 1198 2714; x_wconf 86' lang='lat' dir='ltr'>quae</span> <span class='ocrx_word' id='word_1_475' title='bbox 1226 2673 1260 2702; x_wconf 90' lang='lat' dir='ltr'>in</span> <span class='ocrx_word' id='word_1_476' title='bbox 1289 2668 1425 2702; x_wconf 84' lang='lat' dir='ltr'>militari</span> <span class='ocrx_word' id='word_1_477' title='bbox 1454 2666 1567 2704; x_wconf 80' lang='lat' dir='ltr'>vulgo,</span> 
     </span>
     <span class='ocr_line' id='line_1_101' title="bbox 865 2717 1566 2764; baseline -0.019 -4"><span class='ocrx_word' id='word_1_478' title='bbox 865 2727 1016 2759; x_wconf 85' lang='lat' dir='ltr'>classicis</span> <span class='ocrx_word' id='word_1_479' title='bbox 1042 2731 1077 2756; x_wconf 88' lang='lat' dir='ltr'>et</span> <span class='ocrx_word' id='word_1_480' title='bbox 1114 2724 1247 2764; x_wconf 83' lang='lat' dir='ltr'>fragore</span> <span class='ocrx_word' id='word_1_481' title='bbox 1278 2728 1446 2752; x_wconf 89' lang='lat' dir='ltr'>armorum</span> <span class='ocrx_word' id='word_1_482' title='bbox 1472 2717 1566 2749; x_wconf 83' lang='lat' dir='ltr'>blan-</span> 
     </span>
    </p>
   </div>
   <div class='ocr_carea' id='block_1_7' title="bbox 866 2775 1316 2813">
    <p class='ocr_par' dir='ltr' id='par_1_27' title="bbox 866 2775 1316 2813">
     <span class='ocr_line' id='line_1_102' title="bbox 866 2775 1316 2813; baseline -0.022 0"><span class='ocrx_word' id='word_1_483' title='bbox 866 2781 962 2813; x_wconf 84' lang='lat' dir='ltr'>diore</span> <span class='ocrx_word' id='word_1_484' title='bbox 978 2776 1193 2810; x_wconf 85' lang='lat' dir='ltr'>conficiebat.</span> <span class='ocrx_word' id='word_1_485' title='bbox 1219 2775 1316 2805; x_wconf 77' lang='lat' dir='ltr'>Idem.</span> 
     </span>
    </p>
   </div>
  </div>
 </body>
</html>
