1851 3213
261 224 374 268 1388

262 335 412 363 ratorem
429 333 629 364 Romanum.
654 333 751 365 Idem.

304 385 324 413 4
351 383 449 414 Omne
475 394 578 415 nemus
607 394 673 415 cum
686 384 813 424 fluviis]
851 383 968 414 Fluviis

262 442 331 464 non
367 435 571 465 inconcinne
614 434 715 465 datur
742 434 892 473 Laetitia,
928 439 965 464 ut

262 483 378 515 Graeci
405 484 524 515 Poetae
546 485 682 524 saepius,
699 489 733 515 et
759 494 875 515 eorum
895 486 965 515 imi-

260 534 391 564 tatione
410 534 490 565 alibi
507 540 632 565 noster.
663 535 777 565 Barth.

304 586 325 614 6
347 584 482 623 Ligures
497 584 605 621 favete
625 585 740 624 campi]
774 585 963 616 Mediolani

260 633 350 665 enim
376 633 474 664 factae
506 635 661 675 Nuptiae,
692 640 729 665 ut
758 641 894 667 constat
922 646 963 666 ex

258 689 423 726 sequente
441 685 538 716 libro.
563 686 661 717 Idem.

301 739 322 768 7
351 735 459 767 Veneti
485 737 616 777 montes]
655 737 831 778 Ligustici,
852 738 963 777 Euga-

258 789 396 830 neique.
423 789 521 819 Idem.

301 841 321 869 8
345 838 524 878 subitisque
538 848 569 868 se
583 838 706 877 rosetis]
731 839 858 878 Sponte
884 847 964 868 ena·

256 889 312 929 tis,
336 894 459 930 sponte
477 894 568 919 terra
585 888 844 928 prodeuntibus.

301 939 441 978 Roseus]
465 939 534 969 Ubi
552 939 693 970 consitae
722 949 818 970 rosa’.
862 939 964 969 Dice-

255 987 359 1020 batur
375 989 496 1019 Latine
513 993 549 1020 et
569 988 757 1020 Rosarium.
790 989 907 1020 Barth.

299 1041 321 1069 9
348 1038 484 1078 Vestiat]
511 1039 602 1070 Nihil
627 1038 841 1080 frequentius
865 1050 964 1080 quam

255 1093 360 1120 terrae
382 1089 533 1128 germina
547 1089 706 1120 vestitum
724 1090 798 1130 ejus
816 1091 966 1131 appella-

255 1139 294 1171 ri.
318 1140 418 1170 Idem.

301 1193 342 1221 12
369 1190 563 1230 Calamisque
572 1190 751 1231 flexuosus]
778 1192 838 1222 Est
855 1191 963 1222 flumi-

255 1240 317 1281 nis,
333 1250 400 1272 non
418 1241 624 1272 arundineti.
652 1243 748 1273 Idem.

297 1294 338 1323 14
362 1292 472 1322 Padus
497 1292 696 1332 electriferis]
731 1292 772 1322 In
797 1292 882 1322 Padi
900 1291 962 1322 flu-

254 1342 353 1372 minis
369 1342 452 1381 ripis
469 1342 550 1372 sitas
568 1342 706 1372 arbores
723 1342 888 1372 electrum
905 1341 962 1371 de·

255 1391 338 1423 flere
361 1397 458 1422 vetus
477 1399 525 1422 est
546 1393 689 1423 Fabula.
716 1394 817 1423 Idem.

299 1445 339 1472 16
365 1443 533 1482 Epulisque
555 1443 624 1480 jam
653 1443 785 1483 repleto]
824 1442 962 1474 Munifi-

255 1493 380 1533 centia,
404 1494 511 1524 videri
537 1495 618 1531 vult,
643 1501 677 1525 et
709 1495 838 1526 factum
856 1496 960 1526 etiam

253 1543 342 1575 forte
374 1549 439 1582 est,
469 1544 709 1585 Imperatoria.
764 1546 804 1576 In
833 1546 961 1586 nuptiis

252 1599 452 1636 magnatum
498 1596 660 1635 sportulae
707 1596 960 1634 dividebantur,

253 1651 323 1676 tam
351 1655 439 1676 carae
470 1645 561 1685 plebi
591 1646 821 1684 Romanae,ut
843 1656 960 1677 earum

253 1696 363 1736 gratia
380 1696 483 1726 etiam
499 1696 676 1734 Spoletum
691 1706 795 1737 usque
813 1707 886 1727 eam
902 1708 959 1728 ex·

251 1745 398 1776 currisse
417 1746 527 1775 tradat
556 1745 756 1777 Ammianus
788 1747 958 1778 Mareelli-

250 1796 363 1834 nus,l.
382 1803 456 1825 xlv.
483 1795 584 1826 Idem.

294 1847 335 1875 17
360 1845 494 1875 Resona
509 1845 635 1879 Quirite
647 1845 765 1885 Tibris]
790 1846 959 1882 Intelliuit

251 1895 341 1926 enim
365 1894 485 1925 festam
505 1896 620 1934 populi
640 1897 850 1936 voluptatem
864 1898 958 1928 exbi-

250 1946 324 1978 bita
341 1947 484 1986 nuptiali
499 1947 662 1986 sportula.
709 1948 750 1979 Q.
767 1947 956 1987 Symmaeli.

252 1997 312 2028 lib.
334 2007 383 2028 1v.
411 1998 510 2038 epist.
529 2007 602 2030 xlv.
637 1999 764 2029 ‘honor
791 2001 955 2040 sportulae

253 2048 501 2089 suscipiendae?
524 2050 668 2089 Dempst.

296 2101 335 2129 18
359 2099 548 2139 Domim‘que
573 2100 646 2130 loeta
673 2100 767 2140 rutis]
807 2101 891 2131 Cum
915 2111 956 2132 ex

249 2149 413 2180 immenso
431 2150 565 2189 agmine
584 2151 771 2190 puellarum
790 2162 854 2182 una
878 2162 958 2183 uxo-

251 2209 322 2230 rem
346 2200 491 2230 ducturo
517 2201 715 2240 eligeretur,
738 2212 883 2242 quacum
911 2202 955 2232 vi-

251 2254 322 2281 tam
368 2260 461 2280 suam
508 2251 723 2291 transigeret,
769 2253 956 2284 doctissimi

250 2300 436 2339 scriptores·
464 2304 532 2331 vota
551 2311 611 2340 pro
636 2302 717 2341 ipsis
746 2303 886 2342 Nuptiis
904 2314 956 2334 ac-

251 2357 429 2390 ceperunt,
457 2351 503 2379 uti
521 2351 584 2380 hoc
613 2362 746 2392 quoque
777 2354 850 2383 loco
875 2358 956 2384 vota

249 2400 395 2432 Honorii
418 2400 501 2431 facit
529 2401 665 2431 domum
692 2402 808 2432 ductio
832 2403 954 2434 Mariae

248 2451 470 2483 Stilichoniae.
494 2452 609 2482 Barth.

294 2504 334 2532 19
356 2502 462 2532 Aurea
477 2503 748 2544 septemgeminas]
773 2502 920 2534 Auream
936 2515 954 2535 a

249 2551 431 2592 splendore
461 2559 655 2583 aurznorum
686 2555 888 2594 templorum
906 2556 953 2586 di-

249 2602 308 2634 cit.
353 2601 514 2641 Rutilius,
528 2602 686 2634 Itinerar.
703 2613 727 2634 1.
752 2605 851 2635 Idem.

291 2654 333 2682 20
360 2653 490 2683 Cor-meet
507 2652 606 2691 arces]
631 2654 733 2684 Festo
747 2664 853 2688 more.
899 2656 954 2685 In-

251 2702 453 2743 telliguntur
485 2710 576 2734 serta
619 2704 796 2745 nuptialia,
833 2705 954 2746 quibus

248 2758 366 2796 postes
380 2753 504 2785 aedium
516 2753 755 2797 cingebantur,
764 2755 859 2787 novis
871 2765 956 2797 nup-

1009 839 1131 879 juncto
1160 839 1299 879 Jupiter
1312 839 1333 869 :'

504 236 647 267 NOTAE
682 237 944 269 VARIORUM
980 238 1031 268 IN
1065 237 1141 269 GL.
1175 238 1356 268 CLAUD.
1390 236 1483 268 Xll.

1017 334 1060 365 tis
1076 333 1333 364 destinatorum.
1360 333 1455 364 Idem.

1059 388 1097 415 21
1125 384 1222 424 Iberi]
1260 384 1438 424 Hispania.

1015 435 1214 466 Theodosio.
1263 435 1361 465 Idem.

1058 489 1099 516 22
1126 486 1210 517 Fluit
1227 488 1305 516 vmle
1330 495 1429 515 semen
1457 483 1550 523 unloe]
1595 483 1652 514 Ita
1675 483 1723 514 le·

1016 537 1242 576 gendumjam
1270 537 1322 566 alii
1340 540 1557 573 monuerunt,
1575 544 1638 566 nec
1654 534 1721 565 dis-

1015 588 1165 617 sentiunt
1195 587 1314 627 s‹·ripti
1346 586 1464 617 nostri.
1510 585 1622 623 Vulgo
1640 584 1722 622 fuit.

1016 637 1132 667 Laude
1159 638 1315 668 Serence:
1343 638 1467 667 ‘series
1492 637 1543 667 his
1569 635 1721 666 fontibus

1015 689 1101 719 AElia
1116 688 1239 719 fluxit?
1277 688 1419 725 Statius,
1436 687 1545 717 Theb.
1563 696 1604 717 11.
1633 687 1642 703 ‘
1656 685 1723 717 tibi

1015 740 1111 778 larga
1128 739 1254 778 Pelops
1271 744 1306 769 et
1326 738 1486 768 Tantalus
1504 742 1625 768 auctor
1651 736 1722 767 No-

1017 788 1144 827 bilitas,
1162 789 1368 828 propiorque
1396 787 1473 818 finit
1496 788 1538 818 de
1555 786 1721 827 sanguine

1363 842 1399 869 et
1424 839 1483 868 lib.
1498 848 1522 869 1.
1567 838 1576 854 ‘
1595 837 1723 869 Aonias

1016 889 1152 929 sanguis
1167 888 1243 919 fluit
1268 889 1324 919 hic
1349 889 1391 918 ab
1407 889 1537 929 origiue
1563 887 1723 919 Thebas.’

1016 944 1052 970 et
1080 949 1179 970 mox:
1219 939 1340 969 ‘Unde
1372 948 1491 979 genus,
1522 948 1598 979 quae
1631 943 1723 969 terra

1017 990 1108 1029 mihi,
1131 989 1204 1030 quis
1221 987 1349 1020 defluat
1374 988 1456 1018 ordo
1476 987 1655 1028 Sanguinis
1669 997 1726 1019 an·

1018 1039 1102 1080 tiqui
1117 1039 1211 1080 piget
1227 1039 1319 1070 inter
1334 1048 1430 1069 sacra
1448 1037 1573 1069 fateri.’
1597 1039 1725 1069 Noster

1017 1091 1050 1121 in
1076 1091 1222 1130 Eutrop.
1248 1089 1335 1120 libro
1353 1099 1394 1120 11.
1429 1091 1437 1106 ‘
1453 1089 1604 1130 geminas
1632 1089 1722 1120 inter

1016 1142 1188 1173 discordia
1213 1147 1326 1183 partes
1354 1142 1431 1173 Hoc
1456 1146 1594 1172 auctore
1610 1140 1687 1172 fluit
1701 1139 1723 1172 :’

1015 1193 1183 1233 quomodo
1216 1193 1284 1223 illic
1322 1193 1460 1223 videtur
1491 1191 1722 1223 scribendum.

1019 1244 1059 1273 D.
1080 1243 1192 1274 Heius.

1058 1294 1164 1333 Aulce]
1188 1294 1313 1324 Domui
1331 1294 1462 1333 Regali,
1480 1293 1629 1333 familiae,
1645 1292 1722 1325 stir-

1014 1344 1060 1384 pi.
1108 1343 1223 1374 Barth.

1057 1397 1096 1424 24
1122 1394 1257 1434 Imperio
1277 1393 1359 1432 foeta
1374 1393 1496 1434 domus]
1531 1394 1721 1434 Imperato-

1015 1444 1119 1474 ribus.
1146 1444 1244 1474 Idem.

1057 1497 1096 1524 25
1128 1494 1192 1525 Vix
1209 1497 1350 1525 numerat
1366 1495 1554 1537 triumphos]
1581 1495 1669 1526 Sane
1693 1496 1722 1527 si

1014 1544 1150 1584 penitus
1182 1555 1235 1576 res
1273 1545 1454 1577 Theodosii
1493 1546 1720 1587 introspicere

1013 1595 1110 1626 velis.
1136 1595 1231 1626 Idem.

1056 1648 1096 1675 27
1122 1646 1233 1676 Puella
1250 1647 1396 1687 matrem]
1429 1647 1592 1678 Serenam
1624 1647 1722 1679 nimi-

1011 1704 1096 1725 rum.
1142 1696 1329 1727 Theodosii
1349 1697 1483 1728 domum
1508 1698 1682 1729 laudatam
1700 1708 1720 1729 a

1010 1743 1184 1775 foeminiuo
1200 1746 1302 1777 etiam
1321 1757 1405 1778 sexu
1432 1747 1518 1782 vide,
1537 1749 1570 1778 iu
1599 1748 1720 1780 Laudi-

1012 1795 1073 1825 bus
1097 1795 1196 1835 hujus
1214 1796 1364 1828 Serenae.
1410 1797 1500 1828 Inibi
1527 1799 1715 1830 sunthaec:

1009 1845 1117 1876 ‘Haec
1146 1852 1288 1887 generat
1317 1848 1373 1888 qui
1415 1853 1541 1879 cuncta
1572 1852 1717 1888 regunt;

1010 1905 1072 1926 nec
1089 1896 1189 1926 laude
1217 1898 1366 1928 virorum
1385 1898 1524 1929 Censeri
1551 1904 1717 1930 contenta

1008 1944 1087 1984 fuit,
1107 1946 1169 1976 nisi
1186 1948 1350 1978 matribus
1368 1958 1465 1989 teque
1482 1949 1662 1989 Viuceret,
1679 1954 1717 1980 et

1009 1997 1143 2035 gemino
1161 1999 1318 2028 certatim
1336 1998 1515 2038 splendida
1527 2009 1607 2029 sexu
1621 2000 1719 2031 Flac·

1009 2048 1133 2087 cillam,
1161 2049 1376 2090 Mariamque
1401 2049 1509 2090 daret,
1525 2050 1716 2090 pulchram·

1009 2108 1074 2140 que
1090 2099 1276 2129 Serenam.'
1325 2100 1424 2132 Idem.

1050 2152 1091 2180 29
1119 2152 1294 2180 Coesureum
1322 2151 1492 2192 flumineo]
1539 2151 1594 2183 Sic
1639 2161 1716 2183 cum

1009 2200 1152 2230 Bai-thio
1177 2201 1369 2232 Gronovius
1398 2201 1585 2233 Observat.
1610 2211 1668 2234 111.
1685 2205 1717 2233 9.

1008 2257 1115 2282 recte.
1162 2252 1337 2282 Cluverius
1348 2251 1496 2287 foemz‘neo
1511 2263 1521 2283 .·
1543 2253 1632 2293 quod
1649 2254 1715 2284 δευ-

1005 2300 1090 2341 τέραι
1119 2303 1279 2342 φροντίδες
1310 2304 1442 2334 Bartliii
1479 2310 1607 2335 temere
1637 2310 1717 2336 sunt

1007 2352 1187 2392 atriplexae,
1205 2353 1343 2383 mininie
1362 2354 1532 2393 prioribus
1549 2355 1613 2385 hoc
1642 2355 1716 2387 loco

1233 2403 1359 2443 Scripti
1388 2403 1459 2435 fere
1487 2413 1602 2435 omnes
1617 2405 1715 2445 flam-

1485 381 1587 413 Unde
1613 391 1720 422 genus

1005 2400 1188 2442 σοφωτέραι.

1005 2463 1088 2483 meo:
1112 2458 1260 2483 anteum
1280 2454 1603 2494 vulgatisflamineo:
1628 2455 1714 2486 dixi-

1004 2513 1077 2533 mus
1090 2503 1131 2533 ad
1140 2512 1188 2533 1v.
1202 2504 1302 2533 Cons.
1318 2504 1408 2534 Hou.
1419 2513 1466 2534 vs.
1477 2506 1531 2534 20.
1546 2504 1590 2534 D.
1603 2504 1715 2538 Heius.

1050 2553 1400 2593 Coesareumflumineo]
1439 2554 1517 2584 Non
1535 2557 1714 2596 minorem,

1005 2613 1101 2643 quain
1120 2604 1223 2642 ipsius
1251 2604 1295 2633 sit
1323 2603 1480 2642 Caesaris,
1497 2605 1712 2637 nobilitatem

1006 2664 1066 2694 per
1086 2654 1299 2694 agnationem
1329 2655 1422 2686 dicat
1451 2657 1608 2696 Sponsae,
1636 2667 1712 2699 quae

1005 2704 1047 2735 de
1065 2704 1164 2735 domo
1190 2705 1349 2736 Caesarea
1375 2716 1436 2746 per
1457 2717 1576 2739 sexum
1605 2707 1713 2740 foemi·

1005 2765 1104 2787 neum
1129 2756 1277 2798 prodita,
1304 2762 1460 2790 recurrat
1487 2759 1523 2790 in
1553 2759 1711 2801 eandem,
