1851 3213
318 210 430 251 1106

749 222 822 252 CL.
855 221 1139 254 CLAUDIANI
1174 222 1357 252 XLVIII.

319 314 531 355 Pronuba
549 314 593 356 fit
616 314 787 357 Natura
805 316 933 365 Deis,
955 315 1199 369 ferrumque
1220 316 1393 356 maritat

318 378 444 423 Aura
464 385 623 422 tenax:
656 383 813 424 subitis
830 384 1053 424 sociantur
1074 383 1269 423 Numina
1289 383 1431 423 furtis.

318 446 432 497 Quis
452 449 569 490 calor
589 449 748 490 infudit
769 451 949 501 geminis
972 450 1137 490 alterna
1159 450 1348 490 metallis

1718 450 1774 491 40

320 513 509 556 Foedera
526 517 543 555 2
576 529 675 569 quae
697 517 825 556 duras
840 516 987 569 jungit
1007 516 1242 556 concordia
1263 519 1428 555 mentes
1445 516 1463 555 'l

320 580 503 633 Flagrat
526 582 681 623 anhela
703 583 831 632 silex,
850 586 892 623 et
911 583 1096 624 amicam
1119 584 1272 623 saucia
1293 583 1423 623 sentit

319 646 564 694 Materiem,
581 648 874 702 placidosque
891 650 1073 704 chalybs
1093 651 1317 702 cognoscit
1336 662 1520 691 amores.

319 712 395 754 Sic
415 714 566 755 Venus
588 716 834 756 horrificum
855 717 959 756 belli
981 729 1259 768 compescere
1280 716 1460 768 Regem,

321 781 376 821 Et
399 781 518 821 vultu
540 782 707 822 mollire
725 782 851 830 solet,
876 795 973 822 cum
996 783 1206 833 sanguine
1225 795 1425 835 praeceps

1718 784 1776 824 45

318 847 511 896 [Estuass
535 852 577 888 et
598 848 758 888 strictis
779 848 1060 889 mucronibus
1081 855 1254 902 asperat
1272 849 1377 889 iras.

316 988 453 1018 allicitur
474 988 604 1020 nexibus
619 989 744 1020 secretis
760 988 866 1020 uxoris
892 1000 962 1021 snae
985 1000 1126 1028 gemmoe.
1174 990 1301 1021 Natura
1313 990 1359 1031 fit
1377 989 1519 1031 pronuba
1535 990 1610 1021 Diis
1633 989 1774 1032 duobus,

317 1035 347 1061 et
363 1030 492 1071 spiritus
506 1033 643 1062 vinciens
657 1033 777 1072 copulat
781 1032 916 1070 ferrum.
964 1033 1025 1063 Dii
1041 1033 1088 1063 illi
1102 1032 1331 1072 conjunguntur
1348 1043 1461 1064 amore
1466 1032 1590 1071 furtivo
1602 1034 1772 1074 repentino.

317 1074 434 1112 Ecquis
457 1075 550 1105 ardor
575 1075 691 1105 indidit
717 1075 889 1105 amicitiam
909 1079 1047 1106 mutuam
1070 1076 1203 1106 metallis
1224 1074 1363 1107 duobus?
1385 1086 1452 1116 quoe
1474 1076 1630 1107 consensio
1650 1077 1773 1116 copulat

313 1116 431 1146 animos
444 1115 589 1156 asperos?
616 1117 720 1157 Rupes
737 1118 829 1148 velut
853 1118 1012 1157 suspirans
1032 1119 1133 1157 ardet,
1155 1121 1185 1148 et
1211 1119 1371 1149 vulnerata
1387 1119 1482 1149 sentit
1509 1120 1671 1150 materiam
1691 1118 1774 1150 ferri

313 1161 477 1198 «ouantem,
499 1162 528 1189 et
548 1158 674 1197 ferrum
699 1160 839 1199 agnoscit
860 1170 978 1191 amores
1002 1161 1192 1201 tranquillos.
1238 1161 1290 1191 sta
1311 1161 1411 1192 Venus
1436 1161 1590 1192 consuevit
1611 1163 1718 1193 sedare
1741 1166 1773 1193 et

316 1200 412 1232 lenire
426 1205 551 1242 aspecta
573 1212 633 1233 suo
650 1202 769 1242 Regem
793 1202 863 1234 belli
884 1203 1065 1244 terribilem,
1088 1214 1156 1234 cum
1180 1202 1324 1244 abreptus
1343 1213 1449 1235 cruore
1465 1203 1590 1245 flagrat
1612 1207 1642 1235 et
1662 1203 1773 1236 irritat

927 1299 1161 1310 eeeeeeeeeeee

313 1360 393 1391 Vat.
410 1370 478 1392 sec.
496 1361 579 1394 Exc.
596 1362 694 1400 Laeffi,
712 1363 765 1394 ed.
781 1363 896 1394 Parm.
912 1363 1045 1394 Ari-anis
1060 1364 1140 1394 Var.
1159 1364 1224 1394 LL.
1242 1373 1260 1394 e
1288 1373 1393 1403 marg.
1416 1364 1529 1394 Parm.
1548 1363 1683 1401 geminis
1708 1373 1769 1404 pro

312 1412 435 1440 gemma
456 1404 550 1435 Rott.
576 1406 702 1443 gemina
717 1407 814 1436 Voss.
844 1406 969 1436 Moret.
998 1408 1136 1444 pun—40
1158 1407 1239 1436 color
1254 1406 1377 1436 Petav.
1404 1416 1455 1446 pr.
1481 1404 1599 1443 infudit
1614 1406 1693 1437 vat.
1720 1416 1772 1447 pr.

314 1444 407 1475 Med.
425 1455 493 1477 sec.
510 1446 626 1479 Ambr.
644 1457 693 1487 pr.
714 1448 841 1479 Buslid.
859 1449 937 1479 Vat.
958 1447 1152 1479 Livin.—41
1175 1448 1276 1479 nutrit
1300 1449 1460 1479 concordia
1483 1448 1576 1479 Med.
1592 1457 1662 1479 sec.
1689 1448 1770 1481 Pnt.

314 1488 393 1517 Var.
411 1489 477 1519 LL.
505 1489 558 1520 ed.
578 1489 682 1521 Antv.
709 1501 752 1521 m.
783 1493 918 1531 p=·.--42
941 1490 1035 1522 sensit
1062 1490 1166 1522 Hafn.
1182 1491 1481 1522 Amb1·.te1·t.—43
1508 1491 1677 1521 Materiam
1691 1491 1772 1523 vat.

313 1539 364 1568 pr.
391 1535 427 1561 et
453 1541 518 1562 sec.
536 1532 641 1564 Oisel.
659 1534 741 1564 Exc.
759 1533 857 1564 Laeti.
876 1533 1045 1564 Materiem
1068 1533 1216 1564 Florent.
1241 1534 1305 1564 inc.
1332 1534 1449 1564 Heius.
1467 1533 1546 1565 Put.
1569 1533 1636 1564 dno
1649 1534 1769 1565 Petav.

313 1573 443 1604 Bonon.
460 1573 578 1605 Ambr.
594 1579 674 1606 tert.
696 1575 822 1606 BuslId.
842 1576 924 1607 Cod.
950 1575 1067 1616 Epigr.
1086 1575 1202 1606 Ambr.
1218 1576 1302 1606 Exc.
1320 1576 1461 1606 Lucens.
1492 1585 1542 1615 pr.
1567 1575 1646 1607 Ald.
1671 1577 1769 1616 placi-

311 1616 441 1654 dumque
470 1626 497 1646 c.
514 1626 542 1647 c.
564 1627 696 1648 amorem
722 1617 802 1648 Pnt.
818 1619 898 1648 Var.
926 1618 991 1648 LL.
1018 1618 1070 1648 ed.
1088 1621 1191 1649 Antv.
1221 1618 1409 1658 placitosque
1438 1619 1520 1649 Exc.
1552 1619 1652 1659 Laeti,
1677 1619 1770 1659 quod

314 1657 428 1696 placet
452 1658 606 1690 Heinsio.
628 1660 824 1699 placidusque
840 1660 970 1690 Buslid.
987 1661 1044 1700 qui
1071 1666 1105 1690 et
1129 1670 1262 1691 amorem
1281 1661 1390 1691 habet.
1415 1661 1548 1700 ignoscit
1566 1661 1640 1692 vat.
1657 1661 1770 1693 Livin.

310 1699 443 1738 ignescit
480 1701 534 1731 vel
569 1702 710 1741 agnoscit
742 1702 949 1743 conjiciebat
978 1702 1233 1735 Heinsius—44
1268 1703 1453 1741 horriferum
1481 1703 1698 1735 Buslid.—45
1723 1704 1770 1735 Et

311 1741 564 1774 multumOisel.
589 1745 706 1775 vultum.
719 1745 799 1776 Vat.
829 1755 880 1785 pr.
911 1745 994 1776 Exc.
1026 1745 1122 1776 Laeti.
1148 1747 1234 1776 vultu
1262 1746 1410 1777 Florent.
1440 1747 1506 1776 inc.
1536 1746 1656 1777 Heins.
1686 1746 1767 1778 Put.

313 1784 433 1815 Petav.
460 1795 511 1825 pr.
528 1786 658 1817 Bonon.
676 1786 792 1818 Ambr.
817 1793 895 1818 tert.
921 1788 1045 1818 Moret.
1075 1798 1125 1828 pr.
1155 1788 1283 1819 anlid.
1307 1789 1391 1820 Cod.
1416 1789 1532 1829 Epigr.
1555 1787 1768 1821 An1b1·.Va1·.

315 1827 380 1857 LL.
397 1827 450 1858 ed.
470 1827 658 1860 :imm—46
680 1830 800 1860 strictis
816 1830 894 1860 Vat.
921 1839 971 1870 pr.
990 1830 1073 1861 Exc.
1091 1831 1188 1861 Laeti.
1216 1831 1320 1862 tristes
1339 1831 1404 1862 (luo
1419 1832 1516 1862 Vatt.
1543 1830 1648 1862 Hafn.
1672 1831 1766 1864 Rott.

314 1870 420 1901 Oisel.
439 1871 588 1901 Florem.
606 1872 673 1902 inc.
692 1872 810 1903 Heius.
829 1873 909 1903 Put.
936 1873 1002 1903 duo
1019 1873 1142 1903 Petav.
1160 1874 1290 1904 Bonon.
1319 1874 1437 1905 Ambr.
1462 1876 1546 1904 terti
1560 1874 1688 1905 Moret.
1717 1883 1769 1914 pr.

313 1911 424 1944 Oxou.
441 1922 508 1944 see.
526 1914 656 1945 Buslid.
674 1915 758 1946 Cod.
784 1916 898 1956 Epigr.
917 1913 1032 1946 Ambr.
1059 1916 1144 1947 Exc.
1172 1916 1252 1948 Pat.
1281 1926 1347 1948 rec.
1367 1917 1507 1948 Lucens.
1531 1926 1582 1957 pr.
1597 1917 1678 1948 Var.
1695 1917 1772 1948 LL.

969 2023 1109 2056 NOTAE

308 2103 388 2134 tii-is
401 2107 616 2147 complexibus,
640 2107 792 2150 intellige
813 2108 905 2140 vivos
921 2108 1008 2141 refe-

310 2157 472 2188 rentibus..

352 2209 392 2236 38
416 2208 577 2249 Pronuba]
603 2210 766 2241 Pronuba
781 2216 844 2250 est,
862 2222 936 2253 quae
953 2212 1009 2244 de-

308 2255 405 2288 ducit
419 2267 539 2288 novam
564 2264 704 2300 nuptam
721 2260 755 2291 in
773 2261 908 2293 domum
933 2262 1007 2292 viri.

308 2305 376 2336 Hic
406 2310 518 2338 natura
546 2310 683 2347 pronuba
707 2310 845 2351 dicitnr,
871 2312 950 2353 quia
973 2322 1009 2343 u-

307 2360 463 2397 tramque
490 2363 634 2389 statuam
659 2360 797 2399 animat,
822 2366 858 2392 et
880 2362 915 2392 in
938 2372 1008 2392 mu-

309 2408 401 2435 tuum
418 2407 632 2445 complexum
644 2408 750 2440 ducit.

350 2458 392 2486 39
416 2456 536 2497 Furiis]
570 2459 656 2489 Quia
687 2459 761 2490 duae
793 2465 916 2492 statuae
941 2460 1009 2492 fur-

308 2505 379 2543 tim,
395 2516 454 2536 seu
471 2506 597 2538 furtivo
615 2519 729 2541 amore
745 2510 1006 2550 conjunguntur.

347 2558 390 2587 40
417 2557 570 2597 Metallis]
602 2559 736 2590 Metalli
761 2570 883 2590 nomen
909 2561 1008 2591 latius

307 2613 504 2647 usurpatum
520 2608 681 2639 tribuitur
697 2614 731 2640 et
746 2610 912 2650 Magneti.

347 2658 387 2686 41
413 2657 550 2698 IiIentes]
574 2659 733 2690 Barthius
761 2661 855 2701 legit,
878 2665 1005 2702 montes,

305 2707 339 2738 id
356 2712 421 2747 est,
438 2718 512 2749 quae
527 2710 834 2751 concordiajungit
855 2711 1006 2751 lapidem

305 2763 340 2790 et
355 2757 496 2800 ferrum,
511 2763 689 2803 utrumque
706 2770 749 2792 ex
771 2765 887 2793 monte
911 2762 1004 2793 avul-

1065 2120 1160 2148 sum;
1189 2111 1306 2152 sicque
1333 2110 1470 2151 ponitur
1496 2119 1574 2151 pars
1598 2119 1659 2151 pro
1683 2111 1766 2141 toto.

1065 2161 1245 2201 Ingenium
1283 2171 1349 2192 non
1386 2161 1473 2191 male
1510 2160 1684 2191 diceretur
1721 2159 1765 2191 de

1065 2212 1241 2252 Magnete,
1268 2211 1375 2242 rarius
1394 2220 1499 2249 mens,
1521 2210 1585 2242 nisi
1611 2209 1700 2241 forte
1716 2210 1768 2241 in·

1065 2262 1197 2302 telligas
1221 2260 1347 2292 ferrum
1379 2265 1525 2292 tractum
1555 2271 1575 2291 a
1597 2261 1765 2301 Magnete

1063 2311 1204 2349 moveri,
1220 2311 1312 2352 quasi
1328 2315 1476 2341 mentem
1489 2310 1644 2342 haberet.

1106 2363 1147 2392 42
1172 2360 1293 2391 Anhela
1317 2360 1412 2400 silex]
1447 2360 1552 2393 Quasi
1578 2360 1763 2392 anhelitum

1063 2415 1099 2442 et
1114 2411 1295 2451 suspirium
1312 2415 1470 2442 emittat:
1497 2410 1642 2442 Ovidius
1665 2411 1765 2453 dixit,

1061 2461 1071 2478 ‘
1085 2461 1207 2500 rigidos
1223 2460 1354 2492 silices!

1103 2513 1144 2542 43
1171 2511 1319 2552 Chalybs]
1354 2510 1423 2542 Alii
1446 2512 1576 2551 legunt,
1588 2511 1762 2552 placitoque

1060 2559 1183 2601 chalybs
1205 2560 1336 2599 ignescit
1361 2570 1477 2599 amore,
1498 2560 1592 2601 quasi
1619 2559 1760 2600 chalybs

1060 2611 1187 2650 placito
1203 2616 1238 2642 et
1250 2617 1346 2650 grato
1361 2620 1475 2641 amore
1487 2609 1660 2651 flagraret.
1683 2611 1760 2641 Vir·

1059 2661 1178 2700 gilius:
1212 2661 1416 2693 ‘Placitone
1450 2660 1552 2692 etiam
1590 2659 1758 2703 pugnabis

1059 2710 1164 2743 amori
1175 2710 1196 2743 Ρ
