1852 3182
576 214 628 248 {N
665 218 898 248 RUFINUM
936 219 1030 247 mn.
1058 219 1113 248 U.

118 318 184 347 nu!
211 325 266 347 ui.
284 315 317 345 iu
335 313 463 345 Stilicb.
488 314 495 328 ‘
515 311 698 342 Accelcrot
715 311 822 341 divisa

117 365 261 396 uranus!
300 365 469 396 Caeternm
488 362 518 391 in
534 362 641 401 primo
656 362 822 391 Vaticano

120 425 182 455 pro
200 415 333 446 diversa
351 413 496 443 lectione
507 412 657 442 Dimenso
666 415 729 442 stat
742 412 824 452 ‘luis-

117 475 176 505 que
191 466 274 499 Ioco,·
297 463 472 501 eleganter
485 460 661 502 profecto:
689 471 824 502 quomo-

122 515 165 546 do
189 514 277 555 apud
305 513 425 553 virgil.
453 512 487 543 in
517 513 646 553 Georg.
672 517 680 530 ⁴
701 513 825 544 Omnia

123 565 189 595 sint
223 563 356 604 paribus
393 563 541 593 numeris
571 563 725 593 dimensa
760 563 823 593 via-

122 613 228 645 rumz'
259 617 293 643 et
318 613 327 629 ⁴
344 613 435 643 orbis
460 614 564 643 certis
592 614 749 653 partibus
778 612 826 643 di-

121 663 265 696 mensus'
293 663 382 703 apud
411 664 568 695 eundem.
616 665 774 694 Bartliius
793 673 826 692 e-

116 713 272 754 mendat,
292 714 334 745 Ut
343 714 431 753 jusso
447 717 508 744 stac
526 714 650 754 quisque
666 714 741 744 loco.
781 714 825 745 D.

122 763 242 795 Heius.

165 816 227 845 363
255 813 298 844 Et
310 813 414 853 jasen]
448 814 530 845 Tam
556 814 642 845 certi
671 814 745 853 loca
769 823 829 845 sua

121 869 306 904 occupant,
322 873 361 894 ac
378 864 405 894 si
422 864 590 905 quispiam
603 873 752 904 praesens
765 863 830 893 sin-

123 914 219 955 gulos
245 914 427 946 ordinarit.
475 914 685 955 Expeditam
712 915 831 945 celeri-

125 969 232 995 tatem
246 974 286 995 ea
303 964 408 995 lectio
425 965 653 1002 commendat,
670 974 745 995 cum
764 965 831 994 lau-

126 1015 168 1046 de
195 1016 331 1047 occulta
352 1015 559 1056 Stilichonis,
584 1016 624 1046 ad
649 1016 746 1056 cujus
772 1025 831 1045 uu-

127 1072 197 1096 tum
215 1066 318 1097 etiam
345 1066 498 1097 absentis
526 1075 603 1095 suos
617 1065 753 1095 ordines
778 1074 831 1095 oc-

126 1117 299 1156 cupabant
316 1116 462 1147 scilicet.
501 1116 617 1146 Barth.

168 1166 282 1197 Divisa
298 1167 363 1196 stat
379 1165 504 1205 quisque
520 1165 599 1204 loco]
633 1165 674 1195 In
702 1165 835 1196 simula-

128 1217 172 1248 tis
189 1216 268 1247 belli
286 1215 426 1247 ludicris
447 1216 496 1247 ita
520 1216 770 1246 exercebantur
786 1222 833 1256 ty-

129 1275 242 1306 roneS,
260 1271 299 1298 nt
315 1276 383 1297 non
399 1266 504 1307 magis
529 1267 604 1298 loco
620 1266 759 1305 cedere,
776 1274 835 1298 aut

128 1317 312 1348 stationem
341 1316 503 1347 deserere
527 1317 660 1356 liceret,
689 1326 787 1358 quam
809 1317 835 1347 si

131 1378 185 1399 res
202 1378 283 1399 vera
300 1373 470 1408 ageretur.
505 1366 684 1405 Asconius,
700 1372 735 1398 et
752 1366 836 1397 illud

131 1427 170 1449 11.
185 1417 417 1450 Catilinariae:
442 1418 450 1434 ‘
466 1418 540 1448 loco
555 1417 612 1447 ille
629 1422 740 1448 motus
755 1421 807 1447 cst
818 1419 837 1447 :'

131 1469 322 1500 deseruisse
348 1473 461 1499 autem
491 1467 674 1498 stationem
701 1468 734 1498 in
764 1468 837 1498 acie

135 1519 302 1560 capitale:
329 1517 387 1549 sed
403 1522 484 1548 nota
496 1518 570 1548 baec
583 1521 672 1548 sunt.
690 1517 837 1557 Dempst.

175 1572 239 1600 366
267 1569 448 1600 Veneranda
468 1568 557 1608 prior
572 1568 686 1598 vexilla
704 1566 839 1606 salutat]

134 1619 214 1650 Non
243 1618 322 1659 quia
348 1617 468 1648 Crucis
495 1626 628 1647 sacrum
654 1618 688 1648 iu
712 1616 752 1646 iis
775 1616 840 1656 sig-

132 1678 212 1700 num
230 1672 317 1708 erat,
331 1667 384 1697 vel
411 1667 592 1705 Labarum,
617 1672 654 1698 ut
672 1667 841 1707 interpres

134 1719 312 1752 Claverius
336 1719 455 1757 voluit,
483 1717 544 1748 sed
568 1727 608 1748 ex
632 1727 724 1748 more
741 1727 841 1758 quem

132 1770 307 1812 principes
324 1768 542 1800 Exercitibus
567 1767 763 1806 servabant,
778 1768 843 1808 pri-

136 1832 227 1854 mum
244 1826 322 1862 post
338 1826 474 1861 tempus
491 1819 629 1861 aliquod
652 1820 739 1850 visos
756 1820 844 1850 salu-

130 1878 226 1912 sare,
251 1880 286 1903 et
312 1881 404 1904 more
422 1875 626 1902 caeterorum
644 1871 844 1901 commilito-

132 1933 218 1955 num
236 1923 335 1963 signa
348 1921 517 1953 venerari.
540 1921 658 1952 Barth.

181 1977 243 2006 367
271 1975 336 2010 Qui
353 1973 469 2011 fallere
493 1976 603 2004 cuncta
618 1972 748 2012 solebat]
778 1973 846 2008 Quo

139 2025 328 2057 Barthius:
361 2024 540 2056 confirmat
564 2024 750 2055 Vaticanus
782 2024 848 2064 pri·

141 2085 227 2106 inus.
263 2076 312 2107 D.
328 2075 442 2106 Heius.

185 2128 248 2156 369
273 2125 407 2156 Nomine
424 2134 568 2165 quemque
584 2124 709 2164 vocans]
753 2124 850 2155 Vocat

141 2176 226 2208 Luc.
243 2175 384 2216 Gyrald.
401 2180 437 2206 et
455 2175 551 2215 prim.
568 2175 725 2205 Vatican.
750 2175 849 2206 Idem.

187 2225 324 2256 Nomine
339 2235 485 2265 quemque
505 2225 627 2264 vocans]
663 2224 852 2265 Imperato-

138 2286 217 2307 rum
244 2285 449 2307 summorum
482 2285 588 2315 more,
618 2276 674 2316 qui
711 2276 852 2306 student

136 2326 376 2366 maximopere
405 2325 608 2365 insigniores
633 2326 776 2356 militnm
793 2335 852 2356 no-

145 2377 235 2408 mine
251 2385 363 2415 nosse,
389 2375 483 2406 facta
510 2376 708 2406 memoriter
735 2386 854 2408 recem

138 2437 220 2459 ,sere
238 2436 348 2467 posse.
393 2427 449 2457 Sic
466 2427 507 2457 dc
528 2426 719 2457 Stilichone
736 2431 854 2457 noster

145 2477 206 2509 lib.
225 2487 264 2509 11.
281 2477 291 2495 ‘
302 2486 495 2518 mensaeque
507 2477 705 2515 adhibes‚et
718 2478 853 2507 nomine

142 2537 314 2570 ,quemque
328 2528 534 2568 ConipellaS‚
547 2528 632 2558 clari
643 2528 705 2558 sub
720 2534 751 2558 te
764 2527 854 2569 quod

147 2583 302 2619 gesserat
317 2578 396 2609 olim
414 2578 620 2609 Admonitor
635 2577 747 2609 facti)
797 2578 854 2609 Sic

145 2629 314 2660 Salustius
330 2629 372 2659 de
389 2629 438 2659 M.
454 2629 608 2660 Petreio.
644 2629 760 2660 Barth.

146 2700 151 2703 -
197 2680 352 2720 Notosque
370 2683 546 2721 patresque,
568 2681 635 2721 3⁸12]
668 2681 800 2711 Milites
824 2690 857 2711 a-

153 2728 224 2768 pud
239 2728 411 2770 Tacitum,
437 2740 547 2772 neque
569 2731 737 2772 conjugiis
753 2731 857 2762 susci-

155 2777 301 2820 piendis,
314 2787 426 2821 neque
440 2780 557 2812 liberis
573 2780 703 2812 alendis
720 2781 858 2813 assueti.

1467 212 1484 252 1
1495 211 1580 254 293

874 311 1036 342 Claudius
1066 320 1146 341 vero
1177 311 1264 351 Imp.
1295 312 1473 351 militibus,
1503 316 1581 356 quia

876 370 1000 391 uxores
1017 361 1144 391 babere
1169 369 1238 390 uon
1256 365 1498 401 poterant‚jus
1515 375 1582 396 ma-

875 411 1016 440 ritorum
1034 420 1076 440 ex
1099 411 1171 449 lege
1196 410 1348 450 indulsit,
1370 416 1405 442 nt
1426 413 1492 443 Dio
1509 425 1584 454 pro-

877 461 946 491 bat.
973 462 1095 491 Clarer.

920 513 978 541 :371
1010 512 1190 542 Exlenrlere
1220 510 1342 551 longos]
1380 512 1461 542 Non
1485 514 1586 543 insen<

875 561 947 591 dere
973 561 1057 592 Luc.
1085 565 1121 592 ct
1146 560 1376 601 Gyraldinus:
1403 561 1504 592 iidem
1525 573 1585 603 pro

875 612 1047 651 amplexas,
1068 612 1198 651 ste.vas;
1221 612 1308 653 quod
1337 612 1494 653 praet'cro.
1540 614 1586 644 D.

879 661 992 692 Heins.

922 714 984 742 372
1021 712 1259 753 Insperatoque]
1294 713 1386 743 Nibil
1418 714 1486 744 tale
1517 723 1584 744 me-

879 762 1002 793 tuebat
1020 763 1176 802 Rufinus,
1202 764 1257 804 qni
1271 764 1342 804 jam
1361 768 1534 804 sceptrum
1552 769 1587 795 et

881 822 1065 853 purpuram
1082 813 1246 853 spirabat.
1286 814 1383 844 Dicit
1399 818 1513 844 autem
1527 814 1590 844 cir-

881 863 1084 903 cumjecisse
1116 872 1190 893 sese
1222 873 1343 903 agmen
1373 863 1527 903 palpanti
1559 872 1592 893 e-

881 914 1044 945 tiamnum
1064 914 1186 944 milites
1215 924 1297 955 quos
1322 915 1456 946 nomine
1478 915 1591 955 singu-

882 964 932 994 los
970 964 1211 1003 compellabat.
1258 966 1405 1005 Campus,
1443 965 1590 1006 spatium

883 1013 971 1054 quod
998 1023 1081 1054 gyro
1109 1014 1306 1046 includitur.
1351 1015 1407 1047 Sic
1426 1026 1529 1056 supra
1544 1026 1592 1046 νς.

886 1066 957 1094 126.
982 1064 991 1080 ‘
1010 1068 1155 1104 tutoque
1173 1063 1317 1094 includit
1345 1075 1470 1104 pascua
1487 1066 1594 1105 gyro!

884 1113 961 1144 Hoc
991 1112 1064 1143 fieri
1097 1112 1242 1144 artificio
1270 1115 1429 1154 quopiam
1459 1115 1596 1155 Campi·

886 1164 1065 1195 doctorum
1081 1164 1232 1205 quotidie
1251 1164 1416 1203 videmus,
1433 1165 1522 1205 quod
1538 1166 1593 1197 bic

887 1216 1080 1246 luculenter
1097 1214 1316 1246 describitur.
1347 1216 1465 1246 Barth.

930 1268 993 1296 374
1026 1265 1065 1296 In
1091 1275 1123 1296 se
1151 1266 1327 1306 redeuntia]
1365 1266 1493 1297 Quales
1519 1271 1598 1297 sunt

888 1325 1003 1346 omnes
1021 1314 1140 1346 formae
1159 1316 1330 1355 rotundae,
1355 1325 1431 1346 cum
1455 1316 1545 1348 enim
1563 1317 1597 1347 in

889 1366 1014 1396 talibus
1031 1375 1095 1396 nec
1120 1365 1194 1396 finis
1221 1375 1284 1396 nec
1310 1366 1513 1406 principium
1537 1376 1597 1407 ap-

890 1420 1021 1456 pareat,
1042 1426 1081 1446 ex
1094 1426 1125 1446 se
1143 1416 1276 1456 incipere
1293 1420 1327 1446 ct
1350 1416 1382 1446 in
1397 1416 1533 1457 sefinirz'
1549 1416 1599 1447 di-

890 1471 1026 1497 cuntur.
1068 1466 1165 1496 Idem.

934 1519 995 1547 375
1023 1517 1125 1547 Curvo
1139 1516 1291 1557 paulatim
1307 1517 1472 1548 sinuantur
1485 1526 1599 1548 cornua

891 1567 1003 1607 ductu]
1038 1567 1230 1607 Hemicycli
1260 1567 1327 1598 duo
1359 1568 1516 1608 utrinque
1544 1577 1601 1599 co-

892 1617 974 1647 cunt
998 1618 1030 1647 iu
1048 1618 1240 1648 absolutum
1257 1617 1382 1648 orbem.
1427 1618 1484 1648 Sic
1499 1618 1508 1634 ‘
1527 1627 1600 1649 cor·

893 1676 957 1697 nua
976 1666 1093 1697 Lunae’
1118 1667 1246 1708 ubique
1272 1667 1491 1707 appellantur
1508 1667 1603 1698 dimi-

893 1716 977 1748 diati
995 1717 1106 1748 orbes.
1153 1717 1280 1747 Locum
1298 1721 1411 1748 autem
1425 1717 1527 1756 bunc,
1542 1717 1602 1748 ubi

894 1767 1038 1798 Rufinus
1055 1767 1096 1797 ab
1113 1768 1270 1798 exercitu
1292 1767 1525 1798 circumdatus
1548 1767 1604 1798 ob-

895 1821 1140 1858 truncatusque
1178 1822 1241 1856 est,
1271 1816 1455 1847 Hebdomon
1490 1817 1604 1857 appel·

895 1868 999 1899 latum
1029 1867 1131 1898 docet
1160 1871 1278 1898 auctor
1310 1867 1470 1898 Chronici
1499 1867 1603 1898 Alex-

897 1920 1040 1951 andrini.
1088 1920 1167 1951 Huc
1207 1923 1422 1960 processerat
1462 1919 1609 1949 scelera--

898 1977 952 2003 tus
984 1972 1125 2012 Imperii
1156 1971 1349 2011 affectator,
1387 1971 1468 2013 quia
1506 1971 1606 2001 inibi·

898 2021 974 2052 dem
1001 2022 1159 2052 coronari
1197 2022 1430 2062 Imperatores
1454 2021 1607 2053 Orientis

900 2071 1066 2110 solebant,
1090 2076 1127 2102 ut
1155 2072 1265 2103 discas
1291 2082 1332 2103 ex
1357 2071 1476 2102 eodem
1501 2071 1607 2113 scrip·

901 2128 986 2154 tore.
1024 2123 1120 2153 Idem.

944 2176 1007 2204 376
1032 2173 1185 2204 Immensa
1202 2172 1316 2203 virides
1339 2172 1486 2211 indagine
1499 2172 1608 2212 silvas]

902 2225 1031 2255 Notum
1047 2223 1127 2264 quid
1157 2223 1283 2262 indago.
1330 2223 1430 2253 Retia
1448 2222 1606 2253 nimirum

902 2280 961 2305 aut
991 2275 1091 2304 lineae
1116 2274 1238 2315 quibus
1266 2271 1350 2304 ferae
1377 2273 1608 2304 includuntur.

904 2326 1035 2357 Noster
1065 2335 1107 2355 ex
1136 2325 1279 2356 Marone
1308 2324 1479 2364 expressit
1504 2333 1608 2354 suum.

904 2376 1036 2407 s'Iiucid.
1053 2385 1104 2407 lv.
1139 2377 1147 2392 ‘
1162 2376 1252 2406 Dum
1264 2375 1441 2415 trepidant
1466 2375 1527 2405 alae
1545 2373 1608 2404 sal-

905 2431 1028 2467 tusque
1044 2426 1203 2466 indagine
1220 2426 1383 2466 cingunt!
1429 2426 1536 2456 Porro
1552 2433 1609 2455 no-

905 2482 952 2516 ta,
965 2476 1172 2517 indaginem,
1185 2476 1438 2517 inquisitionem
1450 2475 1609 2506 attentio-

905 2537 974 2557 rem
1003 2526 1197 2566 designare,
1223 2536 1322 2567 quam
1353 2525 1609 2565 indagationem

905 2577 1049 2609 crassius
1066 2576 1220 2608 dicimus.
1244 2576 1342 2606 Idem.

953 2630 1074 2660 l'irides
1089 2629 1238 2667 indagine
1253 2627 1365 2666 saltas]
1402 2625 1459 2656 Sic
1477 2623 1609 2664 Raphe-

905 2681 1039 2721 lengius
1055 2690 1095 2711 ex
1115 2679 1267 2719 vestigiis
1286 2675 1503 2715 lsingriuiani
1519 2673 1611 2706 libri.

907 2732 998 2773 quod
1030 2741 1050 2762 a
1081 2731 1225 2762 Lucens.
1259 2726 1397 2767 Gyrald.
1429 2725 1544 2757 Vatic.
1576 2730 1611 2756 et

908 2782 1058 2823 quinque
1076 2779 1149 2810 aliis
1166 2777 1396 2810 confirmatur.
1442 2775 1553 2816 Vulgo
1568 2774 1616 2806 υἱ-
