1851 3213
280 203 396 246 1394

282 308 371 340 dos!
393 307 508 348 Silius,
539 308 597 339 lib.
630 317 692 340 xv.
727 307 737 324 ‘
763 305 898 338 decima
918 305 990 345 jam

283 359 358 390 haec
376 359 522 390 vertitur
539 363 651 398 aestas,
682 359 735 388 Ex
764 367 830 398 quo
847 355 993 396 proteri·

284 409 382 442 mur.'
407 409 505 450 prim.
531 409 643 440 Vatic.
675 418 738 448 pro
766 407 902 438 diversa
925 407 994 436 lec-

282 460 377 491 tione
391 460 544 500 perdidit.
569 458 737 500 quomodo
755 462 790 488 et
807 457 996 488 patavinus

285 518 329 541 ex
347 509 486 550 nostris,
507 513 542 540 et
555 515 724 550 praeterea
741 508 997 548 Isingrinianus.

286 561 332 591 D.
352 560 468 591 Heius.

331 611 486 651 Perculit]
532 609 640 640 Velut
668 608 809 640 fulmine
839 607 997 650 quopiam

288 670 449 702 superne.
474 661 591 692 Barth.

333 714 372 742 17
399 712 548 742 Exitium
563 711 632 749 jam
651 711 750 741 Roma
766 709 892 749 timeus]
917 709 999 739 Exi-

288 761 329 792 tii
345 761 539 793 octodecim
557 760 690 800 scripti.
709 760 798 800 quod
813 760 913 799 longe
931 759 999 789 ele-

291 812 435 853 ganiius.
462 811 619 851 probavit
651 814 686 840 et
715 810 878 840 Barthius
910 809 1001 839 euris

290 862 462 894 secundis.
479 862 526 892 sic
543 862 551 878 ‘
568 864 722 891 metuens
740 858 886 890 leouum’
906 857 1003 899 praef.

290 914 350 944 lib.
378 922 420 943 11.
438 912 479 942 de
500 912 602 952 Rapt.
629 920 706 941 mox
738 910 806 940 visu
830 919 891 950 pro
914 910 1003 940 cultu.

292 963 443 1005 potiores
461 962 680 993 membranae.
698 961 845 991 diximus
875 960 918 991 ad
945 960 1003 992 lib.

292 1026 349 1049 111.
375 1017 417 1048 de
433 1017 536 1056 Rapt.
553 1025 603 1046 νε.
619 1018 673 1046 91.
700 1024 759 1045 non
787 1014 886 1054 qualis
901 1013 1002 1044 etiam

294 1068 459 1106 nonnulli,
477 1077 539 1107 pro
558 1077 621 1097 nec,
645 1066 691 1097 D.
705 1065 823 1096 Heins.

340 1119 488 1150 Exitium
518 1118 620 1147 Roma
642 1115 768 1154 timeus]
794 1116 879 1145 Sunt
903 1114 1004 1153 enirn,

296 1179 364 1200 non
394 1179 490 1200 secus
518 1172 620 1208 atque
650 1165 886 1206 animantibus,
904 1166 1006 1196 etiam

296 1220 436 1252 urbibus
455 1229 515 1250 sua
530 1218 612 1249 fata.
641 1217 758 1248 Barth.

341 1270 458 1310 Roma]
498 1270 551 1299 De
580 1269 687 1298 Roma
715 1265 914 1306 inspeciem
932 1264 1008 1296 deae

297 1320 426 1360 efficta,
461 1320 604 1360 ejusque
642 1316 829 1348 miserabili
859 1316 1009 1357 descrip-

299 1372 407 1410 tione,
419 1370 580 1401 visendus
594 1367 825 1409 Symmachus.

343 1422 479 1461 Negatis
495 1418 670 1458 Frugibus]
688 1418 782 1451 Quas
800 1416 886 1448 adeo
906 1415 1011 1447 inter-

301 1473 451 1505 cluserat
468 1471 583 1509 Gildo,
606 1470 708 1510 inque
725 1467 847 1499 Africa
864 1466 1012 1498 frumen-

301 1525 408 1557 tarias
425 1524 541 1566 populi
567 1523 711 1554 Romani
735 1530 841 1552 naves
862 1520 1015 1552 retinue-

303 1580 369 1615 rat,
387 1580 424 1607 ut
442 1577 517 1615 ipso
544 1574 619 1614 jam
646 1572 782 1604 devicto
799 1581 929 1602 moram
946 1580 1015 1601 om-

302 1636 383 1658 nem
411 1625 598 1657 tollendam
629 1623 760 1655 scribat
783 1621 1015 1663 Symmachus,

305 1687 349 1708 ne
377 1676 485 1717 plebs,
518 1674 633 1715 inopia
659 1673 804 1705 efferata
822 1673 856 1704 in
878 1672 1016 1703 seditio-

305 1738 384 1760 nem
401 1732 574 1768 erumpat,
586 1728 643 1758 lib.
658 1725 832 1766 1v.Epist.
848 1727 879 1756 4.
897 1724 1015 1755 Barth.

352 1781 392 1809 18
417 1777 536 1817 Rapidi
552 1776 696 1817 Olympi]
730 1775 819 1807 Quia
836 1773 1016 1814 semperin

307 1828 428 1870 rapido
446 1833 553 1858 motu.
579 1827 680 1858 Idem.

354 1882 395 1911 19
418 1877 601 1916 Britannis]
635 1877 750 1907 Instar
771 1875 830 1906 lios
846 1874 934 1905 dicit
948 1873 1019 1904 bel-

307 1929 515 1968 licosissimi,
553 1926 784 1967 remotissimi,
815 1924 1019 1957 ferocissimi

310 1979 439 2022 populi.
476 1979 577 2010 Idem.

356 2034 397 2062 20
422 2029 531 2070 Indos]
584 2029 716 2060 Horum
751 2027 1021 2058 debellationem

312 2090 477 2113 summam
506 2081 669 2111 Romanae
707 2078 844 2109 virtutis
878 2077 1021 2108 faciunt.

313 2131 492 2172 Horatius,
520 2130 589 2162 Od.
607 2139 656 2162 1v.
676 2132 725 2161 14.
749 2130 757 2145 ‘
776 2129 822 2159 Te
838 2128 1023 2168 Cantaber,

313 2192 382 2215 non
397 2187 478 2214 ante
494 2181 684 2221 domabilis,
700 2179 904 2220 Medusque,
918 2183 954 2210 et
967 2178 1023 2209 In-

315 2234 388 2274 dus,
412 2239 446 2264 te
478 2232 644 2275 profugus
679 2232 822 2273 Scythes
855 2229 1025 2262 Miratur.⁷

319 2283 419 2314 Idem.

361 2337 401 2365 21
431 2333 500 2365 Vox
516 2334 633 2374 tenuis]
656 2333 860 2374 Descriptio
882 2332 1024 2363 hominis

317 2384 409 2417 same
426 2384 588 2425 confecti,
605 2386 639 2415 in
656 2387 735 2416 Dea
751 2385 821 2424 illa,
839 2383 1026 2416 Claudiano

318 2435 452 2477 ipsique
494 2445 560 2466 non
606 2435 788 2466 admodum
829 2433 1028 2466 honorifica.

320 2486 485 2519 Morbida
510 2491 626 2516 autem
655 2486 720 2516 lioc
750 2495 856 2525 genus
880 2485 1030 2522 numina,

319 2547 389 2570 non
406 2538 589 2569 insolentes
602 2535 731 2567 faciunt
750 2536 948 2575 scriptores.
981 2535 1030 2565 Ut

321 2588 475 2620 Africam
490 2588 523 2618 in
539 2586 743 2628 aegritudine
761 2585 877 2623 fuisse,
893 2594 911 2615 a
926 2585 1031 2615 Theo-

323 2638 419 2671 dosio
444 2638 598 2678 Seniore,
620 2637 754 2668 medico
777 2634 1030 2675 experientissi-

324 2698 393 2731 mo,
429 2693 595 2728 curatam,
638 2687 757 2718 scribit
796 2686 1030 2726 Symmachus,

325 2740 386 2772 lib.
404 2748 439 2771 x.
457 2739 567 2780 Epist.
585 2742 617 2770 1.
640 2739 741 2770 Idem.

382 2789 534 2831 Oculique
554 2788 713 2829 jacentes]
764 2786 881 2820 Prima
914 2784 1033 2824 editio,

530 212 673 244 NOTAE
704 209 971 242 VARIORUM
1005 210 1056 239 IN
1092 209 1165 239 CL.
1193 209 1377 240 CLAUD.
1412 208 1497 238 XV.

1040 302 1175 335 Thuan.
1205 307 1240 334 et
1264 302 1385 334 PataV.
1417 301 1552 332 Eccles.
1583 298 1746 331 cathedr.

1040 355 1048 370 ‘
1069 354 1238 395 Oculique
1266 354 1412 384 latentes
1436 351 1598 383 Interius.
1626 349 1754 381 sedere

1043 404 1160 445 genae.’
1174 404 1341 446 quomodo
1360 403 1450 444 apud
1461 402 1620 438 Statium,
1635 400 1754 433 Theb:

1043 465 1068 487 1.
1091 456 1100 472 ‘
1119 455 1218 486 sedet
1244 455 1334 485 imus
1364 453 1495 485 abactis
1532 453 1661 484 Ferrea
1690 451 1750 482 lux

1045 505 1174 537 oculis.'
1219 505 1333 543 Silius,
1359 505 1417 535 lib.
1442 513 1481 535 11.
1511 503 1605 543 ‘jam
1624 501 1752 532 lumina

1046 562 1139 588 retro
1170 557 1291 588 Exesis
1318 555 1438 597 fugere
1462 552 1578 594 genis?
1615 551 1760 594 quidam·

1047 607 1149 638 etiam
1187 611 1268 638 ante
1304 605 1341 636 τὸ
1371 605 1487 645 fugere
1523 604 1755 644 distinguunt,

1049 662 1176 689 caetera
1191 658 1364 698 vulgatam
1391 656 1598 696 scripturam
1617 662 1756 685 servan-

1049 713 1113 740 tes.
1138 709 1181 740 D.
1199 708 1311 739 Heius.

1092 762 1134 789 24
1158 759 1283 789 Laxata
1304 758 1437 797 casside]
1460 753 1757 789 Decrescentibus

1052 809 1142 840 enim
1167 809 1326 839 membris
1349 809 1492 839 laxiores
1508 807 1595 839 fiunt
1608 806 1760 838 habitus.

1053 860 1169 890 Barth.

1096 911 1224 942 Laxata
1239 911 1356 942 casside
1368 911 1470 951 prodit
1489 909 1662 949 Canitiem]
1702 908 1762 939 Ca-

1053 961 1149 992 nities
1172 970 1234 1001 pro
1263 960 1396 991 diversa
1418 960 1565 991 lectione
1589 959 1623 990 in
1649 958 1761 1000 primo

1054 1011 1237 1043 Vaticano.
1262 1011 1310 1042 D.
1329 1011 1443 1042 Heius.

1099 1064 1140 1092 25
1168 1059 1340 1100 Canitiem]
1363 1060 1535 1100 Talisjam
1553 1068 1593 1090 eo
1609 1062 1763 1099 ternpore

1057 1112 1264 1153 fingebatur,
1299 1113 1392 1143 senio
1422 1112 1494 1152 ipso
1532 1110 1765 1152 portendente

1058 1172 1202 1194 ruinam.

1102 1213 1229 1253 Trahit]
1251 1213 1357 1244 Velut
1380 1221 1462 1243 onus
1478 1210 1670 1248 molestum,
1698 1219 1766 1241 non

1060 1265 1236 1295 tutricem.
1260 1264 1377 1294 Barth.

1104 1318 1146 1346 28
1170 1313 1348 1353 Mansuris]
1363 1312 1498 1344 Alludit
1510 1310 1766 1352 promissionem

1062 1365 1226 1397 Romanis
1250 1365 1363 1396 datam
1387 1373 1406 1394 a
1422 1363 1511 1395 Jove
1535 1361 1627 1403 apud
1649 1362 1768 1392 Maro-

1062 1426 1152 1457 nem,
1188 1416 1360 1446 Venerem
1393 1414 1600 1455 alloquente,
1634 1412 1710 1444 AEn.
1743 1420 1771 1443 1.

1063 1468 1073 1485 ‘
1092 1468 1155 1499 His
1171 1477 1237 1508 ego
1253 1477 1315 1498 nec
1337 1471 1445 1498 metas
1462 1475 1591 1506 rerum,
1603 1473 1668 1495 nec
1685 1467 1774 1495 tem-

1064 1529 1150 1560 pora
1165 1528 1268 1559 pono,
1284 1517 1473 1558 Imperium
1487 1516 1560 1547 sine
1583 1514 1652 1546 fine
1668 1512 1770 1551 dedi:

1109 1568 1222 1609 Nasci]
1248 1569 1326 1600 Non
1357 1567 1458 1598 aliter
1482 1576 1585 1608 quam
1609 1565 1701 1606 ipsos
1715 1564 1773 1595 ho-

1065 1620 1173 1651 mines
1206 1619 1307 1651 urbes
1334 1622 1370 1649 et
1393 1617 1544 1659 Imperia
1570 1615 1773 1648 autumabat

1066 1670 1278 1711 Antiquitas.
1302 1668 1419 1700 Barth.

1110 1724 1152 1753 29
1175 1719 1288 1760 Stant]
1304 1719 1452 1751 Firmam
1462 1716 1705 1749 auctoritatem
1717 1715 1774 1746 ha-

1067 1772 1160 1804 bent.

1113 1823 1246 1853 Immola
1257 1820 1390 1862 Sibylloe
1408 1818 1571 1860 Carmina]
1586 1817 1673 1849 Vide
1689 1817 1776 1848 Lac-

1069 1873 1226 1913 tantiam,
1258 1872 1369 1903 Cicer.
1405 1880 1446 1902 11.
1486 1869 1640 1901 Divinat.
1685 1869 1774 1901 Quae

1069 1934 1239 1966 nunquam
1263 1923 1427 1954 frustrata
1441 1921 1621 1952 Romulam
1638 1923 1777 1959 gentem

1072 1975 1165 2006 canit
1179 1974 1352 2012 Tibullus,
1367 1972 1426 2003 lib.
1440 1981 1479 2003 11.
1497 1970 1540 2002 ad
1553 1969 1752 2011 Apollinem
1767 1979 1776 2001 2
1820 1984 1821 1987 ¹

1071 2026 1081 2043 ‘
1097 2026 1148 2056 Te
1177 2026 1275 2056 Duce
1306 2024 1478 2055 Romanos
1498 2030 1671 2063 nunquam
1691 2020 1779 2052 frus-

1075 2080 1165 2108 trata
1181 2075 1313 2116 Sibylla
1329 2073 1401 2106 est)
1425 2072 1542 2105 Barth.

1118 2131 1159 2158 30
1185 2126 1336 2167 Tarpeias
1362 2123 1463 2164 arces]
1500 2122 1663 2164 ‘Superis
1688 2121 1780 2153 habi-

1075 2178 1179 2210 tabile
1196 2176 1344 2208 Saxum?
1369 2174 1589 2215 Capitolium.
1616 2173 1715 2204 Idem.

1118 2227 1254 2268 Respicis
1274 2226 1373 2267 arces]
1405 2226 1460 2257 Sic
1487 2223 1632 2266 Gyrald.
1659 2227 1696 2254 et
1721 2231 1786 2254 sex>

1077 2279 1147 2310 alii.
1163 2280 1266 2309 etiam
1282 2277 1410 2318 primus
1433 2275 1622 2307 Vaticanus
1645 2283 1708 2314 pro
1733 2273 1783 2305 di-

1077 2339 1178 2361 versa
1199 2329 1359 2360 lectione.
1389 2327 1490 2367 vulgo
1506 2325 1649 2366 despicis.
1692 2323 1784 2355 Vide

1079 2391 1154 2422 quae
1185 2384 1340 2411 notamus
1364 2379 1422 2410 lib.
1452 2387 1493 2409 11.
1523 2377 1566 2407 de
1599 2377 1701 2416 Rapt.
1732 2385 1782 2406 vs.

1079 2435 1154 2464 213.
1169 2441 1247 2462 mox
1263 2430 1402 2462 Araxem
1426 2432 1518 2459 recte
1536 2427 1627 2458 idem
1639 2425 1789 2466 Gyrald.

1080 2486 1115 2513 et
1131 2486 1262 2521 septem
1275 2490 1317 2511 ex
1330 2479 1466 2510 nostris.
1512 2478 1568 2508 De
1585 2476 1684 2508 Oaxe
1701 2477 1784 2507 Cre-

1081 2536 1125 2563 tae
1161 2530 1264 2562 fluvio
1295 2529 1424 2560 frustra
1460 2533 1538 2560 sunt
1566 2529 1785 2568 interpretes-

1085 2584 1195 2612 Oaxen
1212 2581 1277 2621 pri.
1296 2580 1452 2611 Vatican.
1479 2580 1523 2610 D.
1542 2579 1655 2609 Heius

1124 2635 1164 2663 31
1191 2632 1263 2662 Non
1279 2634 1313 2661 ut
1326 2631 1480 2671 proculcet
1493 2627 1630 2667 Oaxem]
1647 2627 1786 2659 Servius

1083 2683 1217 2714 Oaxem
1245 2682 1393 2723 Scytbiae
1424 2689 1558 2711 amnem
1586 2687 1661 2711 esse
1690 2677 1790 2710 dicit.

1084 2733 1198 2766 Barth.

1127 2786 1168 2815 33
1191 2783 1289 2825 Susa]
1311 2782 1419 2824 Regia
1435 2781 1632 2821 Persarum,
1648 2778 1788 2820 sagitta·
