1852 3182
116 478 529 557 NOTAE
634 471 1449 548 VARIORUM

754 662 806 693 IN

251 825 389 885 CL.
430 825 937 885 CLAUDIAM
976 822 1308 882 OPERA.

47 1313 97 1343 1N
121 1313 236 1343 SEX.
263 1313 422 1343 ANICH
459 1314 659 1343 PROBlNI
696 1313 756 1342 ΕΤ
789 1311 902 1342 SEX.
927 1309 1084 1339 ANICll
1113 1305 1505 1337 HERMOGENIANJ

336 1402 542 1431 OLYBRII
579 1401 777 1431 FRATRt'
791 1400 821 1428 M
858 1396 1197 1427 CONSULATUM

555 1524 642 1571 ΡΑ
652 1524 694 1570 N
707 1521 990 1570 EGYRIS.

43 1670 90 1716 IN
115 1683 248 1724 scriptis
273 1683 523 1724 exemplaribus
548 1687 624 1723 post
641 1682 745 1713 libros

39 1733 237 1766 ianfinnm
251 1734 450 1775 legitnrlioc
460 1743 616 1764 carmen:
642 1742 745 1774 qnan-

41 1795 138 1827 quam
158 1786 189 1816 in
206 1786 376 1826 plerisque
398 1784 622 1816 desideratur.
669 1784 745 1814 Lei-

39 1835 151 1866 ‹lensis
165 1846 203 1866 ac
220 1836 346 1866 Mosen
362 1835 530 1872 meliores,
544 1844 628 1864 nnus
644 1834 744 1864 Peta-

41 1886 157 1918 vianns
174 1887 294 1925 codex,
312 1892 380 1917 tres
396 1885 547 1916 Medicei
561 1894 637 1915 cuin
650 1884 745 1915 Vati-

38 1936 131 1966 cauis
147 1942 182 1968 ct
204 1936 463 1967 Pulmannianis
486 1934 629 1965 totidem
652 1934 744 1964 exhi-

40 1985 132 2016 bent.
179 1987 219 2016 In
242 1986 384 2027 Gyraldi
405 1995 539 2026 qnoque
562 1990 597 2015 et
618 1985 743 2015 Pricaei

40 2036 127 2067 libro
156 2042 191 2067 et
220 2037 425 2067 Farnesiano
450 2046 488 2067 ac
514 2036 674 2066 Palatino
697 2036 743 2065 le-

39 2087 195 2127 gebatur.
240 2087 279 2117 In
308 2087 416 2127 primo
447 2086 616 2117 vaticano
640 2094 741 2116 manu

37 2136 222 2167 recentiori
254 2141 330 2168 erat
359 2136 524 2168 additum.
569 2136 614 2166 D.
641 2135 742 2166 Hein-

36 2186 108 2218 sius.

93 2237 182 2268 Haec
213 2238 403 2278 Panegyris
440 2237 576 2269 videtur
618 2237 743 2278 primns

37 2291 110 2318 e'sse
138 2287 240 2318 foetns
266 2288 469 2318 Claudiani:
505 2289 551 2319 ait
581 2288 669 2318 enirn
697 2287 739 2318 ad

37 2337 240 2372 Probinnm:
264 2340 273 2355 ‘
292 2339 461 2370 Romanos
472 2339 616 2370 bibimus
633 2339 740 2380 primo

38 2395 71 2422 te
89 2390 234 2421 Consule
264 2390 376 2422 fontes
387 2391 406 2422 ι’
432 2391 490 2422 sed
508 2390 607 2422 facile
637 2390 740 2422 credo

35 2442 142 2472 multa
169 2442 332 2481 opuscula
370 2442 482 2473 eidem
514 2442 678 2473 meditata
706 2446 741 2472 et

36 2491 237 2531 composita,
277 2492 473 2533 prinsquam
502 2492 645 2523 auderet
675 2492 736 2522 hoc

35 2550 170 2573 carmen
197 2543 333 2582 publice
361 2543 516 2574 recitare.
563 2543 630 2574 Hic
654 2552 736 2574 vero

35 2590 238 2623 Consulatus
254 2593 399 2633 contigit
417 2603 504 2624 anno
519 2595 593 2624 395.
611 2593 653 2624 de
672 2602 736 2634 qno

36 2643 128 2673 alibi.
156 2644 230 2674 vide
257 2650 292 2675 et
317 2645 509 2685 Symmach.
538 2646 601 2685 Ep.
626 2644 685 2676 lib.
704 2654 736 2676 v.

37 2693 209 2724 Caeterum
223 2694 348 2735 Proba,
360 2701 448 2726 teste
462 2695 662 2736 Hieronym.
677 2694 735 2725 tri-

36 2753 91 2776 um
103 2743 286 2776 liberorum
299 2744 492 2788 fuitmater‚
501 2746 737 2790 Olybrii‚Pro-

797 1683 880 1722 bini,
912 1687 948 1714 et
972 1681 1090 1721 Probi,
1129 1680 1377 1712 ordinariorum
1409 1679 1506 1712 Coss.

799 1735 923 1765 Clarer.

841 1786 856 1813 l
881 1782 937 1813 Sol
962 1782 1013 1822 qui
1030 1780 1251 1822 flammiferis]
1286 1780 1508 1820 Flammigeris

796 1833 873 1864 libri
886 1833 1007 1874 scripti
1021 1837 1241 1864 constanter:
1268 1831 1440 1863 minimum
1454 1841 1505 1862 re-

799 1882 880 1915 sert.
904 1884 948 1914 D.
969 1883 1082 1914 Heius.

842 1936 906 1976 Sol,
919 1936 986 1976 qui,
1002 1934 1072 1975 Gya]
1108 1933 1219 1965 Solem
1246 1933 1431 1974 compellat
1457 1932 1505 1964 in·

799 1994 966 2029 vocatque
990 1991 1028 2018 ut
1055 1987 1170 2017 laetinn
1196 1985 1286 2016 diem
1313 1985 1503 2026 producat:

798 2037 1032 2079 antiquissimo
1057 2046 1150 2067 more
1178 2035 1354 2067 felicitatis
1390 2036 1505 2068 obser-

797 2088 974 2127 vandae,ut
987 2086 1505 2126 momentnmPrincipilaudan-

797 2139 840 2170 do
855 2138 962 2170 faciat
981 2148 1046 2169 non
1065 2138 1219 2168 ultimum
1236 2137 1400 2168 serenitas
1416 2136 1502 2169 diei:

797 2189 876 2220 inde
890 2190 978 2220 enim
992 2194 1026 2219 et
1041 2198 1151 2219 mores
1166 2188 1337 2228 Principis
1356 2188 1504 2219 aestima·

797 2239 933 2270 bantur.
978 2238 1035 2269 Sic
1059 2238 1183 2277 Papin.
1201 2246 1291 2268 xvir.
1318 2238 1503 2269 Consulatu

796 2288 1005 2320 Domitiani:
1030 2289 1038 2305 ‘
1057 2287 1191 2328 Aspicis
1208 2292 1246 2318 nt
1266 2287 1402 2327 templis
1417 2287 1503 2319 alius

797 2339 895 2377 nitor,
921 2338 1023 2369 altior
1040 2338 1106 2369 aris
1132 2337 1237 2378 Ignis,
1263 2342 1298 2369 et
1318 2338 1392 2378 ipsa
1414 2347 1500 2369 meae

796 2393 939 2430 tepeant
964 2388 1154 2419 tibisidera
1177 2388 1317 2427 brmnae,
1345 2388 1501 2420 Moribus

796 2443 897 2480 atque
926 2439 1017 2470 tnis.'
1065 2438 1213 2469 Accedit
1240 2444 1276 2470 et
1300 2438 1501 2480 superstitio

796 2491 921 2532 prisca,
949 2501 1025 2532 quae
1044 2490 1217 2521 numinum
1245 2490 1396 2522 favorem
1423 2490 1499 2522 caeli

793 2542 979 2573 serenitate
997 2541 1216 2572 metiebatur.
1262 2541 1399 2572 Deinde
1418 2540 1500 2571 Solis

792 2592 928 2623 nomine
942 2601 1058 2622 omnes
1071 2601 1218 2623 summos
1231 2592 1322 2622 Deos
1337 2590 1498 2629 intellige.

794 2642 919 2674 Oriens
944 2643 1048 2674 etiam
1074 2643 1250 2672 universus
1275 2642 1368 2672 velut
1395 2638 1497 2679 privi-

791 2694 880 2735 legio
896 2693 1041 2736 quodam
1057 2692 1229 2723 numinum
1245 2691 1358 2721 Solem
1376 2687 1496 2728 praeci-

791 2755 895 2788 punm
919 2742 1162 2785 venerabatur,
1188 2746 1225 2774 ut
1248 2750 1336 2773 nunc
1362 2747 1497 2783 qnoque
