1852 3182
532 218 595 247 DE
628 217 692 246 lv.
725 217 863 248 CONS.
896 219 1082 249 HONOR.

84 312 170 344 Haec
187 313 269 344 Luc.
287 318 321 344 et
339 311 480 352 Gyrald.
498 310 584 343 libro
601 311 785 343 debentur.

83 362 193 403 Vulgo
223 364 326 394 Divus
346 372 421 394 arus
444 371 495 392 seu
520 365 550 392 te
566 362 660 392 claris
673 371 781 402 prope-

80 414 221 444 rantibus
231 415 337 444 astris.
356 422 416 454 pro
430 412 523 442 claris
539 412 781 443 Helmaestadi-

81 464 169 494 ensis
186 467 267 494 rata.
286 464 493 497 Pricaeanus.
508 463 620 492 clarus.
668 462 780 492 Oxou.

81 517 200 552 natum,
218 513 419 552 veljamjam.
437 516 579 553 quatuor
592 513 675 543 coelo.
717 513 781 543 Pa-

82 565 185 596 tavin.
223 564 343 595 nitidis.
374 563 470 601 alius,
498 574 602 604 puero.
639 564 782 594 Rotten-

80 614 198 654 ‹lorph.
229 615 356 644 cunctis.
395 624 468 654 quae
496 614 643 644 varietas
672 614 781 644 locum

80 668 275 703 corruptum
288 663 369 694 satis
386 663 572 694 indicabat.
588 664 620 694 in
638 663 782 694 Oiselia-

79 722 122 743 no
137 712 174 742 τὸ
187 714 279 744 claris
294 714 462 745 omissum.
488 715 532 745 D.
553 714 665 745 Heius.

123 764 227 795 Claris
238 765 476 805 properantibus
489 763 598 803 astris]
618 766 780 795 Futurum

77 814 110 844 in
127 815 301 846 consortio
318 815 488 855 quondam
513 816 660 855 ipsorum
688 814 782 845 'sidus

78 864 162 896 dicit
194 865 351 896 ambiisse
393 871 553 906 spectare
583 871 686 903 astra,
715 866 783 896 cla-

78 923 151 945 rum
179 919 217 946 ut
240 915 400 957 quodque
438 915 553 956 fuerit,
578 916 781 946 Honorinm.

80 964 197 996 Barth.

123 1019 181 1048 191
213 1017 339 1048 Patiens
356 1018 461 1047 coelum
476 1026 630 1047 commune
646 1015 782 1055 remisit]

76 1065 144 1096 Sua
171 1067 246 1096 luce
275 1067 461 1106 paullisper
484 1066 639 1105 inhibita,
655 1071 689 1096 et
706 1074 782 1105 per-

77 1115 186 1145 missis
219 1117 331 1146 lucere
357 1116 535 1155 gentilitiis
562 1115 714 1145 Honorio
733 1124 782 1145 as-

77 1165 167 1196 stris.
183 1164 221 1195 τὸ
236 1175 390 1196 commune
401 1165 442 1196 ad
460 1166 605 1196 eundem
622 1166 782 1206 pertinet.

79 1214 174 1246 Ideni.

121 1268 182 1296 192
206 1265 362 1306 Apparet]
401 1265 593 1297 collatione
625 1265 782 1296 nimirum

80 1315 233 1347 Heroum
247 1322 412 1348 veterum.

126 1366 262 1397 Ventura
296 1370 431 1407 potestas
472 1368 595 1398 Claruic
632 1367 783 1408 Ascanio]

81 1417 173 1448 Nota
202 1417 314 1448 fabula
339 1418 382 1448 de
411 1419 569 1456 Marone,
591 1419 721 1449 AEueid.
739 1428 783 1450 ιι.

80 1471 88 1484 “
106 1468 195 1498 Ecce
215 1469 296 1498 levis
313 1478 441 1499 summo
467 1469 508 1498 de
538 1469 665 1499 vertice
692 1469 783 1500 visus

78 1518 144 1550 Iuli
175 1518 330 1549 Fundere
363 1520 474 1549 lmnen
506 1518 615 1559 apex,'
640 1522 704 1549 &c-
741 1520 785 1550 Et

79 1578 201 1609 reapse
232 1569 295 1599 hoc
324 1579 427 1609 genus
444 1569 593 1608 portenti
611 1569 784 1599 claritudi-

78 1629 154 1650 nem
195 1619 402 1660 gloriamque
450 1619 575 1650 inferre
613 1621 782 1650 creditum

79 1669 326 1711 traditumque.
354 1670 443 1700 Vide
468 1670 507 1701 L.
534 1670 684 1710 Florum,
703 1679 726 1700 1.
750 1674 782 1701 6.

81 1720 197 1751 Barth.

122 1773 182 1801 194
206 1770 373 1811 Innocuus]
396 1770 537 1802 Illaesns.
562 1770 658 1801 Idem.

115 1820 284 1859 Flagraret
296 1822 390 1862 apex]
407 1821 461 1852 Sic
476 1821 630 1861 Augusto
643 1822 783 1852 Romam

79 1869 286 1902 adventante
313 1872 399 1902 Solis
427 1871 516 1902 orbis
548 1881 651 1912 super
679 1877 784 1913 caput

77 1921 152 1961 ejus
166 1926 326 1952 curvatus
344 1922 610 1962 rotundatusque
638 1922 670 1952 in
696 1923 784 1953 colo-

80 1980 150 2002 rem
186 1981 284 2002 arcus
325 1977 532 2012 conspectus
569 1977 631 2002 est.
669 1972 784 2003 Sidon.

79 2022 88 2038 ⁶
103 2021 160 2052 Sic
187 2022 338 2061 loquitur
361 2028 481 2053 natura
499 2024 605 2061 Deos,
621 2028 784 2054 cunctan-

82 2073 124 2103 tis
144 2071 207 2102 Iuli
226 2071 439 2103 Lambebant
463 2077 599 2103 teneros
629 2074 785 2104 incendia

81 2123 203 2154 blanda
221 2123 388 2162 capillos)
417 2125 540 2154 (lat-er.

137 2174 338 2213 Phrygioque
370 2175 489 2204 volutus
524 2174 660 2214 ls'ertice]
701 2175 785 2206 Flui-

79 2225 176 2264 doque
197 2224 295 2263 prim.
311 2224 468 2255 vatican.
492 2231 526 2255 et
552 2226 784 2256 Farnesianus.

80 2274 140 2305 sed
157 2274 201 2304 nil
219 2275 432 2304 mutandum.
456 2275 499 2306 D.
519 2276 629 2305 Heius.

123 2327 183 2356 195
201 2324 334 2356 'Fatalis
346 2325 475 2365 candor]
522 2326 577 2356 Ob
602 2326 784 2357 candorem

80 2376 295 2416 diadematis,
322 2387 420 2417 quem
438 2377 664 2408 aemulabatui·
685 2388 723 2407 co
737 2379 784 2408 lu-

80 2426 197 2466 cidior,
215 2427 456 2468 candidiorque
473 2426 619 2467 flamma,
641 2439 706 2469 quo
725 2439 784 2469 pu-

80 2478 160 2516 rior,
176 2481 210 2508 et
224 2478 357 2508 coelesti
375 2478 526 2508 similior.
550 2479 667 2510 Barth.

125 2530 186 2558 197
211 2527 308 2558 Idoeis
332 2528 448 2568 antris]
486 2530 638 2560 Montem
671 2531 783 2562 Cretae

82 2580 167 2612 dicit
184 2581 294 2612 Idam.
339 2582 548 2613 Scholiastes
563 2583 782 2615 Callimachi:

84 2630 132 2660 Eo
162 2631 413 2671 absconditum,
448 2633 597 2673 inibique
637 2634 785 2664 celatum

81 2680 217 2719 Jovem,
229 2682 348 2712 crebra
360 2681 487 2714 sabula.
511 2683 676 2714 Minutius
691 2684 787 2714 Felix

83 2729 204 2759 iisdem
222 2730 302 2760 locis
318 2741 378 2762 sua
393 2733 496 2763 etiam
516 2738 620 2764 aetate
638 2734 786 2765 Antrum

83 2779 165 2811 illud
183 2780 316 2812 Joviale
341 2787 512 2814 ostensum
534 2789 725 2821 memorat,
750 2790 788 2814 ut

84 2835 119 2862 et
136 2832 327 2873 sepulcrum
352 2833 469 2863 summi
497 2834 586 2864 illius
613 2835 787 2876 Deumque

1425 212 1444 252 l
1452 211 1537 254 5337

829 312 1070 353 hominumque
1089 312 1334 351 Moderatoris,
1359 316 1445 354 quod
1464 317 1535 357 qui·

832 362 908 393 dem
925 363 1094 394 celebrem
1111 364 1200 403 apud
1216 364 1402 403 scriptores
1418 368 1537 397 menti-

833 423 930 444 onem
948 420 1072 444 servat.

876 465 1050 494 I'rimaerus
1073 464 1213 504 Jupiter]
1239 464 1391 494 Florenti
1423 469 1537 505 vetate,

833 515 941 553 prima
959 514 1200 545 adolescentia.
1226 514 1343 544 Barth.

877 566 938 593 198
963 565 1043 594 Arce
1065 564 1141 603 poli]
1179 563 1249 593 Arx
1277 573 1425 593 summus
1451 573 1537 604 apex

834 613 882 643 rei
921 614 1097 654 cujusque,
1145 618 1262 653 caput,
1320 613 1537 654 principium.

834 664 930 694 Idem.

878 717 939 745 199
965 714 1089 744 Natura
1117 716 1275 755 tradente]
1316 715 1424 755 Hujus
1449 715 1537 745 enim

834 766 1020 796 auctoritas
1039 766 1239 796 Numinibus
1259 767 1414 806 imperat.
1441 765 1538 797 Idem.

876 819 939 846 200
969 816 1145 846 l'ernahant
1172 815 1290 855 vultus]
1321 816 1435 846 Primo
1453 815 1537 847 flore

826 868 992 908 juventa».
1039 866 1246 897 Prudentius
1274 867 1347 907 pari
1366 877 1465 897 sensu
1494 867 1536 898 de

832 917 1012 948 Theodosii
1036 917 1136 947 filiis:
1177 917 1367 955 ‘domi-ios,
1396 927 1537 948 vernan-

834 973 885 998 tes
900 967 983 998 flore
1007 967 1192 1000 Juvenum)
1220 968 1314 999 Idem.

876 1021 936 1049 :201
963 1019 1099 1048 fllotura’
1134 1027 1266 1048 conreoea
1296 1017 1403 1057 coma]
1448 1018 1540 1048 Julioe

833 1069 980 1100 Putean.
996 1073 1031 1099 ct
1057 1069 1179 1098 Patav.
1197 1069 1366 1107 quomodo
1385 1069 1538 1100 Martial.

833 1119 889 1150 lib.
908 1129 931 1149 1.
950 1119 1067 1159 Epigr.
1086 1122 1137 1149 88.
1156 1119 1198 1149 de
1226 1120 1379 1158 Encolpo
1409 1128 1512 1158 puero
1529 1129 1538 1149 ε

835 1169 1016 1210 ‘Dumque
1047 1169 1173 1199 decent
1202 1167 1285 1199 t'usae
1316 1169 1427 1199 lactea
1454 1168 1541 1199 colla

828 1219 950 1260 jubae!
977 1219 1021 1249 D.
1042 1219 1152 1250 Heius.

880 1271 1015 1300 Matar-ce
1028 1279 1162 1299 convexa
1174 1269 1281 1308 comae]
1302 1269 1454 1301 Quarum
1470 1279 1540 1300 mo-

835 1324 943 1350 tarum
956 1320 1169 1356 auctoritati,
1184 1319 1382 1360 Olympum,
1396 1320 1541 1360 Coelum,

835 1371 957 1407 Maria,
972 1371 1110 1407 Terras,
1124 1370 1278 1409 alligavit
1294 1370 1435 1400 Homeri
1453 1370 1541 1400 Pru-

835 1421 963 1451 dentia.
1012 1419 1156 1450 Ovidius
1175 1420 1216 1450 de
1234 1419 1373 1450 eodem:
1399 1420 1407 1436 ‘
1422 1419 1540 1450 Terri-

835 1471 935 1501 bilem
968 1471 1090 1511 capitis
1114 1471 1287 1500 concussit
1313 1474 1433 1510 terque
1460 1479 1541 1510 qna-

836 1527 953 1563 terque
977 1521 1174 1559 Caesariem,
1199 1530 1274 1551 cum
1296 1531 1374 1560 qua,
1400 1525 1539 1561 terram,

834 1582 938 1610 mare,
956 1573 1082 1609 sidera,
1100 1571 1227 1601 movit:
1254 1571 1368 1601 Barth.

876 1626 939 1654 202
966 1623 1150 1662 Fulmenque
1164 1622 1235 1652 rudi
1256 1625 1397 1661 torquere
1412 1623 1542 1664 lacerto]

834 1674 1026 1704 Discebant
1059 1673 1148 1702 enim
1179 1681 1238 1701 sua
1269 1672 1388 1711 Opera
1420 1672 1478 1702 Dii
1506 1673 1540 1702 in

835 1724 993 1764 pueritia,
1011 1728 1195 1763 antequam
1223 1722 1256 1752 in
1281 1726 1386 1752 aetate
1403 1731 1541 1753 exerce-

835 1779 922 1805 rent.
948 1775 1045 1804 Idem.

877 1827 939 1855 203
963 1823 1082 1853 Lcetior
1102 1822 1249 1862 augurio]
1281 1822 1436 1862 Auguriis
1457 1832 1541 1853 unns

837 1874 964 1905 Medic.
983 1878 1065 1913 puto
1081 1872 1220 1911 augurii.
1237 1872 1285 1903 sic
1302 1882 1393 1912 saepe
1412 1877 1540 1904 noster.

836 1924 934 1962 infra,
955 1926 963 1940 ‘
981 1925 1146 1963 laetusque
1175 1923 1326 1953 laborum
1341 1922 1539 1961 Discedam,

838 1975 931 2005 vobis
972 1979 1154 2014 utrumque
1188 1974 1386 2014 regentibus
1419 1973 1541 2006 axem?

836 2026 925 2056 Vide
942 2026 1002 2056 hoc
1022 2026 1096 2055 loco
1114 2024 1303 2055 Barthium.
1332 2025 1375 2055 D.
1393 2024 1506 2054 Heius.

879 2075 1190 2114 A11gnrio]Stellae‚
1219 2079 1255 2105 et
1285 2074 1399 2105 subito
1429 2074 1543 2104 omnia

838 2126 1033 2156 inclarantis
1060 2125 1141 2155 diei.
1209 2123 1542 2163 Constantinopolim

839 2176 980 2206 rediisse
1007 2175 1091 2206 dicit
1121 2185 1196 2205 cum
1227 2179 1370 2215 utroque
1395 2173 1541 2204 filiorum

836 2226 1058 2257 Theodosium
1093 2225 1134 2255 ab
1158 2224 1310 2257 Junioris
1336 2223 1544 2262 inaugurati.

837 2288 913 2315 one,
930 2287 1029 2318 quam
1054 2276 1218 2314 celebrat,
1238 2275 1357 2306 eodem
1375 2275 1461 2313 loco,
1476 2283 1541 2315 quo

838 2335 916 2359 ante
948 2338 1052 2359 annos
1089 2328 1219 2368 aliquot
1257 2325 1444 2357 Arcadium
1487 2335 1544 2356 an-

838 2376 938 2419 gusta
955 2379 1124 2415 dignitate
1142 2378 1324 2417 extulerat,
1338 2376 1482 2416 septimo
1499 2375 1539 2406 ab

837 2432 920 2461 urbe
938 2429 1083 2460 milliari.
1110 2428 1222 2459 Barth.

879 2484 941 2512 204
965 2482 1041 2511 Jam
1071 2478 1216 2520 paribus]
1262 2478 1419 2519 Utroque
1448 2476 1539 2507 vide-

836 2532 919 2562 licet
935 2531 1100 2571 Augusto.

884 2584 995 2614 Fultus
1016 2580 1168 2620 consorte]
1209 2578 1322 2610 Liberi
1352 2577 1461 2607 fulcra
1487 2584 1541 2616 pa-

838 2638 984 2664 rentum.
1011 2631 1124 2663 Barth.

880 2687 942 2715 205
971 2683 1030 2713 Pio
1051 2679 1158 2720 curru]
1183 2681 1292 2717 Supra
1318 2678 1469 2705 notatum
1496 2673 1538 2704 (le

823 2732 1004 2763 ‘felicitate
1042 2731 1104 2760 bac
1141 2725 1319 2758 Theodosii
1358 2722 1539 2762 Principis.

840 2783 945 2863 Μζὲἑὶ
970 2827 1112 2867 Gemini]
1135 2828 1256 2858 Castor
1279 2828 1313 2854 et
1333 2821 1466 2858 Pollux,
1484 2831 1539 2862 ge-
