1851 3213
271 195 385 238 1146
659 204 736 234 cn.
769 202 1051 233 cLAuniAui
1090 200 1269 231 uxvin.

273 301 476 342 Inclusus
496 300 630 341 variis
649 299 883 340 famulatur
904 299 1080 351 spiritus
1103 296 1252 352 fastris,

333 369 388 410 Et
410 370 559 410 vivum
582 367 710 408 certis
729 367 923 407 motibus
944 372 1069 418 urget
1089 378 1218 418 opus.
1273 363 1277 366 ’

276 438 497 480 Percurrit
518 436 743 490 proprium
764 436 972 474 mentitus
994 433 1179 487 Signifer
1197 443 1370 480 annum,

334 506 390 546 Et
412 505 615 545 simulata
631 515 746 543 novo
771 501 964 554 Cynthia
984 513 1132 540 mense
1155 500 1278 539 redit.

276 573 470 626 Jamque
492 585 622 612 suum
642 570 828 611 volvens
850 569 1001 610 audax
1021 568 1232 609 industria
1251 565 1474 617 mundum,

336 641 530 690 Gaudet,
552 643 595 680 et
616 639 806 679 humana
829 637 974 678 sidera
995 640 1136 676 mente
1155 636 1280 686 regit.

280 707 398 759 Quid
419 708 534 749 falso
557 709 772 748 insontem
792 705 954 746 tonitru
977 704 1213 744 Salmonea
1233 702 1396 742 miror?

336 776 517 818 AEmula
535 778 700 815 naturae
722 784 863 826 parva
883 773 1053 823 reperta
1073 781 1246 809 manus.

1681 495 1736 535 10

282 869 446 901 Quaedam
463 869 554 899 velut
574 865 783 906 intelligentia
805 865 910 895 clausa
930 863 1025 894 servit
1047 862 1196 893 sideribus
1215 861 1358 900 diversis,
1381 863 1411 891 et
1432 860 1563 901 impellit
1585 870 1659 901 opus
1680 870 1744 892 mo-

282 912 340 942 tile
362 911 494 942 motibus
513 910 651 940 statutis.
695 909 753 940 Sol
775 909 809 939 in
833 908 967 938 Zodiaco
981 905 1064 944 falso
1082 908 1224 946 pererrat
1240 914 1354 935 annum
1375 914 1474 943 suum,
1497 907 1527 934 et
1553 904 1644 935 Luna
1657 902 1746 941 falsa

283 954 451 985 revertitur
470 963 570 984 mense
591 962 678 983 novo.
722 952 857 992 Jamque
882 961 933 981 ars
954 948 1122 980 temeraria
1138 957 1261 979 versans
1276 948 1424 978 mundum
1438 957 1538 986 suum,
1561 947 1747 987 triumphat,

281 1001 311 1027 et
328 998 503 1027 moderatur
518 997 621 1026 sidera
637 994 739 1026 animo
752 995 896 1025 humano.
944 993 1028 1028 Quid
1043 992 1180 1022 admiror
1193 991 1390 1021 Salmoneum
1410 990 1601 1021 innocentem
1623 989 1665 1021 ob
1679 988 1749 1027 sul-

283 1050 351 1071 men
363 1037 502 1081 fictum?
526 1048 635 1070 munus
646 1038 763 1077 exigua
778 1038 904 1068 inventa
920 1041 973 1067 est
989 1035 1151 1067 imitatrix
1164 1043 1306 1074 operum
1320 1036 1452 1065 naturoe.

900 1128 1135 1140 eeeeeeeeeeee

286 1200 328 1231 ad
345 1203 418 1231 not.
444 1199 478 1229 in
495 1199 588 1229 Fast.
614 1198 719 1230 Ovid.
745 1208 777 1238 p.
795 1200 936 1228 Μελ-6
960 1206 1030 1227 arce
1046 1196 1185 1227 Pai.-7
1219 1196 1416 1236 Inclususque
1431 1195 1522 1235 ragis
1544 1193 1753 1235 conjiciebat

286 1243 406 1275 Heius.
435 1242 613 1280 famulatur
628 1242 681 1272 vel
696 1241 861 1271 simulatur
878 1239 961 1271 Cod.
979 1239 1096 1279 Epigr.
1114 1238 1231 1270 Aiubr.
1265 1239 1366 1269 antris
1383 1238 1477 1270 Med.
1494 1247 1562 1268 sec.
1587 1237 1670 1268 arvis
1686 1237 1753 1267 Pe-

287 1292 356 1317 ἴαν.
390 1287 524 1316 sed—8
555 1285 674 1315 cunctis
704 1284 836 1314 motibus
866 1284 945 1314 Vat.
976 1287 1087 1323 quart.
1114 1287 1150 1312 et
1174 1282 1282 1322 quint.
1317 1282 1451 1312 moribus
1478 1280 1607 1311 Buslid.
1640 1280 1753 1310 monti-

289 1329 345 1360 bus
376 1329 450 1359 Pal.
486 1328 638 1357 Florent.
668 1327 734 1357 duo
770 1326 864 1357 Med.
905 1326 1054 1355 Put.—9
1093 1324 1257 1355 Percurrit
1289 1324 1418 1354 Buslid.
1442 1323 1607 1354 Procurrit
1629 1323 1756 1353 Moret.

289 1381 339 1411 pr.
371 1371 521 1402 mentitus
548 1370 675 1401 Mon-et.
702 1379 752 1409 pr.
777 1369 988 1398 metiturvet.
1007 1367 1093 1407 Gyr.
1117 1367 1267 1397 mentitur
1285 1366 1435 1397 Florent.
1465 1365 1559 1396 Med.
1587 1374 1654 1395 sec.
1686 1366 1754 1396 inc.

289 1414 411 1446 Heius.
438 1414 563 1443 Petav.
594 1422 661 1443 sec.
693 1411 776 1442 cod.
805 1411 924 1451 Epigr.
956 1409 1161 1440 Anubin-10
1194 1408 1331 1439 similata
1355 1408 1561 1448 conjiciebat
1593 1407 1756 1438 Heius.—

290 1460 327 1488 ll
354 1457 496 1495 Namque
514 1455 590 1485 vat.
607 1464 659 1495 pr.
679 1453 798 1484 Ambr.
817 1464 866 1494 pr.
891 1453 1037 1483 mundum
1055 1464 1062 1482 .·
1093 1452 1214 1483 deerat
1237 1451 1309 1481 haee
1328 1461 1392 1482 vox
1412 1452 1488 1482 Vat.
1505 1453 1642 1491 pr.—l2
1673 1450 1756 1489 regit

290 1500 372 1530 Var.
392 1499 462 1529 LL.
477 1508 494 1528 e
511 1507 617 1537 marg.
635 1498 752 1529 Parin.
784 1496 960 1528 restitvat.
979 1505 1049 1526 sec.
1068 1500 1103 1526 et
1121 1500 1200 1526 tert.
1214 1495 1367 1525 Florent.
1387 1496 1453 1525 inc.
1469 1494 1591 1525 Heius.
1610 1493 1675 1523 duo
1691 1493 1757 1524 Pe-

291 1547 359 1573 tav.
378 1541 493 1572 Ambr.
511 1551 560 1581 pr.
586 1541 700 1571 Oxou.
719 1550 786 1571 sec.
804 1539 858 1570 ed.
878 1539 994 1569 Parin.
1011 1538 1110 1569 deest
1126 1539 1199 1568 liaec
1217 1547 1281 1567 vox
1306 1537 1383 1568 vat.
1399 1548 1450 1578 pr.
1471 1538 1558 1577 gerit
1575 1536 1641 1567 duo
1659 1535 1757 1567 Vatt.

290 1587 373 1616 —13
397 1584 542 1615 Salmona
559 1593 714 1614 movemur
729 1588 796 1614 vet.
814 1583 897 1623 Gyr.
925 1582 1089 1612 Salomoua
1101 1581 1233 1621 peremit
1246 1580 1378 1612 Buslid.
1400 1584 1512 1611 natura
1524 1588 1679 1611 movemur
1695 1588 1758 1619 pro

293 1628 457 1702 {aliponea
471 1627 569 1657 miror
586 1627 670 1657 Exc.
687 1627 829 1657 Lucens.
848 1635 897 1666 pr.
912 1627 1064 1656 retractat
1081 1634 1141 1664 pro
1156 1624 1252 1655 miror
1262 1624 1344 1655 Vat.
1359 1626 1498 1664 pin—14
1520 1625 1642 1664 reperta
1654 1623 1761 1653 domus

328 1680 360 1702 m
371 1679 412 1702 π.
430 1674 510 1701 tert.

952 1758 1097 1791 NOTAE

337 1849 357 1877 8
376 1845 480 1877 Certis
494 1843 643 1883 motibus]
669 1843 811 1884 Sphaera
824 1841 1000 1872 Archime-

298 1896 350 1927 dis
367 1900 476 1927 motus
492 1896 582 1936 ipsos
600 1895 768 1933 coelestes,
785 1893 931 1924 siderum
948 1902 1000 1922 or-

298 1952 352 1978 tus
369 1950 404 1977 et
422 1955 572 1983 occasuS‚
592 1945 666 1985 pari
681 1945 755 1984 lege
767 1953 806 1973 ac
823 1942 1003 1982 disciplina

300 2001 564 2038 repraesentasse
589 1995 737 2026 dicitur:
763 1994 860 2033 adeo,
883 1998 918 2022 ut
935 1992 1005 2034 qui-

302 2048 378 2079 dam
396 2048 547 2088 spiritus,
557 2048 651 2077 velut
663 2045 817 2087 quaedam
831 2043 1006 2083 intelligen-

301 2099 349 2130 tia
364 2099 396 2129 in
415 2099 495 2129 orbe
512 2098 569 2129 illo
587 2097 696 2128 vitreo
713 2096 841 2127 inclusa
867 2093 1008 2125 famula-

302 2154 397 2181 retur
417 2149 596 2185 sideribus,
611 2157 752 2189 quorum
771 2146 880 2177 varios
897 2150 1009 2177 motus

304 2200 444 2231 mirifice
462 2204 609 2241 regeret.

346 2254 367 2282 9
390 2250 549 2289 Signifer]
573 2250 628 2281 Sol
646 2250 678 2280 in
697 2248 857 2290 signifero
872 2259 931 2280 seu
946 2249 1011 2280 Ζο-

307 2302 415 2333 diaco.
461 2302 647 2332 Continens
661 2311 722 2341 pro
739 2305 902 2332 contento
919 2301 1012 2341 poni-

308 2356 381 2384 tur:
410 2351 672 2392 Metonyuiicdis.

352 2405 393 2433 10
418 2401 569 2442 Cynthia]
594 2402 690 2432 Luna
706 2411 764 2432 seu
782 2400 909 2438 Diana,
932 2404 1014 2432 nata

310 2454 343 2485 in
360 2458 474 2484 monte
493 2452 639 2493 Cyntho,
665 2452 722 2492 qui
746 2462 839 2482 mons
857 2456 908 2483 est
930 2451 1014 2483 Deli

311 2504 429 2536 Insulae
447 2504 481 2534 iu
498 2503 581 2533 mari
597 2502 724 2541 AEgaeo.

355 2558 395 2587 12
420 2554 568 2586 Humana
584 2553 701 2594 mente]
733 2554 894 2585 Humana
923 2563 1017 2585 mens

1058 1840 1145 1880 regit
1161 1839 1337 1879 mundum,
1351 1839 1405 1880 qui
1422 1842 1538 1871 mente
1556 1839 1672 1870 divina
1687 1839 1763 1880 regi

1057 1891 1173 1922 debet.
1221 1891 1381 1923 Ceterum
1403 1889 1534 1920 Plinius
1559 1890 1702 1930 sphaerae
1716 1889 1766 1920 in-

1059 1942 1266 1979 ventionem,
1281 1950 1368 1971 nunc
1381 1939 1527 1976 Atlanti,
1541 1949 1628 1970 nunc
1640 1938 1766 1970 Anaxi·

1059 1992 1199 2022 mandro
1235 1991 1376 2029 tribuit;
1415 1990 1570 2021 Laertius
1607 1989 1765 2028 Musaeo;

1062 2043 1118 2073 alii
1144 2043 1232 2073 aliis:
1272 2042 1331 2073 sed
1357 2041 1567 2072 communior
1594 2040 1768 2072 sententia

1063 2093 1204 2134 sphaerae
1233 2093 1445 2124 inventorem
1472 2092 1629 2133 agnoscit
1649 2091 1773 2123 Archi-

1064 2143 1210 2175 medem.

1108 2197 1148 2225 13
1175 2194 1346 2234 lusontem]
1382 2193 1459 2224 Non
1484 2193 1573 2223 enim
1592 2193 1678 2224 adeo
1694 2202 1773 2233 pec-

1066 2256 1161 2277 casse
1178 2246 1326 2285 videtur,
1340 2245 1396 2287 qui
1413 2255 1498 2286 opus
1515 2250 1647 2276 naturae
1663 2247 1775 2276 tenta·

1067 2304 1119 2329 ret
1136 2298 1273 2328 imitari.

1110 2348 1290 2388 Salmonea]
1314 2349 1381 2380 Hic
1399 2354 1538 2389 pontem
1553 2357 1683 2379 aeneum
1699 2356 1775 2378 eur-

1069 2412 1105 2432 ru
1132 2400 1320 2442 quatiebat,
1345 2399 1387 2430 ad
1415 2399 1581 2431 imitanda
1604 2398 1776 2436 tonitrua3

1070 2452 1130 2483 sed
1147 2461 1222 2482 eum
1240 2460 1319 2482 vero
1337 2449 1480 2482 fulmine
1506 2450 1646 2492 Jupiter
1660 2448 1775 2488 detru-

1068 2503 1113 2534 sit
1131 2502 1173 2534 ad
1191 2500 1330 2533 inferos.
