1851 3213
288 219 401 261 1200
936 231 1116 264 ennom

292 325 377 368 Ina
397 330 462 368 ter
483 327 652 368 alarum
679 329 868 382 repetito
889 330 1069 371 verbere
1087 330 1268 384 plaudit,

350 394 696 435 innarrabilibus
718 400 846 436 nocte
865 396 1021 449 dieque
1045 397 1182 439 sonis.

291 460 437 516 Atque
459 462 613 503 eadem
636 463 800 503 celeres
823 463 953 504 etiam
976 464 1251 506 discriminat
1269 465 1416 516 horaS,
1700 467 1759 507 55

349 529 677 583 Ignit'erumque
702 536 836 584 caput
856 535 920 572 ter
942 536 1164 582 venerata,
1183 533 1296 574 silet.

289 595 489 638 Antistes
511 610 752 649 nemorum,
772 599 860 640 luci
883 599 1131 642 veneranda
1151 601 1372 651 sacerdos,

349 664 408 705 Et
429 666 525 705 sola
547 666 720 706 arcanis
743 668 937 717 conscia,
961 668 1146 718 Phoebe,
1167 669 1267 710 tuis.

291 731 406 783 Quae
428 738 668 786 postquam
689 733 797 774 vitae
811 735 907 787 jam
928 735 1045 774 mille
1065 736 1279 787 peregerit
1299 748 1452 786 annos,

350 799 418 841 Ac
435 813 481 841 se
501 800 765 840 reddiderint
787 804 989 853 tempora
1008 801 1142 852 longa
1163 813 1353 853 gravem,
1702 802 1759 843 60

290 866 355 909 Ut
374 871 544 921 reparet
564 867 738 921 lapsum
760 866 863 907 fatis
885 868 1170 920 vergentibus
1193 881 1355 919 aevum,

349 934 530 975 Assueti
551 935 738 975 nemoris
758 934 888 975 dulce
909 936 1056 976 cubile
1078 935 1202 988 fugit.

291 1000 490 1056 Cumque
509 1001 768 1043 renascendi
789 1002 937 1042 studio
957 1003 1058 1044 loca
1077 1008 1232 1045 sancta
1251 1004 1426 1057 reliquit
1446 1017 1456 1055 ;

347 1070 476 1111 Tunc
495 1070 603 1123 petit
624 1069 737 1110 hunc
761 1071 924 1119 orbem,
950 1070 1074 1111 Mors
1094 1071 1169 1111 ubi
1189 1085 1321 1124 regna
1341 1075 1468 1113 tenet.

291 1137 453 1191 Dirigit
472 1139 517 1178 in
540 1138 711 1191 Syriam
734 1138 896 1179 celeres
920 1139 1122 1192 longaeva
1141 1141 1341 1191 volatus;
1702 1139 1759 1180 (35

350 1205 586 1247 Phoenices
606 1218 763 1246 nomen
786 1206 857 1246 cui
879 1206 1000 1246 dedit
1018 1207 1116 1260 ipsa
1136 1206 1308 1248 Venus.

291 1273 578 1326 Secretosque
601 1273 712 1326 petit
732 1272 906 1313 deserta
927 1287 1005 1326 per
1033 1275 1135 1315 avia
1155 1275 1296 1324 lucos,

352 1341 443 1381 Hic
462 1341 538 1380 ubi
560 1353 638 1392 per
659 1340 798 1380 saltus
821 1341 946 1394 sylva
966 1345 1134 1382 remota
1153 1342 1275 1382 latet.

291 1408 406 1449 Tum
425 1408 533 1461 legit
554 1407 671 1448 aerio
693 1408 923 1449 sublimem
942 1410 1108 1449 vertice
1128 1410 1337 1462 palmam,

350 1474 465 1526 Quae
488 1475 671 1517 Graium
694 1475 886 1517 Phoenix
908 1489 966 1517 ex
988 1489 1071 1518 ave
1093 1490 1250 1518 nomen
1269 1478 1428 1520 habet:
1701 1480 1759 1520 70

923 1635 1155 1650 eeeeeeeeeeee

290 1742 422 1783 pertulit
447 1743 605 1774 Lambec.
631 1744 777 1775 Maeran.
796 1749 832 1776 et
859 1749 928 1776 tres
945 1745 1024 1777 edd.
1042 1746 1137 1777 Rom.
1165 1746 1302 1786 perpulit
1319 1745 1561 1777 Lincoln.—54
1585 1745 1679 1777 Talis
1706 1750 1760 1780 est

293 1785 377 1817 ordo
393 1786 490 1826 hujus
508 1791 544 1816 et
559 1786 704 1818 duorum
726 1797 882 1819 versuum
899 1798 1006 1829 seqq„
1031 1798 1130 1829 quem
1154 1788 1291 1819 codices
1307 1789 1391 1819 Mss.
1415 1788 1520 1821 Hafn.
1543 1789 1663 1820 Barth.
1687 1790 1760 1820 alii-

293 1838 372 1869 que,
388 1833 422 1858 et
446 1828 552 1859 editio
575 1829 724 1867 Veneta,
743 1829 880 1868 Aldina,
899 1831 1035 1868 Pithoei,
1055 1832 1238 1868 Dein-teri,
1258 1832 1470 1872 Rapheleng.
1488 1832 1613 1863 etvaliae
1632 1841 1759 1872 reprae-

293 1875 444 1908 sentant,
467 1871 548 1902 licet
570 1871 603 1901 in
630 1873 800 1913 Mediceo,
827 1878 973 1914 utroque
1003 1874 1184 1913 Vaticano,
1212 1874 1392 1912 vossiano,
1409 1879 1445 1905 et
1470 1876 1576 1905 altero
1603 1874 1760 1916 Suecico,

294 1918 509 1954 pentameter
525 1914 579 1944 hic
596 1921 741 1954 ponatur
758 1920 834 1956 post
850 1927 896 1948 vs.
914 1921 966 1947 55.
985 1927 1082 1957 quem
1103 1917 1134 1947 in
1160 1918 1222 1947 hac
1245 1917 1325 1947 sede
1341 1918 1524 1955 collocant,
1549 1922 1586 1948 nt
1612 1917 1645 1947 in
1673 1917 1758 1949 edit.

295 1956 437 1987 Heinsii.
452 1956 510 1986 sed
523 1958 666 1988 aiterum
685 1959 836 1990 ordinem
853 1964 989 1990 secutus
1006 1960 1109 1990 etiam
1126 1965 1176 1990 est
1196 1961 1441 1990 Bnnemannns.
1474 1959 1700 1991 lnnarabilibus
1715 1970 1759 1991 ex

295 1999 381 2030 Cod.
397 2000 491 2030 Voss.
510 2000 617 2031 edidit
634 2001 806 2040 Heinsius,
830 2003 919 2043 quod
946 2012 1005 2041 pro
1022 2002 1279 2033 inenarrabilibus
1296 2003 1436 2039 dictum,
1454 2003 1506 2032 vel
1524 2012 1582 2033 non
1598 2003 1758 2034 enarrabi-

295 2041 386 2081 libus,
410 2043 493 2072 utin
512 2043 591 2074 Vnt.
619 2053 687 2075 sec.
726 2045 796 2076 Non
821 2045 1005 2076 errabilibus
1032 2046 1171 2076 Maeran.
1198 2050 1268 2076 tres
1295 2045 1372 2076 edd.
1400 2045 1494 2075 Rom.
1519 2046 1642 2076 Venet.
1659 2045 1760 2078 Jnnt.

294 2084 374 2115 Ald.
398 2085 490 2115 Pith.
519 2091 554 2116 et
582 2087 712 2118 aL-56
740 2091 812 2118 tunc
838 2091 984 2118 venerata
1011 2088 1098 2119 alter
1124 2088 1343 2119 Suecic.——60
1375 2088 1481 2127 Ipsam
1511 2091 1540 2118 et
1565 2088 1760 2119 reddiderint

295 2127 468 2158 Francius.
502 2128 545 2159 Et
561 2139 593 2160 se
609 2131 882 2161 Bartholin.-—61
913 2131 956 2161 Ut
972 2132 1086 2170 reperit
1103 2131 1247 2162 Maeran.
1274 2131 1318 2161 Et
1334 2133 1457 2171 reparet
1476 2130 1610 2161 Bodlei.
1640 2131 1759 2171 lapsum

295 2169 424 2200 Medic.
441 2170 506 2201 dno
525 2173 617 2204 Vatt.
636 2173 788 2205 Vossian.
805 2175 892 2205 alter
913 2174 1042 2204 Suecic.
1059 2174 1200 2204 Maeran.
1219 2173 1332 2205 Oxon.
1349 2173 1501 2204 Lincoln.
1520 2172 1623 2205 Hafn.
1638 2173 1759 2206 Barth.

296 2213 454 2244 Lambec.
472 2214 603 2246 Suecic.
620 2216 653 2246 in
681 2216 759 2247 Act.
786 2217 928 2248 Jenens.
953 2216 1090 2257 aliique.
1125 2217 1237 2247 lassum
1255 2216 1332 2248 edd.
1350 2217 1481 2247 Romm.
1500 2216 1645 2255 Veneta,
1660 2217 1758 2249 Junt.

296 2255 436 2294 Aldina,
460 2257 551 2288 Pith.
569 2263 604 2289 et
626 2258 752 2290 Aldum
775 2263 901 2291 seentae
925 2259 1163 2299 reliqum—62
1187 2259 1359 2290 Adsuetum
1376 2259 1503 2290 Medic.
1519 2263 1662 2300 uterque
1678 2259 1758 2291 Vat.

295 2298 427 2329 saevio.
449 2309 514 2330 sec.
542 2301 637 2333 voss.
656 2303 798 2333 Maeran.
817 2301 923 2333 Hafn.
942 2302 1093 2332 Bai-thou.
1110 2307 1144 2332 et
1160 2302 1294 2332 Suecic.
1308 2302 1339 2332 in
1355 2301 1433 2332 Act.
1449 2302 1676 2334 Jeneus.—63
1693 2303 1759 2333 loca

295 2343 402 2371 sancta
418 2342 565 2381 relinquit
582 2344 680 2376 Voss.
701 2350 737 2376 et
754 2346 834 2376 Vat.
853 2355 902 2386 pr.
940 2346 1004 2375 loca
1019 2354 1144 2384 quoeque
1160 2345 1306 2384 relinquit
1323 2344 1540 2376 Media—64
1566 2344 1642 2375 Tum
1657 2345 1758 2376 Voss.

296 2383 438 2414 Maeran.
455 2390 490 2415 et
508 2386 659 2418 Barthol.
698 2398 772 2418 moa:
799 2398 857 2427 pro
886 2388 974 2418 Mors
994 2388 1089 2417 Voss.
1112 2387 1246 2418 Snecic.
1276 2387 1343 2418 duo
1360 2388 1437 2418 Vat.
1459 2387 1589 2418 Bodlei.
1606 2387 1757 2419 Lincoln.

297 2430 334 2456 et
350 2425 454 2457 Hafn.
482 2428 561 2458 Mox
573 2430 654 2468 petit
668 2430 745 2460 hunc
761 2430 875 2468 orbem,
890 2441 961 2461 mox
978 2429 1029 2460 ubi
1043 2440 1070 2460 r.
1084 2432 1108 2459 t.
1125 2429 1256 2460 Snecic.
1274 2429 1307 2459 in
1325 2429 1405 2461 Act.
1422 2430 1648 2462 Jenens.-66
1668 2430 1758 2461 1³11oe-

295 2468 393 2500 m'cem
409 2469 538 2501 Medic.
560 2473 699 2503 Maeran.
718 2472 823 2505 Hat'n.
845 2473 981 2504 Suecic.
1006 2482 1073 2503 sec.
1097 2477 1132 2502 et
1156 2472 1249 2503 Vatt.
1277 2472 1354 2503 duo.
1380 2472 1538 2503 Phoenicis
1564 2473 1695 2503 Snecic.
1723 2473 1758 2503 in

295 2511 371 2543 Act.
383 2513 520 2545 Jenens.
533 2513 610 2544 edd.
628 2516 757 2545 Roinm.
768 2517 852 2546 Ven.
865 2517 960 2548 Junt.
974 2515 1052 2547 Ald.
1066 2519 1101 2545 et
1114 2514 1246 2545 Gauaei.
1263 2515 1422 2545 Phoenices
1434 2515 1526 2545 Pi'th.
1545 2515 1757 2556 Rapheleng.

297 2554 432 2585 Demst.
449 2556 568 2587 Barth.
594 2557 646 2588 (ΣΙ,
666 2557 931 2598 Oudendorpius
952 2569 1013 2598 per
1029 2557 1275 2598 appositionem
1291 2557 1431 2597 legebat
1468 2557 1633 2588 Phoenicen
1650 2567 1759 2588 nomm

297 2598 345 2628 cui
360 2598 456 2628 dedit.
480 2598 556 2629 dein
580 2600 645 2639 ipsa
660 2603 747 2630 vetus
772 2607 932 2641 corrupte
950 2601 1128 2638 legebatur
1144 2600 1307 2630 hactenus
1334 2600 1367 2630 in
1385 2599 1539 2630 omnibus
1557 2599 1658 2631 editis
1677 2605 1756 2632 ante

297 2640 479 2672 salutarem
497 2642 631 2673 Heinsii
646 2653 792 2681 manum,
806 2644 862 2684 qni
877 2644 1014 2684 egregie
1031 2653 1072 2674 ex
1089 2643 1295 2682 conjectura,
1307 2652 1326 2672 a
1343 2641 1474 2672 duobus
1489 2642 1664 2673 codicibus
1682 2652 1759 2683 pro-

299 2683 390 2720 bata,
412 2684 479 2723 ipsa
501 2685 599 2716 Venus
626 2686 877 2717 restitum—08
912 2687 967 2717 Sic
993 2687 1045 2717 ubi
1072 2685 1199 2717 Medic.
1229 2686 1294 2716 duo
1319 2685 1415 2717 Vatt.
1432 2685 1589 2717 Vossiau.
1612 2686 1757 2717 Maeran.

297 2726 431 2758 Succic.
443 2736 509 2759 sec.
525 2732 561 2758 et
577 2728 853 2760 Bartholin.——69
879 2729 962 2760 Tunc
971 2730 1050 2769 legit
1061 2729 1167 2760 aiireas
1177 2728 1320 2759 sublimes
1332 2729 1445 2759 vertice
1465 2728 1585 2768 palmas
1613 2729 1758 2760 Maeran.

297 2772 475 2809 surgentem
491 2779 552 2812 pro
566 2771 724 2802 sublimem
739 2771 1000 2803 Francius—70
1021 2775 1149 2812 gratum
1162 2775 1229 2803 tres
1241 2771 1360 2813 primae
1372 2770 1450 2803 edd.
1469 2772 1602 2804 Roinm.
1612 2771 1758 2813 Veneta,
