1851 3213
282 190 397 233 1384

284 298 391 327 tatur:
425 294 486 326 sed
512 298 582 326 tum
614 294 742 325 rectius
770 293 877 333 legas,
899 292 943 322 sic
958 301 989 322 se

284 348 440 376 testatur:
463 344 631 385 quomodo
656 353 717 384 pro
742 342 878 373 diversa
893 342 991 372 lecti-

285 404 350 426 one
376 395 474 434 prim.
508 394 666 425 Vatican.
697 399 732 424 et
760 403 828 423 sec.
862 392 990 424 Medic.

284 453 395 485 neque
409 445 507 475 aliter
523 444 756 474 Farnesianus.
769 442 892 481 virgil.
905 443 914 458 ‘
926 442 992 472 Hic

284 494 350 532 vir,
365 495 418 524 hic
438 500 488 524 est
503 493 523 523 ι’
548 500 665 523 nolum
691 492 793 522 illud:
830 494 839 508 ⁶
858 491 903 522 At
921 492 991 531 pul-

285 543 402 574 chrum
418 550 468 574 est
485 543 593 583 digito
619 543 810 580 monstrari,
828 548 862 574 et
875 542 993 582 dicier,

285 594 354 625 Hic
372 599 423 625 est
437 594 456 624 ι’
479 604 540 633 pro
556 592 650 634 offert
664 594 752 624 alter
766 593 878 624 Oxon.
891 593 993 633 effert.

285 643 330 674 D.
348 644 465 674 Heins.

329 697 393 724 319
417 694 483 724 Hic
506 694 557 724 ille
583 694 644 734 est]
677 694 883 725 Ambitionis
908 704 994 734 prae-

284 744 389 775 mium
428 745 606 775 monstrari
644 745 750 779 digito
783 751 995 784 praetereun-

286 795 384 833 tium,
401 797 488 835 qnod
508 796 549 824 de
571 804 606 823 se
623 795 811 832 gloriantur
828 795 994 824 Horatius

286 850 322 876 et
339 846 519 876 Martialis.
544 845 703 875 Persius:
721 846 729 860 ‘
743 845 928 874 Pulchrum
943 848 996 875 est

287 894 397 934 digito
414 895 593 924 monstrari
614 898 647 924 et
664 894 782 932 dicier,
801 894 870 925 Hic
890 895 963 926 est!

333 944 478 974 Testatur
494 947 523 973 et
540 943 649 984 offert]
684 944 814 974 Notum
832 947 994 983 testatur,

285 994 436 1034 ignotum
456 993 569 1030 offert,
587 1000 622 1025 et
640 995 747 1026 tacito
764 993 909 1035 quodam
927 995 994 1026 cla-

286 1055 382 1076 more
400 1045 502 1076 docet
520 1051 622 1086 atque
641 1046 779 1076 indicat.
804 1045 920 1076 Barth.

330 1098 393 1126 320
418 1096 592 1126 Potestatrs
616 1095 744 1134 species]
779 1095 921 1125 Animus
942 1099 995 1126 tot

287 1145 539 1185 provinciarum
574 1146 777 1185 Imperator,
806 1150 857 1175 tot
887 1145 995 1185 regio-

285 1204 365 1225 num
383 1200 490 1232 tutor.
508 1196 720 1226 exercituum
739 1201 865 1234 rector,
883 1196 995 1226 elucet

287 1246 403 1286 specie
420 1246 584 1285 corporis,
600 1251 636 1276 et
663 1246 815 1276 omnibus
834 1246 996 1285 gestibus,

287 1295 444 1334 gravibus
461 1296 550 1324 citra
566 1293 828 1325 affectationem.

332 1345 404 1375 Non
422 1344 619 1384 voceferoci]
644 1354 683 1375 11.
707 1345 738 1374 in
755 1345 994 1376 Stilichonem:

286 1397 294 1413 ‘
314 1407 381 1427 non
397 1406 480 1437 quos
508 1396 718 1436 promoveris
741 1397 810 1427 alto
825 1396 997 1436 angidus

286 1447 470 1488 alloqueris
488 1446 604 1478 fastn.‘
627 1447 744 1477 Barlh.

331 1500 393 1528 321
409 1497 484 1528 Alto
499 1498 645 1528 simulata
655 1498 772 1536 gradu,
783 1507 843 1527 non
858 1496 997 1537 improba

284 1548 394 1588 gestu]
430 1548 587 1589 Utraque
614 1549 688 1578 haec.
714 1547 937 1588 reprehendit
963 1549 997 1579 in

286 1599 425 1630 inimico
453 1599 648 1630 Stilichonis
679 1599 742 1636 sui,
769 1598 903 1629 Rufino.
949 1600 997 1630 Ut

287 1653 362 1680 tota
388 1649 510 1679 Poe'sis
536 1649 636 1689 hujus
661 1649 936 1687 luculentissimi,
963 1653 998 1680 et

287 1700 380 1730 unici
410 1701 540 1737 talium,
569 1701 760 1740 scriptoris,
790 1699 998 1731 laudandum

288 1759 379 1786 eum,
394 1754 429 1780 et
444 1760 530 1780 novo
546 1759 704 1789 praecone
719 1750 870 1789 dignum,
882 1749 997 1789 finem,

289 1804 415 1839 servat,
440 1800 617 1830 imminere
637 1800 814 1839 vituperiis
844 1800 874 1830 in
904 1800 998 1839 vitia,

287 1850 473 1881 virtutibus
489 1850 613 1880 merita
635 1855 775 1880 nectere
794 1851 976 1890 praeconia.

332 1900 479 1940 Improba
491 1899 598 1940 gestu]
622 1899 850 1939 Effoeminata‚
865 1902 999 1941 lasciva,

289 1951 411 1991 turpis.
436 1952 492 1982 De
511 1956 609 1990 gestu
626 1951 716 1982 enim
734 1961 863 1981 morum
883 1952 999 1982 animi-

289 2011 355 2043 que
372 2002 573 2042 conjectura
595 2012 662 2032 non
678 2001 797 2033 futilis.
818 2002 934 2033 Barth.

332 2054 396 2082 322
421 2052 576 2092 fingique
603 2052 758 2092 laborant]
783 2053 831 2083 Ut
857 2062 899 2083 ex
926 2062 1000 2084 sese

287 2100 430 2141 faciant,
447 2108 484 2133 ut
503 2103 536 2132 in
556 2113 611 2134 eas
628 2113 701 2134 sese
718 2102 843 2135 formas
860 2114 999 2135 conver-

289 2157 375 2184 tant.
400 2154 499 2185 Idem.

332 2205 394 2233 323
421 2204 491 2234 Hoc
513 2204 622 2244 donat]
656 2205 713 2236 Ita
741 2205 881 2245 scripti:
907 2214 998 2236 men-

290 2252 370 2284 dose
388 2254 489 2293 vulgo
506 2255 600 2287 Hoec.
626 2256 671 2287 D.
690 2256 810 2288 Heius.

332 2303 457 2343 Donat]
504 2306 609 2336 Nullo
648 2307 764 2338 labore
804 2308 997 2349 quaesitum.

290 2353 410 2385 Barth.

333 2406 396 2435 324
421 2403 640 2444 Formosusque
656 2406 760 2447 rigor]
786 2407 928 2447 Gratus,
945 2418 998 2440 ac-

290 2458 482 2494 ceptusque
499 2455 664 2486 omnibns.

338 2505 505 2544 Vultusque
521 2509 649 2536 auctura
666 2508 825 2547 verendos]
848 2509 999 2539 Venera-

289 2554 459 2586 bilitatem
477 2563 619 2586 auctura
637 2557 755 2589 vultui.
780 2559 896 2589 Barth.

333 2606 394 2636 325
417 2605 573 2645 Canities]
588 2607 787 2638 Stilichonis
805 2609 891 2639 hanc
909 2619 998 2640 com-

290 2654 431 2687 mendat
446 2661 480 2686 et
495 2657 586 2687 alibi.
611 2657 710 2689 Idem.

336 2706 490 2747 Canities]
511 2707 599 2738 Belli
622 2708 726 2740 duces
744 2720 783 2741 ac
801 2710 924 2741 milites
944 2721 997 2742 ce-

291 2756 395 2788 lerius
413 2762 611 2800 canescunt,
627 2764 770 2800 propter
785 2760 998 2802 insomniam,

540 200 681 232 NOTAE
715 198 980 230 VARmRUM
1014 198 1062 228 IN
1100 198 1175 228 ct..
1208 197 1392 228 CLAUD.
1425 195 1476 226 X.

1040 291 1188 332 labores,
1203 296 1239 322 et
1255 291 1320 322 alia
1337 288 1559 321 incommoda.

1086 343 1234 372 Consorte
1247 340 1379 380 remota]
1393 340 1433 371 Id
1449 343 1514 379 est,
1530 335 1746 379 aegritudine,

1042 391 1193 431 tristitia,
1220 397 1278 423 aut
1304 393 1486 430 languore:
1512 399 1588 420 nam
1610 388 1620 404 ‘
1636 387 1745 418 multa

1043 451 1156 472 senem
1196 442 1466 472 circumveniunt
1509 435 1744 470 incommoda!

1045 493 1165 524 Clarer.

1089 544 1238 574 Censor-te
1260 541 1393 581 remota]
1426 541 1480 572 An
1507 540 1571 579 leg.
1598 538 1648 569 cui
1665 539 1748 568 sorte

1042 597 1172 632 remota,
1188 592 1266 633 ξολ
1287 593 1421 624 Laudat
1438 591 1527 622 enim
1555 590 1645 620 illam
1661 596 1749 628 prae·

1045 643 1207 674 festinam
1224 644 1397 681 canitiem,
1409 640 1623 682 prudentiam
1646 638 1748 679 junc-

1045 695 1104 725 tim
1122 700 1157 725 et
1176 695 1349 731 virtutem,
1366 693 1408 723 de.
1425 696 1565 722 senecta
1580 689 1750 729 etjuven-

1045 749 1092 782 ta,
1118 745 1289 783 aetatibus,
1316 743 1589 782 participantem.
1626 738 1750 769 Sortem

1046 799 1159 824 antem
1174 797 1322 824 remotam
1347 793 1445 830 dixit,
1463 791 1551 831 qnod
1575 789 1666 820 ultra
1691 788 1750 818 bn-

1045 854 1154 874 manoe
1179 853 1306 873 morem
1331 848 1367 873 et
1391 851 1484 872 usum
1508 841 1577 871 tale
1595 838 1675 880 quid
1690 847 1750 868 sno

1046 895 1152 925 Heroi
1170 894 1334 933 obtigisse
1353 893 1457 923 dicat.
1484 890 1600 921 Barth.

1088 947 1151 975 326
1170 944 1366 982 Contingunt
1379 942 1581 982 gravitasque
1591 938 1671 978 seni]
1686 938 1754 968 Ve-

1045 1004 1081 1025 ra
1096 995 1169 1026 haec
1186 994 1300 1032 lectio,
1316 1003 1414 1034 quam
1441 991 1564 1029 Aldus,
1590 988 1752 1030 Isingrini

1045 1045 1143 1083 liber,
1160 1054 1198 1075 ac
1215 1044 1365 1074 nonnulli
1382 1053 1423 1073 ex
1441 1041 1564 1072 nostris
1581 1039 1753 1070 exhibent.

1046 1096 1158 1135 Vulgo
1187 1094 1351 1132 Contingit
1374 1093 1453 1123 senii
1475 1092 1630 1131 gravitas.
1653 1089 1752 1130 prim.

1046 1145 1206 1175 Vatican.
1233 1140 1654 1182 Contingitseniogmritas:
1672 1148 1753 1179 quo-

1047 1196 1146 1224 modo
1164 1198 1198 1224 et
1216 1194 1271 1224 alii
1286 1192 1453 1228 nonnulli,
1480 1191 1532 1221 vel
1549 1191 1751 1228 contingunt.-

1045 1244 1111 1274 seni
1129 1254 1188 1283 pro
1204 1245 1282 1275 senii
1298 1243 1398 1280 dixit,
1414 1242 1503 1282 quod
1518 1251 1583 1271 non
1600 1241 1753 1271 intellec-

1048 1299 1119 1325 tum
1137 1304 1155 1324 a
1171 1294 1318 1324 librariis
1335 1294 1410 1323 loco
1428 1291 1589 1322 mutando
1606 1291 1754 1322 occasio·

1048 1355 1124 1375 nem
1142 1344 1249 1375 dedit.
1280 1343 1452 1374 Ausonius
1469 1342 1580 1382 Epist.
1597 1351 1622 1373 1.
1639 1341 1682 1372 ad
1699 1350 1756 1382 pa-

1048 1400 1151 1425 trem:
1177 1396 1185 1411 ‘
1209 1394 1354 1425 Pulchra
1377 1395 1521 1434 juventa
1543 1392 1608 1422 sibi
1624 1391 1754 1422 senium

1049 1445 1240 1485 sicjiingit‚
1256 1450 1292 1475 ut
1308 1454 1430 1482 aevnm,
1456 1441 1557 1476 Quod
1581 1442 1673 1482 prius
1690 1446 1758 1481 est,

1048 1499 1202 1525 maneat:
1230 1494 1320 1535 qnod
1335 1495 1449 1533 modo,
1464 1498 1502 1524 ut
1516 1493 1670 1532 incipiat.
1710 1493 1756 1524 Et

1048 1545 1220 1585 placuisse
1249 1555 1325 1575 reor
1352 1544 1494 1584 geminis
1518 1543 1692 1583 aetatibus,
1717 1546 1757 1575 ut

1048 1604 1083 1625 se
1100 1595 1176 1625 Non
1200 1593 1366 1625 festinato
1393 1599 1550 1634 tempore
1574 1599 1753 1634 uti-amque

1049 1645 1147 1676 daret
1162 1645 1182 1675 :'
1207 1645 1255 1675 sic
1282 1645 1349 1676 ista
1378 1644 1530 1675 emendo.
1557 1643 1593 1674 τὸ
1617 1646 1756 1674 consorte

1047 1698 1165 1726 remota
1182 1695 1224 1726 ad
1240 1696 1400 1726 canitiem
1413 1694 1642 1733 referendum,
1655 1704 1754 1735 quam

1049 1748 1132 1778 senii
1148 1752 1340 1778 consortem
1358 1751 1476 1778 vocat:
1501 1747 1548 1777 sio.
1565 1752 1600 1776 et
1622 1746 1755 1777 Plinius

1049 1797 1083 1827 in
1110 1797 1326 1838 Panegyrico
1349 1799 1357 1813 ‘
1376 1796 1539 1827 festinata
1567 1795 1756 1827 senectutis

1048 1847 1204 1888 insignia’
1221 1848 1383 1878 canitiem
1409 1848 1555 1878 dixerat.
1581 1857 1655 1887 quae
1680 1856 1756 1877 nos-

1049 1903 1103 1928 ter
1120 1898 1281 1929 imitatus.
1328 1898 1469 1938 Gyrald.
1483 1898 1581 1938 prim.
1597 1898 1757 1929 Vatican.

1050 1954 1085 1980 et
1099 1949 1278 1980 duodecim
1293 1949 1348 1979 alii
1363 1959 1432 1979 cum
1444 1951 1527 1978 sorte
1540 1951 1670 1979 remota.
1686 1957 1759 1979 sec.

1050 2004 1086 2030 et
1111 2004 1191 2030 tert.
1219 1999 1390 2034 Vaticani,
1419 2003 1454 2030 et
1483 2004 1562 2030 octo
1589 2002 1759 2038 praeterea

1049 2060 1126 2081 cnm
1151 2049 1241 2080 Aldo
1271 2053 1409 2080 consorte
1424 2052 1562 2079 remoto.-
1585 2048 1756 2090 quomodo

1051 2106 1086 2132 et
1102 2101 1164 2132 Vir
1181 2100 1432 2132 Celeberrimus
1464 2100 1600 2140 Gaspar
1628 2099 1758 2131 Gevar-

1050 2151 1118 2182 tius
1147 2151 1311 2181 censebat
1344 2150 1562 2181 scribendum
1600 2152 1688 2190 esse,
1718 2153 1758 2181 ut

1051 2203 1192 2234 Rufinus
1220 2203 1517 2242 subintelligatur:
1541 2212 1579 2232 en
1603 2205 1685 2233 sorte
1708 2210 1758 2232 re·-

1049 2257 1144 2294 motu,
1160 2253 1270 2285 codex
1287 2253 1457 2291 Isingrini.
1473 2261 1557 2282 unus
1571 2252 1683 2283 Vatic.
1698 2261 1759 2282 non

1048 2308 1132 2335 sorte
1157 2306 1285 2334 remota.
1322 2302 1483 2333 Barthius
1511 2301 1670 2342 conjicit:
1707 2300 1757 2331 cui

1048 2361 1132 2387 sorte
1154 2359 1272 2386 remota
1302 2355 1497 2392 Contingunt
1522 2352 1602 2383 senii
1613 2351 1758 2391 gravitas

1048 2406 1343 2446 viresquejuventoe.
1370 2404 1461 2442 Lege
1484 2412 1552 2432 cum
1561 2405 1644 2431 sorte
1658 2408 1758 2432 remo·

1049 2459 1090 2486 tae
1118 2455 1313 2492 Contingunt
1340 2452 1423 2482 senio
1448 2451 1592 2491 gravitas
1617 2450 1757 2491 viresque

1042 2506 1196 2544 juventae:
1216 2507 1299 2534 sorte
1318 2505 1453 2539 remotoe,
1479 2505 1606 2541 praeter
1627 2505 1757 2531 sortem

1048 2561 1082 2587 et
1097 2564 1231 2586 cursum
1248 2558 1393 2583 naturae.
1422 2552 1491 2582 Pro
1507 2551 1634 2581 nocendi
1651 2551 1756 2591 paulo

1048 2611 1128 2646 post
1145 2604 1265 2635 nocenti
1283 2603 1408 2633 malim.
1432 2603 1478 2633 D.
1496 2601 1611 2632 Heius.

1091 2658 1154 2686 328
1180 2655 1321 2684 Ornatur
1338 2652 1480 2683 Fortuna
1493 2650 1577 2690 viro]
1608 2652 1755 2683 Tantum

1048 2705 1147 2736 abest
1163 2709 1201 2736 ut
1225 2704 1284 2735 ille
1300 2703 1430 2745 aliquid
1446 2702 1590 2735 fortunae
1617 2701 1755 2735 debeat.

1048 2756 1166 2788 Barth.
