1852 3182
655 220 917 251 mnYquA.
1395 206 1509 247 1097

62 323 169 364 Sola
188 325 316 370 tenet,
337 330 489 359 secura
506 317 614 369 poli,
637 329 722 356 non
745 315 893 367 indiga
914 313 1027 354 venti
1046 325 1055 352 :

61 390 238 431 Gaudet
259 386 397 439 aquis,
421 397 532 437 quas
553 384 654 436 ipsa
675 383 807 431 vehit,
828 381 1022 434 Niloque
1042 377 1305 419 redundant:

63 456 154 507 Qui
176 453 325 508 rapido
348 457 489 491 tractu
507 451 665 491 mediis
686 452 866 503 elapsus
889 449 945 489 ab
969 447 1162 494 Austris,

64 522 363 573 Flammigerae
385 520 552 572 patiens
574 519 710 560 Zonae
734 518 981 569 Cancrique
1005 515 1202 562 calentis,

66 590 296 631 Fluctibus
317 588 476 638 ignotis
496 590 689 627 nostrum
712 584 926 638 procurrit
948 584 991 623 in
1009 582 1175 630 orbem,

65 657 237 698 Secreto
259 655 314 694 de
336 654 452 694 fonte
474 655 656 702 cadens,
679 653 755 707 qui
779 663 952 704 semper
973 650 1088 689 inani

65 721 343 773 Quaerendus
366 722 534 762 ratione
553 721 689 771 latet3
720 733 799 759 nec
822 718 1004 769 contigit
1025 716 1101 756 ulli

67 790 170 831 Hoc
188 789 353 830 vidisse
374 793 523 842 caput.
584 788 738 829 Fertur
761 787 854 828 sine
875 789 984 826 teste
1008 787 1194 833 creatus,

1463 579 1518 618 10

66 922 184 953 tentis:
199 921 325 959 fruitur
341 921 428 961 aquis
443 931 518 961 quus
544 920 609 961 ipsa
619 920 699 958 sert,
716 923 744 950 et
761 929 837 960 quae
854 919 1010 948 exundant
1027 926 1068 946 ex
1087 915 1173 954 Nilo,
1195 914 1246 953 qui
1264 922 1419 951 emergens
1434 921 1524 943 cursu

64 964 220 1005 praecipiti
236 975 275 995 ex
291 966 391 994 media
408 964 544 1003 regione
562 963 714 999 meridiei,
740 964 873 992 tolerans
888 970 993 991 :onam
1010 959 1173 995 torridum,
1200 960 1229 986 et
1249 957 1402 986 Cancrum
1416 956 1525 985 arden-

67 1011 141 1046 tem,
155 1007 327 1047 prorumpit
344 1008 376 1037 in
391 1010 492 1037 terras
507 1009 627 1036 nostras
642 1005 821 1043 ‹nnbagibus
837 1004 974 1040 occultis,
991 1002 1096 1041 fluens
1119 1010 1158 1030 ex
1182 998 1375 1035 scaturigine
1401 1007 1527 1035 arcana,

68 1060 134 1090 quoe
148 1060 265 1090 semper
281 1050 496 1088 investiganda
512 1058 588 1078 vano
604 1049 703 1085 modo,
720 1047 879 1085 incognita
896 1048 939 1075 est
956 1057 967 1081 ;
988 1054 1083 1083 neque
1111 1043 1168 1073 ulli
1196 1051 1366 1072 concessum
1383 1044 1425 1070 est
1441 1039 1525 1079 uspi-

68 1102 134 1124 cere
148 1096 239 1132 caput
255 1092 343 1130 hujus
358 1091 473 1123 fluvii:
498 1091 550 1121 hic
567 1089 800 1128 dicitur-factus
825 1089 891 1119 siue
915 1089 1101 1128 spectatore,
1127 1086 1270 1116 emittens
1296 1092 1392 1123 aquus
1418 1091 1528 1121 agnos-

681 1177 914 1190 eeeeeeeeeeee

71 1244 164 1276 Med.
181 1253 249 1275 sec.
283 1254 404 1275 severos
430 1253 490 1283 pro
507 1253 628 1274 serenos
644 1240 839 1272 Rasum-7
866 1240 930 1279 ipse
945 1237 1028 1268 vehit
1055 1236 1148 1268 Med.
1166 1245 1235 1266 sec.
1271 1234 1420 1273 Nilusque
1435 1230 1531 1264 Med.

71 1297 138 1319 sec.
160 1286 292 1317 Busud.
331 1287 485 1318 redundat
509 1292 577 1317 tres
605 1286 702 1316 Vatt.
728 1283 802 1315 Pal.
826 1283 922 1313 Rott.
949 1281 1058 1312 Oisel.
1096 1280 1269 1310 redundant
1295 1277 1379 1308 cod.
1409 1275 1530 1315 Epigr.

71 1330 254 1361 Anubin—s
290 1333 392 1360 tractu
421 1330 528 1368 rapido
554 1329 632 1359 Vat.
668 1331 746 1358 tert.
780 1326 928 1356 Florent.
978 1324 1098 1362 elapsus
1129 1322 1206 1352 Pal.
1245 1320 1344 1351 elatus
1380 1319 1530 1349 Florent.

71 1372 165 1404 Med.
183 1382 250 1403 see.
267 1373 330 1403 inc.
355 1372 473 1402 Heius.
498 1372 578 1402 Put.
596 1371 718 1401 Petav.
734 1379 803 1399 see.
828 1369 960 1398 Bonou.
987 1366 1053 1396 duo
1072 1364 1190 1395 Ambr.
1207 1364 1334 1393 Movet.
1352 1371 1402 1401 pr.
1419 1361 1532 1391 Oxon.

73 1425 139 1447 sec.
157 1414 287 1445 Buslid.
306 1414 388 1445 Cod.
407 1414 524 1453 Epigr.
541 1413 658 1443 Ambr.
675 1411 798 1442 Sched.
825 1409 916 1441 Gud.
943 1408 1025 1438 Var.
1042 1408 1106 1438 LL.
1135 1416 1153 1436 e
1170 1415 1276 1445 marg.
1292 1405 1406 1435 Parni.
1422 1408 1455 1433 et
1477 1401 1533 1432 ed.

75 1457 179 1489 Antv.
201 1457 316 1487 austris
329 1457 407 1487 Vat.
423 1466 473 1496 pr.
493 1456 564 1486 Pal.
591 1455 655 1485 duo
672 1453 766 1484 Med.
790 1453 874 1483 Exc.
904 1452 1047 1481 Lucens.
1066 1459 1117 1489 pr.
1141 1448 1242 1478 antris
1266 1447 1418 1477 Florent.
1437 1444 1534 1474 Med.

74 1510 144 1532 sec.
168 1501 232 1530 inc.
250 1500 367 1529 Heius,
385 1499 463 1529 Put.
482 1499 546 1528 duo
560 1498 682 1527 Petav.
712 1497 843 1526 Bonon.
861 1494 928 1524 duo
946 1492 1065 1523 Ambr.
1094 1491 1220 1521 Moret.
1236 1499 1288 1529 pr.
1315 1487 1399 1520 Cod.
1417 1487 1535 1527 Epigr.

75 1542 193 1573 Ambr.
210 1541 331 1572 Sched.
349 1541 505 1571 (Just-9
528 1539 749 1577 flammigeras
767 1539 845 1567 Put.
872 1535 988 1566 Ambr.
1004 1545 1053 1574 pr.
1070 1533 1200 1564 Buslid.
1238 1529 1450 1568 Flammiferoe
1467 1533 1536 1559 tres

75 1586 172 1616 Vatt.
191 1583 296 1614 Hafn.
313 1583 387 1614 Pal.
407 1584 500 1613 Rott.
520 1582 625 1612 Oisel.
649 1581 826 1618 cuicumque
844 1588 905 1618 pro
922 1577 1094 1614 Cancrique
1110 1575 1235 1605 Petav.
1254 1576 1410 1604 see—10
1436 1572 1536 1603 Frau-

75 1628 163 1658 dibus
183 1627 218 1657 in
241 1626 356 1656 nostris
381 1635 441 1666 pro
467 1624 627 1656 Fluctibus
650 1622 767 1661 ignotis
794 1620 888 1651 Med.
906 1629 973 1650 sec.
1010 1617 1177 1648 innumeris
1193 1615 1297 1646 Hafn.
1325 1614 1441 1645 Ambr.
1458 1618 1537 1646 tert.

76 1670 109 1700 in
124 1670 239 1700 nostris
254 1669 376 1699 Petav.
400 1677 467 1699 sec.
484 1667 567 1699 Cod.
592 1665 709 1706 Epigr.
729 1663 846 1695 Ambr.
884 1665 1018 1692 vestrum
1037 1669 1097 1699 pro
1114 1662 1251 1689 nostrum
1267 1657 1361 1688 Med.
1379 1666 1431 1695 pr.
1466 1665 1537 1695 pro-

77 1712 191 1744 cumbit
208 1712 327 1743 Petav.
351 1721 401 1751 pr.
426 1710 579 1745 percurrit
601 1708 718 1740 Ambr.
743 1710 822 1737 tert.
859 1705 892 1735 in
907 1714 1009 1744 (equor
1024 1701 1240 1733 Buslid.——-ll
1265 1700 1368 1730 labens
1380 1699 1456 1729 Pal.
1473 1697 1538 1728 duo

78 1755 259 1786 Mem—12
282 1754 414 1794 contigit
424 1747 476 1784 'illi
498 1753 668 1784 Pan—13
692 1748 876 1787 sinefertur
900 1750 977 1778 teste
994 1746 1113 1777 Petav.
1131 1753 1199 1775 sec.
1236 1743 1264 1773 si
1289 1752 1349 1773 non
1367 1740 1437 1779 fert
1455 1740 1540 1772 Cod.

738 1844 884 1879 NOTAE

125 1922 165 1951 10
190 1919 340 1950 Nostrum
354 1919 386 1950 in
402 1918 518 1959 orbem]
540 1919 581 1949 In
597 1918 782 1959 AEgyptum

83 1970 228 2009 scilicet,
245 1980 320 2011 quae
338 1970 449 2010 patria
464 1973 540 2000 erat
555 1968 740 2000 Claudiani.

130 2023 166 2050 ll
192 2020 317 2051 Secreto
333 2019 483 2060 desmate]
506 2020 593 2050 Fons
614 2019 686 2050 Nili
701 2018 786 2049 anti-

85 2071 159 2111 quis
182 2075 256 2101 erat
285 2070 492 2110 incognitus:
529 2079 662 2100 causam
690 2069 786 2108 hujus

88 2122 136 2152 rei
153 2121 296 2152 Ovidius
314 2121 432 2161 jocose
451 2120 569 2150 tribuit
592 2118 786 2150 Phaethon-

87 2171 129 2202 tis
146 2170 315 2210 incendio,
333 2180 398 2212 quo
416 2170 514 2201 Nilus
531 2169 670 2200 territus
687 2168 787 2207 fugit,

87 2224 96 2240 ‘
116 2222 347 2262 Occuluitque
370 2226 486 2261 caput,
511 2220 600 2261 quod
619 2220 727 2250 adhuc
743 2220 788 2249 la-

91 2272 163 2303 tet!
186 2272 298 2312 Hujus
315 2270 510 2302 inveniendi
527 2270 717 2311 cupiditate
731 2268 789 2299 fla-

91 2328 233 2364 grarunt
246 2332 312 2354 non
329 2322 436 2353 solum
455 2321 666 2361 Philosophi,
680 2319 737 2350 sed
756 2323 791 2350 et

92 2375 204 2415 magni
216 2374 410 2414 Principes.
434 2372 631 2404 Alexander
644 2371 791 2412 gentium

94 2425 252 2465 domitor,
268 2424 443 2462 Sesostris,
468 2427 503 2454 et
516 2423 723 2453 Ptolemaeus
739 2420 793 2450 ΙΕ-

95 2475 290 2517 gyptiorum
305 2475 416 2515 Reges
432 2473 496 2503 hac
519 2473 553 2503 in
581 2481 618 2502 re
639 2470 795 2512 perdide-

95 2530 174 2557 runt
185 2535 335 2565 operam.
363 2523 549 2564 Cambyses
567 2521 656 2553 adid
670 2520 797 2552 frustra

98 2575 250 2607 adhibuit
273 2574 474 2606 exercitum.
520 2573 565 2604 Et
591 2572 705 2604 Caesar
728 2576 798 2601 tam

97 2625 317 2657 vehementer
332 2624 435 2656 fontis
451 2623 595 2663 hujusce
613 2619 799 2662 detegendi

102 2680 203 2707 oestro
216 2678 367 2717 percitus
382 2678 469 2714 erat,
483 2674 572 2705 hunc
585 2677 623 2704 ut
637 2673 800 2703 honorem

103 2724 192 2805 bello
207 2726 296 2758 civili
313 2730 349 2759 et
365 2730 532 2758 terrarum
554 2723 698 2766 imperio
716 2732 802 2764 prae-

107 2781 142 2806 tu
158 2779 248 2807 isset.

882 1916 920 1945 13
940 1913 1057 1944 Fertur
1067 1911 1132 1942 sine
1144 1912 1223 1940 teste
1234 1907 1371 1946 creatus]
1390 1907 1440 1937 Ex
1452 1906 1544 1937 Stra-

838 1964 927 1995 bone
944 1963 1116 1994 Homerus
1135 1964 1249 1998 vocat,
1264 1959 1378 1989 Νεῖλον
1400 1954 1545 1995 δηπετέα,
1580 1962 1583 1964 ·

840 2015 997 2055 delapsum
1012 2024 1029 2043 α
1040 2012 1124 2044 Diis.
1155 2011 1190 2042 S.
1204 2008 1426 2049 Augustinus,
1437 2007 1544 2037 Theo-

842 2064 996 2101 doretus,
1012 2067 1047 2093 et
1073 2061 1129 2092 alii
1153 2059 1262 2090 sancti
1284 2059 1409 2088 Patres
1426 2056 1544 2087 Nilum

844 2125 886 2146 ex
898 2114 1064 2146 Paradiso
1082 2111 1238 2143 terrestri
1255 2113 1365 2140 ortum
1382 2117 1456 2137 esse
1474 2115 1547 2137 cre-

844 2166 1015 2204 diderunt,
1029 2163 1095 2194 rati
1110 2172 1183 2193 esse
1197 2160 1347 2198 fluvium,
1359 2168 1458 2199 quem
1472 2157 1547 2188 Mo-

845 2226 897 2247 ses
924 2219 1024 2246 vocat
1047 2215 1056 2230 ‘
1074 2213 1195 2244 Gehon
1213 2211 1270 2252 qui
1294 2208 1452 2241 circumit
1479 2217 1549 2238 om-

846 2277 921 2298 nem
939 2271 1063 2297 terram
1082 2261 1286 2303 AEthiopiae,’
1304 2270 1403 2301 quam
1420 2258 1548 2290 AEthio-

846 2318 935 2358 piam
952 2326 1013 2357 per
1035 2315 1275 2345 subterraneos
1296 2315 1427 2342 meatus
1443 2314 1478 2340 et
1493 2307 1549 2339 ad-

847 2373 904 2399 eat
936 2371 971 2398 et
1000 2366 1131 2406 irriget.
1187 2363 1285 2394 Idem
1319 2361 1424 2392 sentit
1454 2360 1550 2392 Jose-

828 2441 831 2443 >
849 2420 951 2461 phus;
966 2428 1031 2460 quo
1042 2415 1304 2449 nonnullietiam
1319 2422 1449 2445 versum
1463 2412 1552 2442 hunc

849 2470 1074 2511 Virgilianum
1092 2466 1255 2505 referunt,
1271 2467 1280 2483 ‘
1297 2465 1415 2505 Usque
1427 2463 1554 2494 colora·

852 2523 895 2553 tis
909 2521 1016 2553 amnis
1032 2520 1183 2551 devexus
1200 2517 1242 2549 ab
1256 2515 1373 2548 Indis?
1404 2514 1451 2544 At
1464 2513 1553 2544 Geo-

853 2572 972 2613 graphi
988 2570 1198 2602 recentiores
1215 2568 1404 2601 Gehonem‚
1416 2573 1481 2594 non
1494 2562 1554 2593 Ni-

854 2625 934 2662 lum,
960 2622 1020 2654 sed
1046 2621 1196 2652 Araxem
1227 2628 1299 2649 esse
1333 2613 1555 2651 contendunt,

856 2674 914 2715 qui
927 2674 1031 2704 alluat
1042 2671 1246 2710 AEthiopiam
1261 2667 1462 2708 Scythicam.
1487 2661 1555 2692 Sed

857 2729 973 2756 tamen
991 2732 1033 2753 ex
1061 2726 1128 2752 tam
1154 2719 1255 2751 variis
1283 2721 1456 2747 auctorum
1484 2721 1558 2742 sen-

860 2773 978 2806 tentiis
995 2771 1076 2804 satis
1093 2774 1200 2813 patet,
1220 2776 1320 2810 quam
1344 2763 1498 2796 occultus
1512 2771 1562 2793 es-
