1852 3182
530 196 593 226 DF.
627 196 783 226 BELLO
815 196 1101 230 GILDONlCO.

88 291 227 333 negotio
239 291 378 332 colligas
390 298 433 321 ex
446 288 633 320 Ammiano.
679 289 794 321 Possis

87 349 123 374 et
136 345 251 374 loesam
264 341 460 373 virilitatem
474 340 680 380 intelligere,
694 351 792 382 quem

88 393 240 424 morbum
258 391 376 423 dicunt
391 390 520 422 Poetae.
544 390 661 421 Bur-elz.

129 445 194 474 448
219 442 369 482 Char-eas]
388 441 626 472 Ultirnalnxus
637 447 671 473 et
683 442 790 474 ebrie-

86 493 168 525 tatis
186 493 313 524 deliria.
339 493 438 523 Idem.

129 547 194 575 450
219 544 304 579 Quas
319 544 442 582 vigilat,
464 542 574 573 Veneri
590 544 705 584 unctes]
731 543 788 574 Vi-

86 603 126 626 ro
141 593 220 624 forti
234 598 269 624 et
282 593 424 624 cordato
436 593 552 632 ingens
567 594 787 633 opprobrium

85 649 204 675 noctes
233 644 310 674 vino
339 648 374 674 et
405 644 540 674 Venere
574 643 788 684 perduxisse.

85 694 181 726 Idem.
671 728 673 730 ,

128 748 190 777 451
216 746 303 776 Illorz'
318 746 429 785 satius,
443 745 517 775 vitae
533 755 620 785 quam
630 744 719 782 serre
732 755 789 785 pu-

85 796 203 837 dorem]
228 797 339 828 Nemo
356 803 422 827 tam
436 797 539 826 miser
555 800 591 826 ut
606 795 717 835 turpia
734 796 790 826 ho·

83 847 190 878 uestis
207 853 386 888 proponat.
411 847 509 877 Idem.

126 901 190 931 452
216 900 299 930 Nam
315 898 397 939 quoe]
422 898 577 937 Abrupta
595 897 718 934 oratio,
744 897 790 927 in-

83 949 291 990 dignationis
307 949 485 990 repentino
503 948 646 979 obortae.
673 948 767 979 Idem.

125 1003 188 1031 453
225 1001 363 1041 Illyricis
389 1000 523 1040 damnis]
561 999 614 1029 Ab
640 998 790 1029 Alarico-

83 1051 160 1082 Duo
175 1051 208 1082 bi
236 1052 369 1092 tyranni
395 1050 603 1090 potissimum
627 1048 668 1078 ab
693 1048 788 1078 obitu

81 1102 260 1133 Theodosii
278 1111 347 1132 rem
372 1102 558 1132 Romanam
581 1097 788 1137 afflixerant,

81 1151 188 1183 Gildo
203 1156 239 1183 et
256 1150 426 1182 Alaricus.
452 1150 548 1179 Idem.

125 1205 188 1234 454
211 1200 287 1241 Jus]
313 1200 508 1241 Imperium.
539 1198 639 1239 Saepe
651 1198 699 1229 sic
715 1208 788 1230 nos-

61 1259 65 1263 ·
82 1256 147 1284 ter.
171 1252 270 1284 Idem.

123 1303 185 1333 Jus
195 1301 338 1341 Latium]
364 1301 484 1333 Omnis
498 1299 711 1340 antiquitatis
729 1308 786 1339 pe-

82 1352 167 1383 ritus
183 1351 362 1393 po'eta‚jus
378 1361 438 1391 pro
459 1351 606 1390 Imperio
624 1356 658 1380 et
673 1355 787 1389 potes-

81 1407 154 1433 tate
172 1402 298 1443 posuit,
313 1401 402 1443 quod
417 1400 605 1433 Juriscons.
623 1409 786 1440 perquam

81 1452 249 1484 familiare
267 1457 328 1483 est.
352 1452 473 1483 Dclrio.

124 1506 188 1534 458
212 1501 341 1542 Proedo]
365 1501 479 1533 Gildo.
503 1500 617 1531 Barth.

123 1557 187 1585 459
212 1552 346 1592 Notum]
370 1551 519 1582 Africam
539 1551 745 1582 Australem.

124 1602 352 1644 Insuperabile]
377 1602 410 1632 Si
437 1600 681 1641 insuperabile,
707 1610 788 1640 quo-

79 1654 181 1686 modo
199 1654 298 1684 ruet?
333 1653 367 1683 Si
395 1656 484 1691 ruet,
512 1650 682 1692 quomodo
699 1650 788 1681 iusu—

80 1704 258 1748 perabile?

126 1756 227 1796 Caput
241 1755 361 1795 rerum]
384 1753 498 1793 Caput
515 1751 713 1792 principalis
730 1760 787 1781 cu-

74 1807 268 1847 juscunque
285 1805 331 1836 rei
347 1804 470 1845 portio,
486 1812 504 1833 a
520 1806 618 1843 parte
635 1802 787 1842 corporis

78 1857 215 1888 humani
255 1854 509 1897 gubernatrice,
551 1863 618 1893 qna
658 1853 786 1892 demta,

80 1912 222 1939 truncus
245 1912 298 1937 est
320 1906 500 1946 reliquum.
544 1905 694 1942 Tacitus,
718 1904 787 1935 An-

79 1959 146 1989 ual.
164 1967 188 1989 1.
221 1958 231 1974 ‘
251 1957 372 1988 Fixum
388 1955 525 1986 Tiberio
542 1964 609 1985 non
626 1956 785 1986 omittere

80 2012 185 2049 caput
223 2017 349 2046 rernm,
386 2015 496 2046 neque
553 2015 589 2036 se
631 2006 785 2048 Remqne

78 2058 250 2100 publicam
267 2058 300 2088 in
323 2067 438 2088 casum
455 2057 560 2087 dare.’
583 2057 700 2088 Barth.

122 2112 184 2141 461
213 2109 269 2141 Tot
285 2109 375 2147 jura,
400 2111 446 2138 tot
468 2107 572 2147 nrbes]
597 2108 689 2147 Lege
710 2118 786 2139 rura

78 2169 156 2191 cum
182 2159 282 2200 prim.
298 2159 412 2189 Vatic.
437 2158 577 2198 aliisque
592 2159 761 2189 nonnullis
776 2170 784 2190 ;

78 2209 247 2250 viditjam
265 2209 315 2240 Cl.
331 2208 506 2239 Barthius.
531 2208 575 2239 D.
594 2208 706 2240 Heius.

121 2262 186 2291 464
209 2259 381 2300 Despectus
407 2258 504 2298 leges]
545 2260 704 2290 Romanae
732 2269 787 2300 ge·
819 2281 822 2283 >

79 2309 240 2348 neratim,
269 2320 345 2350 quae
377 2310 535 2349 gentibus
560 2310 711 2341 subactis
735 2320 786 2341 sa-

77 2371 167 2393 crae:
195 2361 377 2393 Gildonem
393 2362 443 2392 his
459 2363 584 2402 spretis
607 2362 786 2403 profanum

79 2412 164 2443 dicit
182 2421 229 2443 v1.
248 2413 348 2444 Cous.
366 2413 456 2444 Hon.
474 2423 521 2443 vs.
539 2415 612 2443 103.

121 2466 183 2494 465
212 2464 318 2495 Tertia
331 2464 400 2504 jam
417 2464 538 2505 cert-ix]
564 2464 733 2495 Maximus
751 2469 787 2496 et

79 2513 255 2554 Engenius
285 2524 304 2545 a
331 2515 461 2546 victore
475 2515 664 2547 Theodosio
679 2516 786 2546 carni-

77 2562 136 2594 fici
155 2564 286 2595 traditi.

122 2614 272 2654 Roletur]
307 2614 360 2646 Ad
378 2616 590 2647 celeritatem
607 2616 784 2647 abscissio-

75 2663 139 2694 nis.
178 2664 337 2696 Secundo
354 2666 498 2706 Eutrop.
521 2667 530 2683 ‘
547 2667 716 2708 matrique
733 2677 784 2698 ro-

76 2718 187 2745 tatum
204 2713 425 2755 Conspexere
451 2717 578 2758 caput!
624 2718 677 2749 De
695 2718 782 2748 Pen-

73 2763 157 2795 theo
173 2772 192 2795 a
208 2763 422 2796 Maenadibus
439 2771 604 2806 peremto.
636 2767 752 2798 Barth.

401 2913 416 2930 Q

1430 194 1543 235 1415

886 294 950 322 466
974 291 1138 332 Fimereis]
1172 293 1238 324 Qui
1262 303 1354 325 mero
1380 299 1542 335 sanguine

844 341 1013 381 imperare
1041 344 1137 374 sueti.
1189 344 1398 375 Theodosius
1423 348 1544 379 Senior

844 393 938 430 Dux,
976 394 1065 433 apud
1099 393 1324 431 Anuuiarmrn,
1355 396 1409 426 lib.
1439 405 1540 428 xxix.

843 444 851 457 ‘
871 443 992 473 (Iouies
1018 444 1247 474 Valentiniani
1273 454 1344 474 sum
1373 445 1412 475 ad
1431 449 1542 486 oppri-

842 493 999 524 mendum
1015 495 1196 525 Latronem
1212 494 1386 526 funereum
1402 497 1543 528 missus.'

842 543 936 575 Idem.

884 597 946 624 467
988 595 1156 634 Fun-usqne
1188 596 1349 636 Tonantis]
1393 597 1542 628 Similem

841 643 1042 675 felicitatem
1070 646 1102 675 iu
1121 646 1272 685 Auguria
1289 647 1422 687 Aquilae
1440 647 1542 678 habes

841 695 931 735 apud
948 696 1160 733 (licen-onem,
1174 697 1228 736 qui
1243 707 1316 726 snos
1332 698 1402 736 ipso
1415 707 1456 727 ex
1471 697 1545 727 Ma-

842 745 892 775 rio
922 756 1037 776 versus
1068 746 1238 786 producit,
1267 756 1290 777 1.
1320 748 1361 778 de
1390 747 1542 779 Divinat.

843 795 941 826 Idem.

885 846 1058 885 fult-usque
1083 846 1234 886 tonantis]
1257 848 1319 878 Vel
1348 848 1425 879 hinc
1450 849 1543 879 colli-

843 905 923 935 gere
941 897 1013 937 quis
1032 903 1158 936 posset.
1175 897 1352 927 verborum
1371 899 1452 929 satis
1470 908 1544 938 pro-

842 946 951 986 prium
970 946 1074 977 fuisse
1091 954 1239 978 nostrum
1256 959 1262 978 :
1289 954 1449 979 ctrtcrum
1467 949 1540 980 lime

841 997 1060 1036 comparatio,
1083 998 1133 1026 vel
1151 1008 1191 1028 ex
1211 998 1349 1028 Homeri
1369 998 1467 1028 Iliad.
1496 1002 1538 1028 M.

841 1047 952 1077 velex
969 1047 1113 1085 Virgilio
1130 1048 1310 1087 ‹lt-sumpta
1325 1053 1388 1079 est.
1418 1048 1541 1078 Delrio.

883 1100 946 1127 468
970 1097 1336 1136 Adliquiddmoetlzrum]
1359 1097 1408 1127 Ab
1423 1098 1542 1137 liquida

840 1147 939 1178 oellzra
957 1147 1112 1178 undecim
1128 1148 1232 1178 nostri
1248 1158 1254 1177 :
1281 1154 1318 1178 ut
1332 1149 1432 1178 Cons-
1445 1148 1541 1178 Man-

838 1198 896 1229 lii:
921 1198 1028 1229 ‘Cnm
1057 1198 1168 1229 subito
1196 1198 1323 1238 liquida
1349 1202 1541 1228 cessantem

839 1248 925 1279 vidit
948 1248 989 1278 ab
1017 1247 1160 1279 aethra?
1191 1248 1312 1278 alludit
1336 1252 1370 1278 et
1398 1248 1541 1278 Rotten-

838 1298 1057 1338 dorpliiauus,
1071 1299 1102 1328 in
1116 1308 1181 1338 quo
1194 1297 1311 1337 obliqua
1322 1298 1440 1328 dun-a.-
1464 1308 1541 1328 mox

835 1349 965 1389 pedibus
980 1351 1069 1379 sceris
1095 1359 1159 1379 nou
1185 1349 1286 1379 curris
1313 1349 1407 1388 prim.
1426 1349 1539 1380 Vatic.

839 1400 960 1441 aliique
985 1400 1144 1431 nonnulli.
1178 1400 1369 1439 Yirgiliana
1397 1399 1540 1430 imitatio

839 1456 909 1481 est:
949 1450 1004 1491 qui
1030 1451 1104 1481 AEn.
1122 1459 1186 1480 xri.
1220 1450 1400 1490 ‘Namque
1426 1450 1542 1480 volans

839 1500 941 1531 rubra
958 1500 1066 1530 fulvus
1083 1501 1177 1531 „lovis
1195 1500 1262 1529 ales
1286 1499 1327 1529 ab
1346 1499 1453 1529 wthra
1471 1499 1541 1530 Lit-

840 1556 953 1582 toreas
980 1551 1133 1590 agitabat
1155 1560 1245 1587 aves,
1273 1549 1473 1589 turbamque
1489 1558 1541 1579 so-

838 1609 976 1633 nantem
995 1603 1148 1642 Agminis
1166 1603 1304 1634 aliam-i:
1332 1601 1445 1632 subito
1462 1610 1539 1631 cum

838 1653 950 1692 lapsus
967 1653 1007 1682 ad
1025 1653 1129 1682 nudas·
1145 1655 1297 1692 t'yunuru
1312 1652 1540 1682 excellentem

839 1703 979 1742 pedibus
1007 1702 1093 1741 rapit
1121 1700 1426 1741 i1113»1·‹›'·usiincis.'
1472 1701 1543 1731 Col-

837 1753 947 1783 Iectum
970 1762 1030 1793 pro
1049 1754 1230 1790 (hewaldum
1261 1751 1541 1783 llelmaestadien-

837 1804 881 1833 sis
899 1804 1022 1843 aliique
1042 1804 1200 1833 nonnulli.
1229 1803 1268 1832 ι’).
1291 1803 1400 1834 HrI'ns.

882 1855 932 1884 Ad
958 1853 1121 1893 liquidam]
1158 1854 1203 1882 1't
1233 1853 1388 1892 Aquilam
1419 1862 1539 1884 sereno

837 1904 922 1935 coelo
939 1903 1154 1934 descendisse
1179 1903 1280 1933 dicat.
1326 1902 1457 1942 Aquilae
1483 1913 1539 1933 au-

837 1954 968 1994 gurium
985 1954 1086 1983 etiam
1104 1952 1178 1982 aliis
1195 1953 1296 1982 rebus
1310 1951 1404 1982 t'elix.
1422 1952 1539 1983 Barth.

879 2007 939 2034 471
968 2003 1072 2034 Hoesit
1088 2003 1121 2033 in
1141 2013 1242 2041 ungue
1258 2002 1365 2043 caput]
1399 2003 1539 2044 Signum

837 2054 990 2085 Gildonis
1006 2053 1212 2083 decollandi.
1237 2053 1333 2083 Idem.

879 2107 941 2135 474
969 2104 1109 2134 Pendula
1131 2102 1223 2142 bella]
1260 2103 1314 2134 De
1341 2102 1430 2134 bello
1460 2112 1537 2133 cum

838 2155 1008 2195 Pygmaeis
1026 2164 1145 2194 gruum
1160 2154 1376 2194 Aristoteles
1392 2153 1538 2186 Animal.

837 2215 917 2236 vui.
938 2207 986 2235 12.
1013 2206 1107 2235 Idem.

878 2259 939 2286 475
981 2255 1150 2295 Clangore]
1198 2255 1386 2294 Perperam
1418 2254 1540 2295 scripti

839 2307 993 2348 plerique
1012 2307 1163 2336 Clamor-e.
1209 2305 1296 2336 Stat.
1319 2304 1483 2335 Thebaid.
1504 2314 1539 2336 v.

837 2359 878 2389 de
910 2359 1069 2400 gruibus:
1106 2359 1114 2374 ‘
1134 2357 1199 2387 illae
1231 2357 1392 2397 clangore
1425 2355 1536 2395 sagaci

837 2409 1000 2441 Umbram
1027 2408 1124 2439 fretis
1149 2408 1303 2448 arvisque
1330 2407 1444 2437 volant
1459 2405 1478 2437 :¹
1503 2410 1538 2436 et

834 2461 938 2493 Theb.
954 2469 1022 2492 xn.
1050 2461 1092 2491 de
1117 2459 1257 2490 iisdem:
1295 2460 1303 2476 ‘
1321 2459 1417 2489 'l'unc
1443 2457 1539 2488 hilari

835 2513 993 2552 clangore
1023 2516 1142 2542 sonant
1159 2510 1179 2541 :‘
1219 2510 1307 2551 apud
1348 2509 1536 2540 Homerum

835 2572 969 2604 qnoque
983 2563 1016 2593 in
1030 2562 1127 2593 simili
1142 2561 1394 2601 comparatione
1406 2557 1536 2598 κλαγγὴ

833 2612 970 2654 γεράνων
984 2613 1080 2644 Iliad.
1096 2617 1126 2643 Γ.
1172 2613 1276 2642 Extat
1299 2616 1333 2641 et
1348 2610 1421 2640 haec
1444 2619 1535 2640 com-

833 2665 969 2705 paratio
983 2663 1071 2704 apud
1090 2663 1238 2702 Oppiam.
1257 2661 1312 2691 lib.
1331 2669 1354 2690 ι.
1380 2659 1534 2692 Halieut.

832 2720 867 2746 et
883 2716 1068 2753 Lucanum,
1085 2714 1143 2743 lib.
1162 2721 1192 2742 v.
1221 2716 1255 2741 et
1270 2710 1342 2740 Val.
1359 2710 1532 2748 Flaccum,

830 2766 888 2798 lib.
905 2775 960 2797 111.
977 2764 1034 2796 ubi
1070 2763 1184 2795 Arctos
1199 2761 1370 2801 ‹sdparrias
1385 2767 1460 2793 cum
1478 2769 1535 2792 ve-
