1852 3182
422 204 613 236 RAP'rus
647 205 882 235 pnosssm‘.
917 205 1010 236 ιιις.
1044 206 1116 237 ιιι.
1387 200 1500 242 1035

41 299 225 354 Accipe,
249 313 358 353 quas
378 301 528 348 merui,
552 313 722 353 poenas.
785 300 848 339 En
872 313 947 340 ora
972 300 1183 340 fatiscunt
1415 303 1501 346 425

43 367 334 418 Vulneribus;
366 367 636 419 grandesque
657 368 819 407 rubent
841 369 880 406 in
901 375 1079 419 pectore
1103 367 1228 408 sulci.

43 433 273 474 Immemor
293 447 346 474 en
365 438 510 475 uterus
529 435 680 474 crebro
704 435 981 475 contunditur
1001 437 1106 475 ictu.

43 500 145 551 Qua
167 505 206 540 te
226 506 348 554 parte
372 502 476 554 poli,
499 514 587 554 quo
611 509 650 542 te
671 503 752 541 sub
776 502 952 542 cardine
975 502 1206 554 quaeram?

43 567 156 618 Quis
177 573 443 609 monstrator
462 570 543 609 erit
561 570 578 608 Ἰ
612 582 713 623 quae
735 583 802 609 me
819 570 1007 621 vestigia
1030 569 1190 609 ducent
1203 569 1222 608 Ἰ

41 633 154 684 Quis
178 636 363 675 currus?
395 635 510 676 ferus
532 637 628 689 ipse
649 636 747 689 quis
768 641 833 676 est
849 637 868 676 ’ἱ
890 641 1072 677 terraene
1095 636 1285 676 marisne

40 701 228 742 Incola?
262 716 360 755 qnae
380 703 607 744 volucrum
629 703 896 757 deprendam
920 705 1043 756 signa
1059 704 1289 744 rotarum?

40 768 138 818 Ibo,
160 770 250 819 ibo,
273 783 553 824 quocumque
575 772 725 826 pcdeS,
747 786 1023 826 quocumque
1038 771 1214 825 jubebit

41 835 205 876 Casus:
239 838 304 877 sic
328 837 546 879 Venerem
564 843 737 892 quaerat
758 840 934 879 deserta
951 839 1113 880 Dione.

43 901 267 944 Efficietne
288 904 444 945 labor?
508 904 679 946 Rursus
696 910 756 955 te,
776 910 893 955 nata,
916 907 1069 947 licebit

1418 637 1504 679 430

41 1045 133 1077 baris.
180 1046 210 1077 O
234 1045 458 1087 Proserpina,
475 1048 556 1077 disce
572 1047 755 1087 supplicium
771 1048 849 1088 quod
866 1048 976 1078 merui.
1024 1048 1074 1078 En
1090 1049 1191 1079 vultus
1205 1049 1335 1080 dehiscit
1349 1050 1463 1090 plagis,
1477 1054 1506 1081 et

39 1088 202 1119 cicatrices
230 1099 351 1128 magnoe
366 1089 527 1120 rubescunt
554 1090 586 1120 in
609 1090 696 1120 sinu.-
719 1101 784 1121 ecce
809 1094 913 1121 tenter
936 1090 1048 1121 oblicus
1063 1090 1164 1121 officii
1182 1092 1230 1122 sui
1249 1093 1421 1131 percutitur
1434 1093 1505 1123 icti-

39 1130 96 1161 bus
110 1131 260 1170 repetiti&
305 1132 376 1163 Sub
393 1143 450 1172 quo
467 1136 568 1163 tractu
591 1134 660 1163 coeli
687 1133 845 1172 z-estigabo
868 1133 920 1165 te?
967 1133 1035 1168 Qua
1051 1133 1105 1164 sub
1121 1135 1244 1173 regione
1255 1133 1270 1164 'l
1318 1135 1432 1174 Ecquis
1445 1137 1506 1167 erit

41 1173 161 1205 indes?
208 1175 286 1210 Qua»
301 1175 353 1205 ria
369 1177 515 1206 conducet
532 1174 602 1207 me]
650 1176 728 1211 Quis
744 1175 874 1206 cursus!
922 1176 1002 1211 Quis
1026 1179 1070 1206 est
1094 1176 1158 1216 ipse
1184 1183 1301 1217 raptor
1330 1176 1508 1209 barbarus?

38 1215 91 1247 An
115 1216 212 1248 incola
225 1221 317 1248 terroe
337 1228 375 1249 an
395 1217 514 1249 uraris?
563 1218 640 1253 Quae
654 1221 897 1249 animadvertam
914 1220 1010 1258 vestig
1018 1219 1048 1250 ia
1071 1222 1209 1249 rotarum
1226 1220 1507 1253 relocissimarum?

47 1258 176 1298 Vadam,
193 1263 314 1300 vadam,
332 1261 364 1291 in
381 1272 598 1301 quamcumque
611 1265 734 1302 purtem
749 1264 853 1302 pedes,
881 1262 913 1291 in
936 1272 1154 1302 quamcumque
1169 1262 1303 1300 fortuna
1330 1263 1507 1302 imperabit.

40 1300 95 1332 Sic
111 1302 216 1334 Dione
233 1304 305 1344 ipsa
327 1304 475 1335 derelicta
491 1305 623 1343 vestiget
647 1305 792 1336 Venerem
809 1305 923 1336 filiam.
969 1305 1020 1335 An
1037 1305 1121 1335 lubor
1137 1305 1239 1343 faciet
1256 1305 1406 1346 aliquid?
1450 1305 1505 1336 An

653 1387 889 1400 eeeeeeeeeeee

41 1455 107 1480 rav.
132 1453 164 1480 te
190 1453 316 1490 raptore
341 1451 437 1482 Voss.
467 1461 548 1491 pr.-
562 1454 624 1482 425
650 1452 762 1491 Aspice
787 1452 866 1482 Vat.
898 1452 1006 1492 quint.
1031 1463 1110 1482 nunc
1132 1463 1186 1483 ora
1201 1454 1280 1484 Vat.
1299 1463 1347 1493 pr.
1371 1454 1427 1484 heu
1453 1464 1508 1485 ora

42 1492 122 1523 Vat.
141 1493 251 1532 quint.
276 1497 383 1532 operta
400 1503 462 1533 pro
480 1504 515 1524 en
537 1504 591 1523 ora
612 1494 696 1524 Exc.
715 1494 835 1524 l’etav.
853 1500 964 1533 quart.
988 1498 1146 1534 patescunt
1176 1505 1235 1535 pro
1254 1495 1411 1533 fatiscunt
1428 1497 1507 1528 Vat.

42 1537 222 1565 see-4:26
246 1539 340 1565 ruunt
358 1545 418 1575 pro
435 1536 545 1566 rubent
562 1537 640 1565 Yat.
659 1546 710 1575 pr.
737 1535 820 1565 Cod.
837 1536 1024 1567 Bartholin.
1048 1537 1104 1566 sub
1129 1541 1250 1576 pectore
1273 1539 1357 1569 Exc.
1383 1539 1507 1571 Petav.

43 1580 258 1617 quarn—427
286 1581 330 1608 est
349 1581 456 1608 uterus
472 1578 586 1608 Oxon.
608 1588 659 1617 pr.
683 1581 790 1608 venter
806 1578 887 1608 Val.
918 1579 1026 1617 quint.
1050 1580 1139 1618 pleno
1168 1589 1229 1618 pro
1253 1579 1358 1610 crebro
1384 1580 1506 1612 Ambr.

42 1623 124 1651 tert.
148 1621 348 1651 contenditur
367 1620 463 1651 Voss.
488 1623 665 1651 sem—423
689 1620 742 1650 sub
771 1621 871 1650 sidere
889 1622 942 1650 vel
968 1621 1091 1651 climate
1109 1622 1260 1652 Florent.
1278 1633 1337 1662 qua
1363 1632 1410 1653 me
1426 1623 1509 1655 Vat.

43 1668 157 1703 quart.
182 1673 240 1702 quo
255 1673 302 1693 me
315 1663 395 1695 Jun.
411 1673 480 1694 sec.
502 1662 620 1694 Ambr.
639 1665 831 1693 term—430
857 1663 919 1697 Qui
936 1673 1047 1693 currus
1063 1663 1142 1693 Vat.
1159 1670 1272 1704 quart.
1290 1669 1325 1694 et
1342 1664 1374 1695 d.
1393 1664 1508 1698 Oxou.

43 1714 97 1745 pr.
114 1706 165 1735 ille
182 1706 248 1735 duo
266 1706 364 1737 Vatt.
382 1710 417 1736 et
433 1706 475 1737 A.
494 1706 578 1738 Cod.
593 1705 781 1736 Bartholin.
798 1706 864 1745 ipse
882 1707 966 1745 Reg.
984 1705 1063 1737 Jun.
1090 1716 1140 1746 pr.
1167 1707 1280 1738 Oxou.
1300 1717 1366 1738 sec.
1385 1707 1506 1740 Petav.

43 1752 122 1778 tert.
138 1748 205 1778 duo
219 1749 317 1780 Voss
342 1753 474 1780 terraete
497 1750 628 1779 marisve
652 1749 733 1779 Vat.
750 1758 800 1788 pr.
830 1748 903 1779 Pal.
933 1750 1014 1779 Put.
1042 1749 1162 1780 Petav.
1187 1759 1255 1780 sec.
1270 1750 1370 1781 Voss.
1395 1760 1508 1782 sec.—

43 1791 105 1822 431
131 1791 181 1831 qui
199 1791 320 1822 Petav.
352 1797 433 1823 tert.
457 1803 515 1832 quu
545 1792 623 1821 Vat.
655 1798 765 1832 quart.
792 1794 929 1822 rotarum
955 1792 1032 1821 Vat.
1063 1801 1130 1822 sec.
1155 1795 1279 1822 tuarum
1309 1793 1382 1824 Par.
1411 1792 1507 1825 Med.

43 1839 153 1874 quart.
177 1836 297 1864 viarum
315 1840 385 1865 tres
404 1835 500 1865 Vatt.
519 1835 600 1865 item
618 1834 659 1865 A.
674 1840 707 1864 et
724 1834 758 1867 d.
773 1834 867 1865 Med.
886 1843 936 1874 pr.
954 1834 1020 1864 duo
1039 1834 1157 1865 Heius,
1174 1835 1255 1866 Put.
1273 1835 1358 1875 Reg.
1374 1835 1506 1867 Bonon-

41 1875 174 1907 'I'holos.
191 1877 310 1908 Ambr.
330 1882 407 1908 tert.
425 1877 539 1908 Oxon.
571 1886 621 1917 pr.
639 1877 706 1907 dno
728 1876 808 1908 Jnn.
825 1876 892 1907 duo
920 1877 1017 1907 Voss.
1044 1883 1114 1908 tres
1140 1878 1262 1909 Petav.
1278 1878 1362 1909 Exc.
1381 1878 1505 1910 Petav.

42 1924 153 1958 quart.
176 1923 314 1950 rotarum
331 1921 384 1950 vel
402 1920 524 1951 riarum
540 1921 634 1951 Voss.
648 1922 824 1950 sem—432
851 1919 903 1950 Ibo
917 1924 1018 1950 {amen
1035 1930 1218 1960 quocumque
1232 1921 1312 1953 Jun.
1331 1930 1398 1952 sec.
1414 1931 1508 1961 qnan-

43 1965 168 2001 tumque
185 1963 269 1993 Exe.
289 1963 409 1993 Petav.
437 1968 549 2004 quart.
578 1962 734 2000 jubebunt
764 1962 843 1994 Jun.
874 1972 939 1993 sec.
972 1963 1118 1993 rubebunt
1144 1962 1264 1994 Ambr.
1291 1968 1371 1994 tert.
1394 1963 1507 1994 videbit

46 2004 126 2034 Vat.
144 2014 194 2043 pr.
212 2006 292 2036 Put.
313 2006 434 2038 Petav.
447 2008 622 2038 snm—433
648 2006 750 2036 Error
766 2015 827 2045 pro
846 2006 946 2036 Casus
968 2006 1034 2036 inc..
1053 2006 1171 2037 Heius.
1188 2007 1269 2037 Var.
1283 2007 1349 2038 LL.
1366 2016 1384 2037 e
1400 2015 1507 2047 marg.

46 2046 159 2077 Parm.
183 2049 296 2087 quaerit
321 2047 387 2079 dno
415 2048 508 2080 Med.
531 2051 649 2089 quoeret
677 2048 867 2079 Fun—434
901 2048 1061 2090 Efficietne
1091 2049 1172 2080 Pur.
1208 2049 1398 2091 Proficietne
1423 2050 1508 2090 Reg.

709 2151 740 2181 N
747 2150 848 2181 OTAE

86 2230 149 2259 426
178 2227 375 2270 Vulneribus]
391 2229 498 2261 Genae
516 2229 686 2270 unguibus
704 2229 749 2260 la-

44 2283 183 2310 ceratae.

807 2229 1060 2270 Proserpinam.
1086 2230 1247 2270 Virgilius
1263 2241 1270 2261 :
1290 2230 1299 2247 ‘
1311 2231 1506 2273 Templum-

805 2290 869 2321 que
887 2285 1059 2311 vetustum
1082 2281 1236 2312 Desertae
1260 2282 1419 2313 Cereris.’
1441 2283 1505 2314 Vel

86 2331 147 2359 431
189 2328 352 2360 Volucrum
375 2329 528 2370 rotarum]
569 2330 748 2362 Velocissi-

45 2388 187 2416 marum,
216 2385 251 2411 et
266 2389 407 2422 quarum
423 2380 500 2412 ideo
517 2381 664 2421 vestigia
680 2391 748 2412 non

47 2435 113 2461 tam
140 2429 236 2461 firme
261 2431 427 2472 impressa
442 2438 522 2463 sunt
550 2437 588 2463 ut
615 2433 749 2473 possint

51 2479 287 2512 animadverti.

87 2533 150 2563 433
175 2531 243 2571 Sic]
288 2531 508 2573 Imprecatio.
551 2534 608 2565 Sic
634 2533 750 2565 Dione

46 2587 175 2621 qum-at
200 2581 315 2622 tiliam,
337 2588 375 2614 ut
398 2593 462 2624 ego
479 2583 616 2616 deserta
634 2594 751 2626 quaero

50 2630 302 2672 Proserpinam.

92 2679 243 2723 Deserta]
308 2683 442 2715 Alludit
481 2685 523 2716 ad
574 2686 748 2725 Cererem,

51 2739 126 2772 quae
147 2731 280 2765 deserta
295 2733 390 2767 dicta
411 2739 466 2767 est
489 2740 568 2778 post
591 2737 750 2769 amissam

803 2331 936 2362 deserta
954 2330 1080 2362 dicitur
1097 2331 1140 2362 ob
1155 2331 1385 2371 solitudinem;
1404 2333 1507 2364 Cere·

804 2381 849 2411 ris
867 2381 955 2412 enim
974 2382 1101 2422 templa
1116 2382 1239 2413 suntin
1253 2383 1384 2423 angulis
1400 2388 1434 2414 et
1455 2393 1506 2414 se-

805 2432 968 2463 cessibus.

848 2482 968 2522 Dione]
991 2483 1139 2523 Tethyos
1154 2487 1188 2514 et
1199 2482 1332 2514 Oceani
1349 2482 1427 2523 filia,
1439 2493 1506 2513 ma·

808 2537 862 2563 ter
880 2533 1034 2564 Veneris

848 2586 912 2615 434
950 2584 1112 2626 Efficietne
1138 2583 1237 2624 labor]
1273 2584 1328 2615 Au
1351 2583 1504 2625 proderit

806 2636 933 2678 aliquid
955 2637 1051 2669 labor
1075 2637 1158 2669 inte
1179 2636 1361 2678 quaerenda
1371 2645 1503 2677 suscep-

807 2687 881 2719 tus?
