1851 3213
301 194 414 237 1:338

301 298 392 329 mina
407 299 569 331 Numina.
586 300 705 330 Barth.

345 352 407 380 207
435 350 572 390 Utroque
599 351 735 381 relucent
764 349 894 389 Frater]
930 350 1010 380 Fra·

300 402 398 429 terna
411 400 554 439 species.
581 400 680 430 Idem.

343 452 406 480 208
430 449 551 480 Similis
567 450 704 489 chlamys
719 448 815 489 effluit
832 448 922 489 auro]
957 449 1009 480 Si-

301 499 367 530 mili
384 500 563 540 legendum
587 500 658 539 jam
688 499 817 529 monuit
845 499 898 529 el.
923 499 1009 530 Gro-

300 551 419 581 novius
438 552 618 581 Observat.
637 549 694 580 lib.
712 559 752 580 11.
772 559 802 580 c.
819 552 848 580 7.
865 554 901 580 et
919 549 1007 580 curis

300 602 456 632 secundis
482 601 652 632 Barthius.
677 600 733 642 qui
762 601 902 631 alteram
930 610 1007 630 con-

293 651 468 692 jecturam
486 652 594 689 addit,
615 651 712 681 simili
738 660 825 681 aura.
865 650 1007 681 Lucens.

300 706 336 733 et
351 712 410 733 sex
438 703 493 733 alii
523 712 562 732 ex
589 701 714 732 nostris
742 699 946 732 confirmant
970 699 1008 730 τὸ

297 752 395 783 simili
411 763 497 784 auro.
514 763 575 792 pro
587 753 702 782 relucet
716 755 848 791 septem
861 751 1007 780 relucent.

297 802 418 843 probe.
444 803 488 833 D.
508 802 620 832 Heius.

340 853 464 883 Similis
486 851 625 891 chlamys
653 850 769 892 effluit]
793 851 841 882 Ut
868 854 1008 881 ventum

298 901 418 932 innuat
445 902 623 932 tollentem
650 900 807 938 amictus,
833 900 924 942 quod
943 899 1009 930 for-

297 952 398 983 mosis
437 951 637 992 corporibus
676 961 832 992 magnum
875 951 1007 982 decoris

299 1006 529 1043 angmentum.
574 1002 642 1033 Sed
661 1001 702 1032 de
713 1000 934 1032 similitudine
950 1000 1008 1031 ha·

299 1054 390 1085 bitus
414 1054 467 1085 hic
497 1058 532 1085 et
562 1053 856 1093 vestimentorum,
883 1061 1006 1084 sermo.

297 1104 415 1135 Barth.

341 1157 405 1186 209
429 1154 555 1186 Stellati
569 1154 689 1195 pariter
709 1154 821 1194 crines]
844 1152 1007 1185 Fabulam

297 1205 483 1236 Poetarum
510 1205 631 1236 alludit
658 1205 798 1244 singulis
826 1205 1007 1235 Castorum

298 1255 455 1287 Fratrum
472 1256 623 1295 singulas
640 1256 756 1285 stellas
772 1255 803 1285 in
824 1255 938 1295 capite
952 1255 1007 1286 vel

297 1305 412 1337 fronte
429 1306 650 1345 assignantes.
678 1306 773 1336 Idem.

339 1357 438 1387 Juvat
468 1356 534 1396 ipse
562 1356 731 1387 Tonantem
763 1355 879 1395 Error]
918 1355 1007 1386 Dum

296 1405 440 1437 alterum
459 1416 520 1446 pro
533 1406 643 1436 altero
657 1409 789 1436 censet.
814 1405 912 1436 Idem.

340 1461 402 1490 211
432 1457 580 1498 Eurotas]
613 1457 689 1488 Θεὸς
713 1457 886 1497 ἐπιχώριος.
932 1458 1009 1488 Flu-

296 1518 375 1540 men
394 1509 566 1546 Laconire,
583 1508 625 1539 ad
645 1508 734 1550 quod
751 1508 887 1539 educati
906 1508 1008 1549 gemi-

299 1560 345 1592 ni.
371 1560 471 1592 Idem.

340 1614 402 1642 212
427 1610 561 1651 Domus]
609 1610 716 1648 Aula;
765 1620 843 1641 nam
888 1610 1007 1641 summi

298 1661 491 1701 splendoris
528 1671 639 1702 capax
688 1661 791 1692 etiam
832 1661 891 1692 illa
930 1671 1007 1693 vox.

297 1711 418 1742 Maro:
442 1711 450 1726 ‘
461 1711 632 1742 Panditur
646 1712 779 1742 interea
790 1711 910 1742 domus
926 1712 1008 1743 Om-

297 1761 488 1801 nipotentis
507 1761 671 1802 Olympi.'

345 1811 433 1842 Talia
449 1810 563 1850 tecum]
589 1811 694 1841 Nulla
722 1810 889 1850 doctrina,
914 1812 1005 1843 nulla

297 1861 481 1902 sapientia,
504 1862 595 1892 nulla
619 1862 669 1892 vis
694 1861 832 1901 ingenii,
857 1872 918 1902 pro
936 1862 1006 1902 dig-

297 1911 406 1943 nitate
421 1912 477 1941 has
496 1921 562 1952 seq.
582 1911 726 1951 paginas
739 1915 798 1942 aut
815 1912 1006 1944 enarrarint

297 1966 357 1993 aut
371 1963 584 2002 exceperint.
626 1963 696 1993 Nos
713 1962 857 1993 strictim
872 1968 1006 1993 senten-

297 2012 362 2043 tias
378 2013 557 2043 nonnullas
584 2017 772 2052 tangamus,
796 2022 862 2043 nou
893 2017 929 2043 ut
950 2013 1007 2044 de-

297 2062 474 2101 ducamus,
498 2062 555 2093 sed
576 2068 613 2093 ut
631 2072 765 2093 sensum
785 2063 1006 2103 expediamus

298 2112 462 2143 similibus
480 2113 649 2152 aliquibus
666 2113 819 2153 adjectis.
847 2113 963 2144 Barth.

340 2166 402 2193 213
429 2164 561 2204 Fertur]
586 2164 763 2205 Tanquam
793 2173 904 2194 sermo
918 2165 1007 2195 cele-

296 2212 458 2244 britatem
475 2213 612 2250 habeat,
631 2214 662 2243 in
681 2214 843 2254 populum
861 2213 983 2245 editus.

340 2263 488 2303 Ditione]
554 2265 718 2305 Imperio,
762 2265 1005 2296 moderatione.

300 2313 417 2344 Barth.

340 2366 402 2395 214
430 2364 635 2404 Parthorum]
673 2365 887 2404 Parthicum,
916 2365 1006 2406 quod

298 2418 370 2446 tum
387 2414 576 2452 Persicum,
606 2419 642 2445 et
671 2414 862 2445 Romanum
893 2415 1005 2456 Impe-

299 2464 397 2503 rium,
410 2464 476 2494 duo
491 2464 635 2495 maxima
649 2475 760 2495 rerum
773 2466 1005 2497 humanarum.

340 2514 475 2554 Solium]
509 2515 693 2554 Turonum,
725 2515 867 2556 Regiam
900 2516 1005 2555 digni-

300 2568 416 2596 tatem.

338 2615 530 2645 Parthorum
541 2615 668 2655 solium]
690 2615 845 2646 Thronus
864 2615 1005 2656 Regius,

300 2668 395 2696 tanta
414 2674 501 2695 nunc
531 2675 664 2706 quoqne
685 2665 775 2706 apud
795 2664 1004 2697 Christianos

296 2714 475 2745 nonnullos
508 2715 687 2755 Principes
717 2716 937 2755 auctoritate,
968 2720 1005 2748 ut

295 2764 368 2795 sine
407 2764 626 2797 veneratione
656 2775 722 2797 non
760 2765 1004 2807 conspiciatur.

300 2814 417 2847 Barth.

532 205 674 236 NOTAE
708 204 976 235 VARlORUM
1012 204 1063 234 ΙΝ
1098 205 1174 234 CL.
1207 203 1390 234 CLAUD.
1423 203 1534 236 vul.

1105 299 1245 330 Fortuna
1261 297 1408 337 dedisset]
1433 297 1591 339 Quinque
1611 296 1689 329 libri
1708 304 1764 329 na-

1060 352 1143 387 tura,
1160 354 1195 379 et
1213 349 1260 379 sic
1278 358 1320 378 cx
1337 349 1404 378 suis
1421 347 1530 379 Andr.
1555 348 1716 380 Schottus
1731 348 1763 379 in

1062 398 1380 430 Observationibus.
1408 398 1648 430 nosterinfra:
1673 398 1767 430 ‘nos-

1061 452 1112 480 tro
1128 459 1190 480 nec
1215 450 1320 480 debes
1345 459 1449 489 regna
1476 448 1582 480 favori
1600 450 1685 482 Quae
1703 449 1764 481 tibi

1054 500 1127 540 jani
1161 505 1281 532 natura
1308 500 1426 531 dedit!
1455 499 1626 540 improbat
1652 504 1765 531 tamen

1062 551 1234 581 Barthius.
1252 551 1371 581 tulisset
1384 550 1485 580 etiam
1498 550 1583 580 liber
1595 549 1765 590 Isingrini.

1060 599 1207 631 diximus
1224 610 1326 641 supra
1344 611 1374 631 v.
1397 603 1468 631 117.
1492 600 1572 630 nihil
1591 603 1701 630 tamen
1717 604 1766 631 te-

1060 661 1150 683 mere
1182 657 1321 683 mutem.
1346 662 1423 682 mox
1448 651 1580 691 Assyrio
1610 660 1661 682 ore
1698 659 1765 682 non

1059 702 1190 732 Arsacio
1204 702 1269 732 duo
1281 702 1415 743 scripti.
1440 702 1484 732 D.
1504 701 1618 733 Heins.

1102 755 1163 782 215
1192 753 1305 782 Procul
1334 752 1539 792 venerandus]
1583 752 1765 792 Ingentem

1060 801 1320 840 amplitudinem
1334 802 1467 832 Persici
1481 802 1590 841 Regni
1602 802 1765 842 intellige.

1059 849 1181 880 Tacite
1198 850 1301 880 etiam
1319 851 1448 881 cultum
1476 850 1540 881 hoe
1568 861 1673 891 genus
1687 851 1767 881 -Re-

1060 910 1150 940 gum,
1168 901 1284 940 procul
1302 900 1565 932 adorandorum.
1590 900 1710 931 Barth.

1102 952 1166 980 216
1191 950 1335 990 Arsacio]
1396 950 1524 981 Omnes
1562 950 1766 981 Parthorum

1060 999 1172 1040 Reges
1193 999 1328 1031 Arsacii
1356 1004 1415 1031 aut
1443 999 1632 1039 Arsacidae,
1654 1004 1695 1031 ut
1723 1000 1767 1032 ab

1059 1049 1257 1080 Alexandro
1275 1049 1511 1091 AEgyptiorum
1536 1050 1731 1082 Ptolomaei.

1104 1100 1328 1140 consurgeret]
1352 1101 1488 1132 Alludit
1500 1100 1588 1142 quod
1605 1100 1706 1132 modo
1718 1100 1768 1131 in-

1058 1151 1182 1190 dicavi,
1201 1156 1332 1182 rectum
1352 1152 1471 1182 tiaram
1497 1151 1621 1182 nemini
1637 1151 1767 1191 gestari

1057 1201 1186 1232 licitum
1205 1206 1333 1241 praeter
1348 1202 1489 1242 Regem.
1519 1202 1634 1232 Barth.

1100 1254 1162 1281 217
1186 1251 1335 1291 Luamque
1342 1251 1494 1291 fluentem
1512 1251 1644 1292 Deside]
1668 1251 1768 1283 More

1058 1302 1190 1341 Regum
1208 1301 1376 1342 Orientis,
1391 1312 1498 1343 usque
1525 1303 1567 1332 ad
1593 1301 1765 1334 infamiam

1059 1363 1078 1383 a
1094 1353 1255 1383 Romanis
1279 1353 1412 1384 deliciis
1428 1352 1668 1393 diffluentium,
1684 1354 1767 1385 licet

1059 1407 1094 1434 et
1111 1402 1166 1433 isti
1180 1412 1296 1433 eornm
1311 1412 1420 1434 mores
1434 1401 1534 1434 facile
1548 1402 1767 1442 adsciverint,

1060 1453 1102 1485 de
1121 1454 1242 1495 quibus
1260 1454 1361 1485 nnllae
1387 1463 1454 1485 non
1472 1453 1632 1484 recinunt
1649 1453 1770 1486 Histo-

1060 1504 1131 1535 rize.
1157 1504 1252 1534 Idem.

1103 1557 1166 1585 218
1191 1554 1351 1585 Nobilitas
1385 1558 1489 1595 posset
1515 1558 1547 1586 te
1576 1555 1641 1586 sola
1668 1554 1766 1595 tueri]

1059 1606 1197 1636 Summa
1213 1606 1376 1636 sermonis
1402 1610 1455 1637 est
1472 1607 1624 1637 Romano
1641 1606 1766 1637 homini

1059 1656 1283 1697 Prindpique
1300 1656 1514 1687 nobilitatem
1537 1657 1610 1687 sine
1639 1657 1767 1687 virtute

1058 1707 1140 1736 nulli
1154 1707 1271 1747 gloriae
1286 1717 1370 1738 esse.
1415 1707 1472 1738 Sic
1490 1706 1592 1744 infra,
1614 1707 1624 1723 ‘
1638 1707 1766 1738 virtute

1060 1757 1173 1796 decet,
1191 1767 1255 1788 non
1268 1758 1442 1797 sauguine,
1457 1758 1541 1789 niti!
1564 1758 1663 1789 Idem.

1102 1810 1165 1838 219
1187 1807 1314 1849 Altera]
1340 1807 1418 1838 Alia
1434 1807 1570 1848 prorsus
1585 1808 1762 1839 Tibullus:

1059 1856 1183 1888 ‘Alter
1214 1858 1322 1889 dictet
1354 1868 1437 1899 opus
1465 1859 1577 1900 magni
1607 1858 1765 1890 mirabile

1060 1908 1197 1939 mundi.’

1103 1958 1215 1990 Altera
1233 1958 1397 1999 Romanoe]
1423 1960 1551 1990 Caeteri
1564 1960 1653 1991 enim
1668 1960 1766 1992 Prin-

1060 2009 1153 2050 cipes
1194 2010 1373 2050 Regesque
1411 2010 1575 2041 Barbaris
1606 2015 1642 2042 et
1671 2012 1767 2043 velut

1061 2059 1182 2090 belluis
1210 2060 1429 2101 imperitant:
1455 2061 1598 2091 Romani
1623 2071 1688 2092 non
1716 2071 1767 2092 so-

1059 2111 1126 2141 lum
1143 2111 1308 2150 homines,
1334 2112 1392 2142 sed
1409 2117 1446 2144 et
1460 2112 1588 2143 liberos
1605 2113 1767 2155 homines,

1060 2162 1294 2194 moderantur.
1342 2162 1419 2193 Hoc
1438 2167 1504 2202 est,
1521 2163 1610 2204 quod
1634 2163 1769 2204 sapien-

1060 2213 1186 2243 tissime
1212 2213 1337 2254 ingerit
1366 2213 1420 2245 hic
1457 2214 1651 2255 Imperator
1687 2213 1766 2246 filio.

1059 2263 1178 2294 Barth.

1102 2316 1164 2344 220
1194 2314 1317 2344 Virtute
1341 2315 1427 2344 decet
1448 2324 1507 2345 non
1521 2314 1673 2353 sanguine
1689 2314 1766 2356 niti]

1058 2364 1165 2402 Lege,
1180 2363 1287 2393 instar
1300 2364 1461 2402 omnium,
1474 2368 1582 2394 totam
1594 2363 1765 2395 Octavam

1059 2414 1212 2452 Satyram
1228 2413 1414 2444 JuvenaIis.

1101 2464 1275 2503 Sanguine]
1293 2464 1443 2503 Genere,
1456 2464 1655 2495 Stemmate.
1668 2465 1765 2496 Bart.

1101 2517 1161 2545 221
1189 2514 1296 2551 Major
1311 2518 1339 2545 et
1358 2514 1467 2545 utilior
1475 2513 1564 2553 fato]
1590 2515 1670 2545 Non
1685 2517 1765 2546 ulte-

1057 2567 1122 2596 rior
1139 2565 1229 2602 facto
1246 2565 1324 2595 libri
1348 2563 1421 2595 fere
1446 2574 1574 2604 omnes,
1597 2571 1632 2596 et
1655 2569 1763 2597 recte.

1061 2617 1180 2646 Fatum
1199 2626 1272 2645 cum
1287 2615 1425 2646 fortuna
1438 2614 1639 2655 frequenter
1651 2615 1764 2655 poe'tae

1058 2664 1283 2696 confundunt.
1309 2671 1346 2695 ut
1374 2664 1465 2705 apud
1493 2666 1620 2696 Luc-axi.
1648 2665 1707 2697 lib.
1725 2675 1763 2697 x.

1055 2718 1063 2732 ‘
1080 2714 1135 2745 Ad
1154 2715 1266 2745 scelus
1285 2714 1433 2754 ingentis
1456 2714 1519 2746 fati
1536 2715 1670 2747 sumus.'
1687 2722 1763 2757 quae

1060 2775 1140 2796 vera
1167 2765 1213 2795 ibi
1243 2766 1359 2797 lectio.
1408 2766 1581 2796 Caeterum
1602 2765 1763 2797 Lucensis

1057 2816 1135 2848 huic
1160 2816 1273 2848 versui
1297 2814 1447 2857 proefigit
1475 2820 1544 2850 tres
1569 2820 1764 2859 sequentes,
