1851 3213
299 199 413 241 1414

302 305 476 338 militaris.

342 356 646 398 Pronasqueserox]
670 358 821 389 Pulchra
843 356 1009 397 emphasis

298 408 350 440 his
367 409 480 440 verbis
498 420 506 440 τ
541 409 573 440 in
591 410 666 450 ipso
682 410 770 440 enim
789 409 926 439 silentio
942 418 1007 438 non

301 464 415 491 cessat
428 460 581 491 militaris
595 459 735 490 ferocia.
759 460 877 490 Barth.

341 514 405 543 427
432 512 597 542 Gildonem
623 512 778 542 domitura
804 510 928 550 manns]
961 510 1007 540 Ο-

299 571 379 594 men
397 563 548 594 victoria²
563 562 744 602 anticipat.
769 563 865 594 Idem.

344 616 408 644 428
436 613 566 653 Tempus
577 613 662 652 agit]
682 614 730 643 Ac
743 613 769 643 si
785 613 877 644 dicat
892 613 1008 644 :Tem-

299 674 363 705 pus
379 664 489 704 ipsum
511 664 584 704 jam
614 664 772 704 praecipit
788 664 929 704 exsequi
955 673 1008 694 res

300 715 495 755 promissas,
524 715 737 746 occasionem
763 715 936 754 ingerens,
960 715 1008 744 iu-

299 767 398 799 itium
422 767 534 807 operis
557 766 697 797 faciens,
742 766 890 805 Tempus
915 774 1009 803 agere

299 827 378 857 rem,
395 816 689 858 opportunitatem
713 825 875 846 summam
899 819 1008 845 notat.

300 868 401 899 Idem.

344 919 475 958 Tempus
486 918 571 958 agit]
594 917 659 957 Agi
676 917 762 949 Cod.
780 916 908 947 Moret.
932 916 1008 946 vide

298 973 395 1000 notas
431 968 474 999 ad
512 968 571 999 lib.
598 978 623 998 1.
653 968 694 998 de
727 968 830 1007 Rapt.
856 977 904 997 VS.
934 970 1008 998 219.

299 1019 424 1051 deinde
453 1019 599 1050 doluistis
628 1028 696 1050 non
720 1018 877 1050 meruistis
891 1027 1008 1049 ornnes

299 1070 392 1102 libri.
416 1070 461 1101 D.
475 1069 588 1101 Heius.

342 1124 408 1152 429
430 1120 540 1160 Justo]
577 1121 699 1159 Pleno,
727 1119 880 1151 omnibus
899 1119 1008 1150 modis

299 1171 468 1204 absoluto.
494 1170 611 1202 Barth.

341 1225 407 1254 430
433 1222 551 1252 Civiles
563 1221 680 1251 abolete
693 1219 796 1259 notas]
813 1220 906 1251 Victi
919 1220 1009 1250 enim

298 1273 362 1304 sub
390 1272 542 1303 Maximo
563 1271 784 1311 Eugeuioque
798 1270 896 1300 multi
913 1275 1010 1300 erant

298 1323 408 1354 inhoc
424 1322 592 1360 exercitu,
608 1320 780 1352 Orientali
796 1320 883 1351 enini
899 1320 1009 1351 milite

297 1378 463 1415 tyrannos
480 1371 694 1404 Theodosius
708 1370 931 1408 subdiderat;
949 1370 1009 1400 mi-

298 1425 395 1457 litem
411 1425 478 1456 suis
495 1423 600 1463 signis
616 1423 784 1463 reliquum
803 1421 1009 1452 adscribens.

301 1476 470 1515 Zosimus,
484 1475 574 1506 libro
591 1483 640 1506 1v.
667 1474 767 1504 Idem.

346 1527 464 1558 Civiles
478 1526 611 1567 abolete]
635 1524 806 1556 Honorius
828 1523 916 1563 Imp.
934 1522 1008 1553 hor-

299 1582 395 1609 tatur
420 1577 548 1608 milites
574 1576 616 1607 ad
644 1576 797 1616 praelium
827 1573 1007 1612 futurum3

298 1637 428 1670 eosque
445 1632 574 1666 monet,
596 1631 634 1658 nt
649 1631 765 1657 notam
781 1635 839 1656 seu
857 1625 1008 1657 dedecus

298 1679 333 1710 in
350 1679 516 1710 comitatu
542 1677 685 1708 Maximi
710 1677 764 1707 vel
779 1676 926 1715 Eugenii
952 1676 1008 1706 ad-

300 1729 479 1770 quisitum,
509 1727 577 1758 fide
604 1738 644 1758 ac
672 1727 802 1758 virtute
819 1727 1006 1764 aboleant3

299 1779 350 1811 sic
376 1779 467 1810 bello
500 1778 625 1810 Getico
650 1777 866 1817 ‘expurgate
888 1776 1008 1808 nefas?

303 1831 426 1862 Claver.

340 1883 404 1912 431
432 1880 541 1911 Gallos
567 1879 674 1919 causa]
710 1877 862 1909 Gallicus
878 1878 1007 1909 exerci-

298 1935 365 1971 tus,
378 1931 436 1972 qui
453 1931 602 1962 omnium
624 1930 658 1960 in
676 1928 872 1960 Occidente
895 1927 1009 1959 fortis-

296 1982 414 2022 simus,
431 1981 484 2012 hic
499 1980 717 2021 intelligitur.

344 2032 478 2072 Caussa]
507 2031 611 2063 Ovid.
636 2033 645 2049 ‘
664 2031 859 2062 Vincuntur
884 2030 1007 2062 Parthi

298 2093 412 2123 causa,
444 2083 625 2114 vincentur
647 2087 683 2114 et
699 2082 820 2114 armis!
845 2083 1006 2123 Propert.

297 2133 307 2150 ‘
324 2133 467 2174 Frangit
494 2138 530 2164 et
557 2133 686 2164 attollit
713 2133 801 2163 vires
832 2132 866 2163 in
895 2132 1004 2163 milite

298 2184 422 2217 causa!
446 2184 506 2216 Ait
523 2195 602 2216 vero
619 2189 757 2225 gentem
777 2184 944 2215 Gallicam
956 2184 1006 2214 in·

297 2236 426 2267 victam
454 2246 529 2267 esse
557 2237 692 2277 robore,
721 2247 785 2268 nec
801 2246 875 2268 esse
891 2236 1006 2267 doma-

297 2288 398 2330 biles,
425 2288 489 2318 nisi
512 2299 617 2320 causa
642 2289 798 2329 legitima
814 2288 1004 2320 destituan-

297 2343 378 2371 tur:
403 2343 523 2381 estque
548 2340 620 2371 haec
643 2350 724 2371 vere
750 2340 805 2381 pia
821 2339 1003 2371 sententia.

300 2392 424 2423 Claver.

344 2441 461 2482 Causa]
497 2441 684 2483 Legitimus
708 2441 798 2472 enim
823 2441 1003 2482 Princeps,

298 2501 318 2523 a
363 2491 529 2533 Principe
577 2491 738 2528 adscitus,
778 2491 1003 2523 Theodosius.

299 2542 417 2575 Barth.

340 2594 405 2623 432
428 2591 617 2623 Barbariem
625 2590 758 2631 omnem]
773 2590 913 2622 Gildoni
924 2600 1004 2621 con-

299 2646 460 2674 tractam.
485 2642 585 2674 Idem.

341 2695 404 2724 433
428 2693 481 2724 An
496 2692 778 2733 Maurisremitus]
819 2691 1004 2723 Distinctio

298 2749 470 2785 corrupta.
493 2743 626 2775 scribe:
650 2754 692 2775 an
708 2743 828 2784 Mauri,
842 2742 1004 2782 fremitus,

298 2804 462 2836 raucosque
478 2797 615 2836 repulsus
634 2795 817 2835 Umbonum,
840 2797 870 2826 et
885 2797 1005 2826 nostros

546 209 689 240 NOTAE
724 208 991 241 VARIORUM
1026 208 1078 239 lN
1114 209 1189 239 CL.
1221 208 1407 239 CLAUD-
1441 209 1527 239 XV.

1058 309 1178 347 passuri
1193 307 1329 338 cominus
1343 303 1453 337 enses?
1477 304 1665 336 Fremitum.
1701 303 1768 335 Ro-

1058 359 1148 390 mani
1174 359 1291 390 militis
1326 357 1500 397 intellige:
1534 366 1617 396 quos
1639 355 1712 395 jam
1745 364 1766 386 a.

1059 410 1169 451 prima
1187 410 1372 451 Republica
1389 408 1527 440 ensibus
1543 412 1687 449 quatere
1699 406 1768 447 cly-

1061 472 1142 502 peos
1162 462 1278 493 solitos
1296 471 1338 491 ex
1358 459 1453 491 Livio
1469 459 1592 490 discas.
1629 457 1685 488 De
1701 457 1770 488 col·

1060 512 1178 543 lisione
1212 521 1380 543 armorum
1414 509 1593 550 Polybius,
1621 508 1678 540 lib.
1706 516 1770 540 xv.

1060 563 1180 593 ultimo
1212 562 1380 603 Scipionis
1410 567 1447 593 et
1482 559 1661 591 Annibalis
1687 568 1768 590 con-

1060 624 1189 654 gressu.
1217 615 1313 645 Idem.

1104 667 1166 695 434
1207 664 1395 700 antonum,
1424 666 1454 693 et
1480 659 1614 700 nostros]
1643 660 1770 692 Vestras

1061 714 1203 755 Gyrald.
1223 715 1321 754 prim.
1339 714 1452 744 Vatic.
1469 713 1524 743 alii
1541 711 1649 742 niulti.
1668 710 1768 741 bene.

1060 764 1149 794 idem
1168 764 1282 794 Vatic.
1304 763 1482 800 fremitum,
1511 772 1577 793 non
1594 761 1768 799 fremitus:

1062 814 1152 854 quod
1189 818 1225 844 et
1256 814 1313 843 alii
1353 812 1503 843 nonnulli
1542 811 1767 842 confirmant:

1061 864 1149 894 idem
1175 865 1295 902 codex,
1319 863 1496 902 gladiisque
1520 862 1679 900 micantes,
1701 870 1769 891 non

1057 916 1228 955 galeisque.
1255 914 1433 945 Palatinus
1444 914 1602 952 galeaque.
1627 911 1770 943 Oiselia-

1060 976 1122 997 nus
1139 966 1304 1006 radiisque.
1328 966 1371 995 D.
1391 965 1509 996 Heius.

1102 1020 1165 1047 435
1206 1017 1373 1057 Galez'sque
1406 1014 1569 1054 micantes]
1608 1014 1694 1045 Cum
1724 1012 1767 1044 ad

1061 1066 1257 1098 conflictum
1285 1073 1424 1098 ventum
1447 1064 1687 1098 concutiendae
1713 1073 1769 1104 ga-

1060 1119 1136 1157 leae,
1151 1128 1310 1159 armaque
1328 1123 1466 1153 caetera,
1491 1115 1658 1146 enitidata
1675 1118 1770 1144 ante·

1060 1168 1136 1207 hac,
1153 1173 1190 1198 ut
1207 1168 1329 1198 terrori
1343 1169 1413 1198 sint
1425 1167 1591 1205 hostibus,
1606 1170 1641 1195 et
1653 1164 1768 1196 oculo-

1062 1229 1134 1248 rum
1154 1219 1404 1258 pra‘stinguant
1419 1219 1538 1248 aciem.
1562 1216 1679 1247 Barth.

1104 1271 1168 1299 436
1191 1269 1298 1308 Longe
1312 1267 1398 1307 telis]
1430 1269 1486 1299 De
1502 1267 1686 1307 longinquo
1702 1265 1768 1297 uti-

1060 1319 1158 1351 libus.
1183 1320 1282 1351 Idem.

1103 1373 1165 1402 437
1193 1371 1389 1402 Exarmatus
1405 1370 1479 1408 erit,
1491 1379 1560 1400 cum
1575 1368 1691 1399 missile
1706 1370 1771 1398 tor-

1059 1421 1135 1452 serit
1152 1421 1263 1462 hostis]
1288 1422 1337 1452 Ut
1348 1421 1449 1452 hodie
1462 1420 1594 1451 Arabes
1610 1417 1693 1450 nudi
1709 1427 1768 1459 pe-

1060 1482 1115 1512 ne,
1128 1473 1334 1514 solisjaculis
1346 1472 1481 1503 armati.
1526 1471 1639 1511 Fingit
1654 1475 1768 1501 tamen

1061 1523 1103 1554 de
1120 1524 1273 1555 hostibus
1290 1524 1355 1555 ista
1368 1523 1476 1554 bonus
1491 1522 1685 1562 Imperator
1700 1520 1768 1560 hic,

1061 1574 1104 1605 ad
1125 1574 1249 1605 milites
1273 1574 1416 1605 audacia
1439 1572 1674 1613 inspirandos3
1699 1580 1766 1612 quo

1061 1635 1185 1666 genere
1197 1626 1331 1656 mentiri
1344 1625 1534 1656 consultum
1548 1623 1649 1654 Duci.
1667 1623 1767 1653 Idem.

1102 1679 1166 1707 438
1204 1677 1381 1706 Praeteutat
1409 1675 1505 1715 pallia
1535 1673 1627 1713 laeva]
1666 1673 1766 1703 More

1059 1727 1229 1766 gentilitio
1261 1725 1449 1765 pugnandi,
1478 1734 1545 1755 non
1563 1717 1693 1764 'paucis
1723 1723 1766 1755 de

1058 1777 1221 1807 Barbaris
1238 1777 1375 1808 usitato.
1399 1775 1496 1806 Idem.

1100 1830 1162 1859 441
1187 1828 1287 1858 Arma
1301 1826 1491 1866 oneri,fuga
1505 1825 1667 1866 praesz'dio]
1701 1824 1766 1857 Ar-

1058 1887 1112 1908 ma
1128 1878 1285 1917 graviora
1309 1887 1410 1918 quam
1434 1887 1510 1917 quae
1534 1875 1675 1917 fugaces
1697 1885 1765 1906 non

1058 1928 1226 1968 impedire
1243 1928 1434 1960 videantur.
1481 1927 1588 1958 Oneri
1612 1936 1686 1959 esse
1712 1926 1765 1959 di-

1058 1979 1158 2018 citur,
1173 1979 1262 2020 quod
1281 1978 1438 2010 molestia
1453 1978 1571 2010 afficit.

1104 2030 1265 2060 connubia
1294 2029 1393 2069 mille]
1427 2029 1517 2061 Vide
1542 2029 1765 2060 Conectanea

1057 2080 1167 2112 Andr.
1193 2080 1382 2122 Tit-aqueili
1407 2081 1538 2122 Legum
1562 2078 1766 2111 Connnbial.

1057 2142 1131 2173 cap.
1149 2136 1181 2165 7.
1204 2132 1321 2163 Barth.

1098 2186 1162 2214 442
1202 2184 1271 2214 Non
1299 2183 1379 2223 illis]
1421 2183 1493 2214 Non
1519 2182 1578 2214 ulli
1607 2180 1764 2212 meliores

1055 2234 1187 2274 scripti.
1211 2233 1256 2264 D.
1274 2233 1388 2264 Heius.

1099 2288 1161 2316 443
1188 2285 1325 2315 Numero
1346 2286 1474 2324 languet
1492 2282 1610 2325 pietas]
1642 2281 1764 2313 Imma·

1056 2336 1090 2366 ni
1107 2335 1208 2376 copia
1231 2340 1458 2366 evanescente
1486 2333 1599 2374 patrio
1623 2330 1760 2364 affectu.

1056 2387 1173 2418 Barth.

1101 2438 1235 2468 Numero
1258 2436 1400 2476 languet]
1439 2433 1542 2465 Ovid.
1579 2433 1588 2451 ‘
1608 2432 1761 2465 Alterius

1054 2487 1142 2519 vires
1157 2487 1323 2518 subtrahit
1339 2486 1427 2517 alter
1443 2483 1559 2516 amor!

1096 2540 1160 2570 444
1201 2537 1367 2568 Umbratus
1396 2537 1461 2566 dux
1490 2533 1582 2574 rosis]
1639 2533 1762 2565 Corona

1055 2587 1228 2629 grandiori
1245 2590 1350 2627 caput
1367 2590 1492 2617 tectus.

1097 2638 1274 2678 Marcidus]
1298 2637 1490 2667 Enervatus
1513 2634 1762 2674 crapulaluxu·

1054 2699 1129 2731 que.
1154 2688 1295 2719 Mun-idi
1321 2687 1409 2718 enim
1436 2686 1494 2728 qui
1525 2689 1666 2726 torpent
1687 2685 1760 2716 lies-

1056 2741 1160 2773 ternis
1176 2740 1296 2781 epuliS.
1319 2738 1436 2770 Barth.

1097 2793 1162 2823 446
1185 2789 1322 2831 Morbis]
1344 2789 1482 2821 Senium
1496 2786 1652 2821 Gildonis
1664 2786 1758 2819 nullo
