1851 3213
295 228 411 270 llo-2
721 239 796 269 οι.
831 237 1113 269 CLAUmANi
1147 236 1326 267 xnvm.

897 466 1150 514 XLVIII.

804 654 846 694 a
909 620 1249 693 MAGNEs

842 779 1202 810 ARGUMENTUM.

337 869 408 902 Qm
423 871 598 899 scrutatur
622 875 740 897 causas
757 874 883 904 rerum,
907 865 1059 904 explicet
1083 864 1248 895 miracula
1264 864 1450 905 Magnetis,
1466 864 1523 906 qui
1539 874 1607 896 non
1624 867 1760 904 ornatu,

293 922 353 953 sed
371 931 429 952 sua
442 921 570 951 virtute
588 918 872 950 commendandus
890 923 941 949 est
957 930 964 957 ;
989 919 1045 959 qui
1064 923 1239 950 recreatur
1262 917 1372 949 ferro:
1397 917 1475 950 hinc
1501 918 1626 950 Martis
1654 917 1761 950 ferrei

294 979 331 1006 et
348 973 487 1005 Veneris
500 973 709 1013 Magneticae
726 981 856 1003 amores
874 971 1101 1003 celebrantur.

295 1136 560 1203 Qmsoms
583 1153 762 1195 solicita
781 1154 990 1195 mundum
1010 1154 1176 1195 ratione
1198 1156 1376 1195 secutus

294 1222 476 1264 Semina
494 1222 678 1262 rimatur
696 1235 852 1271 rerum,
875 1236 964 1276 quo
987 1222 1113 1263 Luna
1133 1223 1310 1263 laborat

294 1289 500 1338 Desectu,
522 1301 620 1341 quae
643 1301 780 1328 causa
795 1289 922 1342 jubet
940 1289 1186 1342 pallescere
1210 1288 1380 1328 Solem:

294 1354 425 1396 Unde
444 1355 727 1395 rubescentes
749 1354 873 1395 ferali
896 1355 1013 1395 crine
1036 1359 1241 1403 cometae,

294 1421 422 1462 Unde
443 1420 581 1460 fluant
602 1421 736 1471 venti,
758 1421 941 1474 trepidae
964 1422 1063 1475 quis
1083 1423 1256 1462 viscera
1277 1426 1402 1462 terrae
1735 1435 1765 1463 ο

294 1488 538 1530 Concutiat
556 1492 718 1538 motus,
743 1489 843 1542 quis
864 1488 1037 1542 fulgura
1059 1489 1194 1530 ducat
1212 1489 1373 1539 hiatus,

338 1620 529 1660 Quicumque
556 1619 784 1659 Philosophus
810 1619 975 1659 exquirens
998 1629 1049 1650 res
1073 1620 1256 1657 mundanas,
1282 1619 1406 1658 ingenio
1427 1618 1576 1649 laborioso
1603 1621 1764 1650 serutatur

293 1663 450 1703 principia
465 1672 582 1702 rerum,
600 1666 697 1701 puta.
713 1672 771 1702 qua
787 1662 876 1692 Luna
892 1662 1017 1704 deficiat
1031 1663 1166 1702 Eclipsz',
1187 1673 1254 1702 qua>
1269 1672 1361 1693 causa
1377 1665 1467 1701 cogat
1478 1661 1578 1692 Solem
1592 1661 1764 1700 obscurari,

292 1706 372 1736 unde
394 1707 518 1735 cometoe
542 1703 630 1734 rubri
649 1714 733 1734 coma
747 1704 890 1744 funesta,
916 1707 995 1736 unde
1019 1706 1104 1736 venti
1123 1705 1320 1745 proveniunt,
1346 1705 1414 1745 quis
1438 1709 1553 1735 tremor
1577 1707 1763 1735 commoveat

906 1793 1142 1805 eeeeeeeeeeee

336 1849 482 1889 DIagnes.
506 1848 712 1880 Inscribitur
728 1849 776 1879 ita
791 1850 855 1880 hoc
871 1858 1009 1879 carmen
1026 1849 1057 1880 in
1075 1849 1157 1880 Vat.
1174 1859 1225 1890 pr.
1251 1854 1286 1880 et
1302 1850 1387 1881 Exc.
1405 1848 1553 1881 Lucens.
1578 1859 1629 1890 pr.
1646 1849 1679 1880 in
1697 1848 1762 1881 Co-

294 1891 371 1923 dice
387 1892 569 1924 chartaceo
585 1891 808 1922 Bibliothecae
825 1891 1041 1930 Hafniensis,
1065 1902 1164 1933 quem
1188 1893 1291 1923 litera
1319 1892 1349 1923 A
1374 1892 1429 1923 hic
1456 1897 1639 1923 notaverat
1654 1892 1763 1923 Hein-

294 1935 375 1974 sius,
406 1934 511 1974 [idem
528 1934 665 1964 videtur
694 1944 795 1975 quem
812 1935 915 1965 litera
932 1935 959 1965 B
987 1935 1133 1974 signavit
1151 1936 1249 1976 Idyll.
1276 1934 1316 1974 1.]
1339 1941 1425 1972 erat,
1457 1935 1628 1966 Claudiani
1653 1935 1762 1965 Poetae

292 1977 505 2008 Alexandrini
520 1978 557 2007 de
572 1977 601 2006 ri
620 1977 784 2016 Magnetis
801 1977 916 2017 lapidis
930 1978 1052 2017 incipit.
1077 1978 1109 2008 in
1128 1979 1224 2009 Med.
1251 1987 1302 2018 pr.
1331 1983 1365 2008 et
1390 1982 1511 2018 quarto
1529 1977 1762 2008 desideratur.

293 2020 347 2051 De
364 2020 516 2059 DIagnete
533 2020 677 2050 Tzetzes
701 2020 845 2050 Chiliad.
878 2023 952 2051 140.
982 2021 1122 2052 Pantin.
1151 2021 1183 2051 iu
1210 2021 1426 2061 Apostolium
1444 2031 1478 2061 p.
1495 2023 1570 2052 315.
1588 2022 1664 2051 325.
1683 2022 1762 2050 326.

295 2063 425 2093 Zenob.
443 2073 475 2102 p.
495 2065 545 2092 85.
570 2067 670 2102 atque
688 2063 757 2093 illic
773 2063 908 2093 Schott.

338 2108 355 2135 1
381 2104 415 2134 Si
432 2105 500 2144 quis
515 2105 648 2135 Bonon.
665 2105 811 2135 sollicitat
826 2106 950 2135 Petav.
965 2113 1033 2134 sec.
1061 2105 1143 2136 Var.
1170 2106 1237 2136 LL.
1255 2105 1310 2136 ed.
1339 2104 1445 2136 Antv.
1474 2115 1518 2136 m.
1542 2114 1593 2145 pr.
1616 2105 1764 2135 mundum

293 2146 374 2178 Vat.
390 2147 501 2177 Livin.
528 2148 633 2177 mundi
650 2148 728 2179 Ald.
744 2148 824 2178 Vas.
844 2148 914 2178 LL.
932 2157 949 2176 e
967 2156 1072 2187 marg.
1089 2148 1205 2179 Parm.
1229 2148 1335 2179 mundi
1363 2151 1424 2179 rat.
1450 2157 1574 2178 securus
1589 2148 1674 2178 Exc.
1697 2147 1764 2177 Lu-

291 2199 386 2221 cens.
404 2192 520 2229 pr.——2
546 2190 679 2220 rimatur
694 2191 775 2221 Vat.
794 2200 842 2230 pr.
859 2190 966 2221 Oisel.
991 2191 1125 2221 miratur
1141 2191 1219 2222 Vat.
1252 2200 1318 2221 sec.
1346 2195 1381 2221 et
1412 2195 1491 2221 tert.
1506 2189 1637 2221 Buslid.
1661 2189 1761 2219 mimz-

293 2232 340 2263 vit
356 2232 440 2262 Exc.
456 2232 544 2262 Laeti
561 2242 606 2262 ni.
628 2242 681 2273 pr.
715 2232 833 2264 laboret
847 2232 942 2264 Med.
960 2237 1096 2264 see—3
1122 2233 1258 2271 Defecta
1273 2234 1350 2264 Vat.
1366 2233 1514 2263 ωτι-4
1536 2235 1666 2263 cometes
1678 2231 1763 2262 Bus-

294 2274 419 2306 lid.—-5
443 2278 537 2306 ruant
554 2277 638 2306 tenti
655 2276 863 2316 conjiciebat
882 2275 1069 2306 Heins.—6
1095 2277 1292 2308 Commoveat
1307 2276 1389 2307 Vat.
1407 2279 1488 2306 tert.
1504 2275 1601 2306 Rott.
1627 2275 1762 2305 Concur-

959 2365 1098 2396 NOTAE

336 2441 357 2470 2
391 2438 484 2469 Luna
515 2439 635 2470 laborat
665 2440 802 2481 defectu]
847 2439 1001 2480 Eclipsin
1056 2449 1119 2480 pus
1136 2448 1280 2480 opacum
1297 2439 1418 2477 Lunae,
1439 2438 1534 2479 cujus
1556 2437 1764 2480 interpositu

294 2488 425 2520 scilicet
450 2489 548 2520 Luna
575 2490 716 2529 patitur,
744 2500 819 2521 cnm
841 2490 1001 2521 terrain·
1054 2490 1168 2521 Solem
1185 2490 1311 2521 intueri
1328 2489 1560 2530 prohibemur.

295 2539 463 2580 terposita
487 2539 644 2579 impedit,
668 2541 843 2580 quominus
862 2541 1000 2571 solitum
1097 2545 1116 2572 5
1143 2541 1287 2581 Trepida>
1302 2540 1410 2580 terroe]
1447 2541 1564 2572 Terrae
1581 2539 1762 2574 trementis

293 2589 407 2620 lumen
424 2600 443 2620 a
455 2589 534 2620 Sole
552 2594 735 2621 mutuetur.
1055 2590 1099 2622 ob
1116 2591 1237 2622 nimios
1256 2595 1380 2622 motus.

338 2644 357 2672 3
376 2641 547 2672 pallescere
560 2641 677 2682 Solem]
702 2642 800 2674 Quod
819 2642 946 2673 accidit
958 2642 1001 2673 ob
1099 2644 1119 2672 6
1143 2641 1276 2681 Hiatus]
1309 2640 1472 2680 Intellige
1495 2640 1624 2671 hiatum
1647 2640 1762 2679 nubis,

294 2691 403 2722 nubes
428 2692 640 2732 interjectas.
695 2691 857 2733 Alioquin
885 2693 912 2722 si
939 2702 1003 2733 per
1057 2691 1147 2723 unde
1163 2690 1297 2732 fulgure
1314 2691 1430 2722 micat.
1474 2691 1532 2722 De
1554 2691 1708 2724 Cometis
1723 2695 1761 2724 et

295 2742 461 2783 pallorem
492 2743 703 2783 intelligeret
733 2743 875 2784 eclipsin
901 2743 1002 2783 Solis,
1057 2744 1182 2785 ventis,
1195 2744 1262 2775 alio
1278 2743 1313 2776 in
1329 2743 1416 2775 loco.

295 2792 484 2824 notandum
500 2798 591 2825 esset
605 2792 640 2824 id
653 2794 852 2835 contingere
868 2793 912 2824 ob
929 2802 1002 2825 cor-
