1851 3213
303 212 417 254 1312

303 319 357 346 ter
372 319 554 356 occupent.
597 314 656 347 Sic
684 319 721 346 et
748 315 791 346 ad
817 313 1008 345 saltandum

302 366 496 405 exercendi,
506 376 571 408 quo
583 366 635 397 vel
647 365 747 397 fossae
761 364 1007 396 transiliantur.

301 417 425 457 Veget.

345 466 453 507 Saltu]
469 466 569 498 Silius
581 465 804 505 Italicus‚lib.
815 473 896 495 vm.
909 465 917 481 ‘
928 464 1007 504 Ipse

299 516 389 548 inter
407 518 534 548 medios
549 522 704 547 venturae
727 515 882 556 ingentia
899 514 1007 545 laudis

299 568 403 608 Signa
429 568 546 606 dabat,
576 567 712 598 vibrare
739 566 870 604 sudem,
899 571 1006 596 trans-

299 618 440 649 mittere
458 618 547 649 saltu
564 617 715 648 Murales
732 616 863 648 fossas.'

342 670 383 699 48
409 669 446 698 In
460 666 579 708 clypeo]
603 666 694 697 Alibi
707 666 925 698 Stilichonem
939 666 1007 696 lau-

299 717 371 757 dat,
398 719 521 759 clypeo
536 717 659 749 fultum
685 718 854 749 cervicem
872 717 904 747 in
921 717 1007 748 silva

299 768 510 800 dormivisse.

345 821 463 859 Vigiles
479 818 595 858 noctes]
612 817 803 857 vigilantia
819 816 908 846 inter
922 826 1008 846 sum-

298 879 368 900 mas
383 869 491 900 Ducis
502 867 738 908 Principisque
748 866 1007 904 Virtutes,stre-

297 929 400 950 mium
417 919 564 949 animum
591 927 656 948 nec
679 918 713 948 in
737 925 888 947 somnum
906 926 1006 956 supra

296 970 524 1001 necessarium
549 969 743 1007 seminem,
767 977 810 998 ne
839 972 1006 1006 occupata

299 1019 497 1060 ingentibus
527 1018 794 1059 cogitationibus
822 1027 929 1056 inens,
954 1028 1005 1048 so-

297 1070 449 1101 cordiam
461 1071 529 1100 ullo
542 1074 696 1109 tempore
705 1068 878 1099 admittat.
891 1067 1004 1099 Barth.

341 1121 518 1151 Producere
543 1119 660 1158 noctes]
705 1119 762 1150 Ita
797 1118 1002 1149 membrauae

295 1168 368 1200 fere
385 1179 515 1208 omues,
540 1178 607 1199 non
630 1170 806 1209 perducere.
840 1168 1003 1208 Propert.

293 1219 354 1251 lib.
380 1229 405 1251 1.
434 1220 487 1250 El.
505 1222 534 1251 3.
568 1220 577 1236 ‘
596 1219 627 1250 Ο
655 1219 785 1249 utinam
817 1219 900 1249 tales
928 1228 1003 1259 pro-

294 1269 397 1301 ducas
422 1269 576 1310 improbe
611 1268 753 1299 noctes!
775 1269 822 1298 sic
851 1269 1003 1299 scriben-

294 1320 384 1351 dum.
408 1320 551 1357 Statius,
567 1318 677 1348 Theb.
697 1326 780 1348 vnl.
795 1318 804 1334 ί
820 1318 911 1348 vario
926 1327 1002 1358 pro-

296 1370 425 1401 ducunt
454 1370 568 1399 sidera
607 1369 702 1406 ludo,
737 1367 831 1398 Ante
860 1368 1002 1399 domos.'

296 1420 422 1450 educere
467 1419 558 1449 idem
597 1418 707 1449 Theb.
748 1427 789 1450 Π.
843 1419 852 1435 ‘
874 1418 1002 1449 Insom-

292 1479 370 1500 nem
394 1469 473 1500 ludo
501 1469 658 1500 certatim
683 1468 831 1499 educere
854 1475 1003 1509 noctem,

291 1519 479 1551 sitas-erat)
504 1519 578 1550 aliis
594 1520 714 1550 ducere.
739 1519 787 1550 sic
804 1524 840 1549 et
861 1519 870 1534 ‘
888 1529 1001 1550 coenas

290 1571 325 1602 in
338 1571 450 1602 lucem
461 1570 662 1611 producere'
677 1574 794 1601 noster
809 1570 897 1601 bello
910 1570 1000 1601 Gild.

292 1622 391 1653 dixit.
438 1622 602 1663 Sequenti
644 1631 740 1653 versu
779 1631 843 1663 pro
873 1626 1001 1662 portare

290 1682 409 1703 verum
421 1675 604 1712 estpotare:
622 1677 656 1702 et
670 1672 718 1702 sie
730 1672 1000 1710 Mazarinianus,

291 1726 327 1753 et
343 1731 427 1752 uuus
440 1722 553 1752 Vatic.
571 1732 590 1752 a
604 1731 702 1752 mauu
719 1721 880 1752 secunda.
903 1722 1000 1752 Sido-

290 1773 362 1803 nius
391 1773 565 1812 Panegyr.
594 1771 784 1802 Anthemii:
821 1773 830 1788 ⁴
861 1772 999 1803 Indicus

289 1822 443 1854 Ausonia
454 1826 593 1863 potetur
606 1821 736 1852 casside
746 1822 912 1862 Ganges.'
924 1823 999 1854 Sta-

289 1872 371 1912 tius,
393 1872 498 1903 Theb.
524 1881 579 1903 111.
613 1873 621 1888 ‘
640 1871 811 1902 Hostilem
839 1872 999 1902 Ismenon

289 1922 395 1962 galeis
432 1922 627 1963 Dircenque
656 1921 831 1952 bibamus.’
862 1921 1000 1953 Albino-

288 1981 396 2003 vanus
413 1972 455 2003 de
472 1972 568 2003 obitu
583 1972 801 2011 Maecenatis,
834 1972 843 1988 ‘
862 1972 999 2004 Potasti

290 2023 388 2062 galea
412 2023 510 2054 dulce
533 2023 681 2063 jubante
710 2022 861 2055 merum?
884 2027 922 2053 ut
945 2033 1000 2054 ve-

288 2072 419 2103 rissime
436 2074 468 2103 in
485 2073 668 2104 Venusinis
684 2072 899 2110 lectionibus,
914 2084 999 2114 quas

289 2123 355 2155 luci
373 2124 555 2165 aliquando
573 2124 713 2155 daturus
731 2134 818 2163 sum,
839 2125 855 2154 ὁ
871 2125 999 2166 μακαρί-

285 2185 342 2210 της
357 2174 465 2205 Janus
484 2175 686 2215 Rutgersius
704 2175 888 2206 avunculus
905 2185 999 2207 meus

287 2225 470 2265 legendum
485 2230 612 2257 censet.
636 2226 898 2267 Vulgojutante.
916 2227 925 2243 ‘
939 2227 1000 2258 Ju-

287 2275 423 2306 bantem
457 2276 596 2316 galeaiu‘
632 2276 729 2313 dixit,
763 2282 802 2307 ut
828 2280 1000 2308 comantem

287 2325 461 2365 Virgilius.
508 2326 552 2357 D.
568 2327 680 2357 Heius.

330 2379 374 2408 49
398 2377 436 2407 In
461 2379 554 2415 galea
580 2382 709 2418 portare
737 2379 837 2419 nives]
872 2379 998 2410 Potum

288 2428 351 2459 sibi
368 2430 464 2469 galea
481 2434 631 2470 portare,
650 2432 779 2462 streuui
798 2431 998 2472 pugnatoris

288 2485 538 2519 argumentum,
553 2489 618 2510 non
634 2480 824 2512 deficientis
838 2481 999 2511 videlicet

286 2530 388 2560 etiam
401 2530 563 2561 extremis
576 2540 686 2560 rerum
701 2531 998 2571 angustiis.Barth.

329 2583 370 2611 50
409 2581 547 2611 Glandes
573 2581 692 2611 baleari,
715 2591 862 2620 spargere
877 2582 998 2622 sunda]

287 2631 484 2662 Balearium
501 2631 693 2662 Insularum
719 2632 839 2662 incolae
869 2632 998 2662 nobiles

288 2691 440 2722 pugnare
458 2681 573 2712 funda.
598 2682 732 2720 Florus,
748 2690 788 2712 11.
805 2684 835 2712 8.
869 2683 966 2712 Idem.

329 2734 369 2762 51
410 2730 569 2771 Nimium]
604 2731 645 2762 In
675 2731 829 2762 Honorio
856 2731 998 2763 nimium

288 2791 437 2814 amorem
464 2782 619 2814 militaris
636 2781 786 2824 virtutiS,
806 2781 996 2813 audaciam-

549 224 690 256 NOTAE.
725 221 989 253 VARIORUM
1031 222 1081 250 IN
1116 221 1190 250 ct..
1223 220 1407 251 CLAUD.
1441 219 1524 249 vu.

1060 322 1126 353 que
1151 313 1246 344 annis
1263 313 1425 353 majorem
1453 311 1641 353 compescit
1662 313 1764 345 etiam

1059 363 1268 394 Theodosius
1284 364 1400 394 Pater.
1434 363 1532 394 Idem.

1105 413 1244 444 Nimium
1259 424 1374 454 pugnae
1395 414 1603 454 inflammaret
1616 414 1764 454 amorem]

1059 462 1178 493 Malim
1205 464 1301 494 nimio
1323 472 1426 493 amore
1442 462 1635 502 flammaret.
1680 463 1765 494 Bar-

1059 514 1150 545 thius
1167 525 1208 546 ex
1226 516 1295 547 suis
1307 516 1496 547 codicibus.
1509 516 1568 557 qui
1579 515 1765 547 adeundus.

1059 563 1104 594 D.
1122 564 1234 596 Heim.

1101 617 1142 645 52
1165 615 1242 655 Avi]
1267 615 1462 647 Theodosii.

1101 665 1232 695 Adustae
1274 665 1398 706 Libyoe]
1442 665 1601 705 Ultimas,
1636 665 1764 707 vixque

1058 714 1192 753 pervias
1231 716 1432 746 solitudines
1462 715 1590 747 Africae
1624 720 1765 756 pacatas

1058 763 1226 795 adscribit
1256 775 1319 796 avo
1357 766 1511 798 Houorii.
1557 768 1626 798 Res
1656 771 1762 807 gestae

1058 818 1136 842 sunt
1153 814 1243 853 apud
1261 814 1488 847 Ammianum.
1526 816 1637 858 Libya
1650 821 1764 848 autem

1057 861 1200 893 interior
1232 869 1400 904 perpetuo
1429 866 1542 896 calore
1570 870 1605 898 et
1627 866 1763 898 fervore

1058 912 1152 952 quasi
1169 912 1298 944 adusta.
1335 914 1451 946 Barth.

1100 965 1140 993 53
1168 963 1324 1003 Impereia
1344 964 1454 1004 Thule]
1478 965 1637 1006 Eousqne
1652 966 1765 997 omnia

1057 1022 1196 1052 pacasse
1212 1014 1330 1044 laudat
1345 1014 1582 1047 Theodosium.
1614 1016 1669 1046 De
1684 1016 1764 1047 Sco-

1056 1063 1113 1101 tis,
1131 1063 1250 1102 Pictis,
1263 1064 1463 1095 nominatim
1480 1064 1692 1106 Ammianus,
1707 1066 1765 1107 qui

1054 1113 1225 1143 restitutis
1238 1114 1425 1145 Britanniis
1439 1119 1506 1146 tam
1517 1116 1698 1155 gloriosum
1713 1126 1764 1148 re·

1055 1164 1143 1194 disse
1153 1164 1194 1194 ad
1208 1165 1414 1197 Comitatum
1427 1166 1511 1198 dicit
1525 1169 1764 1209 Theodosium,

1054 1220 1092 1245 ut
1109 1216 1210 1246 Furio
1227 1216 1370 1247 Camillo
1393 1222 1427 1248 et
1452 1218 1597 1258 Papinio
1615 1220 1763 1251 Cursore

1054 1266 1270 1297 victoriarum
1288 1268 1446 1298 laudibus
1458 1278 1522 1299 non
1535 1267 1642 1300 fuerit
1654 1270 1763 1301 minus

1054 1316 1207 1356 ins-ignis.
1235 1317 1354 1348 Thulen
1371 1327 1432 1357 pro
1450 1319 1570 1349 ultimo
1597 1319 1678 1350 orbe
1704 1329 1762 1360 po-

1054 1367 1104 1397 nit
1122 1367 1341 1407 ClaudianuS,
1358 1368 1447 1399 ultra
1471 1377 1545 1399 eam
1572 1370 1662 1400 enim
1679 1370 1763 1401 nihil

1054 1417 1140 1449 certi
1158 1419 1389 1460 compertique
1413 1419 1556 1450 relatum
1579 1419 1762 1452 habebant.

1055 1469 1152 1499 Idem.

1096 1521 1137 1549 54
1160 1519 1259 1550 Leres
1274 1517 1420 1560 Mauros]
1451 1520 1570 1559 Fugax
1595 1523 1632 1551 et
1654 1520 1762 1552 insta-

1054 1571 1122 1602 bile
1139 1581 1237 1602 omne
1250 1573 1451 1603 Maurorum
1471 1572 1761 1614 Numidarumque

1052 1630 1168 1660 genus,
1195 1622 1286 1662 apud
1305 1622 1450 1661 Livium,
1471 1622 1666 1663 Polybium,
1687 1623 1762 1654 Sal-

1052 1672 1199 1703 lustium.
1244 1672 1297 1702 De
1325 1672 1454 1703 Mauris
1479 1672 1669 1703 Theodosio
1695 1681 1760 1703 avo

1050 1722 1201 1753 subactis
1219 1727 1335 1752 noster
1350 1722 1384 1752 in
1401 1722 1497 1752 Bello
1515 1720 1707 1752 Gildonico.

1095 1772 1254 1808 Necfalso
1269 1772 1390 1803 nomine
1406 1771 1530 1811 Pictos]
1554 1771 1648 1803 Gens
1665 1772 1762 1813 quip-

1051 1833 1093 1863 pe
1109 1823 1204 1863 liujus
1221 1823 1374 1854 vocabuli
1402 1824 1501 1854 solita
1518 1832 1640 1864 corpus
1657 1824 1758 1854 etiam

1049 1872 1127 1903 fuco
1144 1873 1296 1913 pingere.
1341 1874 1538 1913 Pingebant
1560 1877 1672 1904 autem
1689 1883 1763 1905 cor-

1051 1932 1134 1962 pora
1151 1923 1243 1954 Picti
1260 1923 1361 1954 variis
1387 1924 1608 1955 animantium
1632 1923 1760 1964 figuris.

1051 1973 1167 2004 Barth.

1094 2028 1133 2054 55
1161 2024 1325 2065 Edomuz‘c]
1348 2023 1563 2055 Perdomuit.

1095 2074 1278 2114 Scotumque
1304 2073 1398 2114 vago]
1421 2075 1552 2114 Vagum
1581 2075 1761 2115 populato-

1051 2133 1122 2154 rem
1149 2124 1274 2165 ubique
1292 2129 1522 2165 persecutum,
1545 2124 1653 2156 donec
1678 2124 1759 2156 edo-

1050 2179 1174 2213 maret,
1188 2175 1273 2206 dicit
1286 2175 1522 2207 Theodosium.
1559 2174 1677 2206 Barth.

1099 2225 1185 2264 Vago
1216 2236 1359 2257 mucrone
1384 2225 1520 2265 secutus]
1545 2226 1622 2256 Non
1644 2235 1758 2265 vagum

1050 2276 1168 2316 scripti
1185 2276 1352 2308 meliores.
1386 2277 1431 2307 D.
1449 2275 1563 2306 Heius.

1093 2328 1134 2356 58
1151 2326 1282 2366 Tethyos
1292 2326 1433 2366 alternoe]
1446 2325 1634 2366 Utriusque
1647 2324 1759 2356 Ocea-

1049 2375 1095 2405 ni.
1114 2376 1258 2417 Refluum
1274 2376 1431 2407 Oceanum
1445 2379 1555 2415 vocat,
1568 2375 1659 2416 quod
1672 2375 1706 2405 in
1719 2384 1756 2406 se

1050 2425 1183 2465 redeat,
1212 2427 1328 2457 orbem
1357 2426 1544 2466 amplexus,
1572 2425 1663 2456 nullo
1680 2425 1756 2466 ipse

1051 2476 1205 2507 termino.
1229 2477 1346 2508 Barth.

1095 2527 1224 2568 Rcflaas
1264 2528 1398 2558 calcavit
1439 2526 1565 2566 arenas]
1614 2525 1758 2567 Refugas

1049 2578 1149 2618 prim.
1166 2578 1325 2609 Vatican.
1343 2583 1378 2608 et
1394 2579 1533 2609 Farnes.
1579 2577 1623 2608 D.
1639 2576 1756 2608 Heius.

1092 2632 1134 2660 59
1157 2628 1283 2659 Semina
1295 2628 1434 2668 laudum]
1459 2628 1543 2659 Quae
1559 2627 1685 2658 teneris
1698 2636 1757 2658 an-

1048 2679 1100 2710 nis
1124 2678 1342 2717 instillantur,
1367 2677 1590 2709 similitudine
1606 2675 1755 2716 frugum,

1049 2730 1152 2762 inseri
1167 2727 1414 2770 quodammodo
1431 2728 1602 2759 dicuntur.
1625 2727 1723 2758 Idem.

1090 2784 1133 2812 60
1157 2781 1229 2812 Νοη
1252 2779 1335 2811 ocius
1357 2779 1463 2811 hausit
1486 2777 1638 2818 Achilles]
1660 2777 1754 2809 Sum-
