1851 3213
265 216 378 259 1318
515 228 657 259 NorAE
689 229 957 260 VAnloRUM

266 322 405 352 sissiinis
422 321 559 353 dicitur.
584 322 682 354 Idem.

310 373 371 403 133
397 371 504 403 Floret
542 372 698 413 cristatis]
749 373 806 404 Sic
846 373 973 414 Isingr.

265 422 411 454 Lucens.
436 429 471 454 et
500 428 570 455 tres
598 424 676 455 alii:
703 425 839 465 qnidam
865 425 972 456 Fleret

267 479 442 514 corrupte,
461 474 513 505 vel
542 473 665 512 Haeret,
684 475 736 504 vel
762 474 878 506 Fervet
895 484 972 506 cum

266 523 434 563 vulgatis:
462 534 576 554 veram
590 524 771 555 lectionem
789 524 876 556 vidit
894 526 973 556 Sca-

268 573 366 613 liger,
383 579 418 605 et
434 574 526 604 illum
544 578 682 605 secutus
705 574 974 615 Raphelengius.

268 623 345 654 Lib.
363 633 388 654 1.
411 624 444 654 in
469 624 601 655 Stilich.
626 625 634 640 ‘
649 624 800 655 Armifer
825 630 860 656 et
878 625 974 656 viridi

267 671 406 704 floreret
425 674 532 706 nuilite
558 675 695 707 sulcus!
749 676 826 706 Val.
857 676 974 707 Flacc.

269 724 328 754 lib.
346 733 369 754 1.
394 725 529 755 ‘Variis
554 724 655 757 floret
681 726 735 756 via
760 726 909 757 discolor
925 736 976 756 ar-

270 773 357 803 mis!
404 773 472 804 Ubi
500 784 683 814 perperam
711 775 831 806 Carrio
856 776 979 806 decolor

272 822 444 854 edendum
456 824 610 853 curavit:
637 827 756 854 noster
768 824 861 863 alibi,
881 824 890 840 ‘
903 824 979 854 Dis-

273 875 367 906 color
394 874 523 905 incedit
549 874 661 914 legio!
693 874 791 905 Idem
819 875 979 915 Flaccus,

274 926 333 956 lib.
365 934 430 955 vn.
479 925 635 955 ‘armata
671 923 854 957 florescant
889 925 979 966 pube

270 974 437 1006 novales!

318 1026 431 1057 Fervet
448 1025 590 1057 cristatis
604 1027 760 1058 exercitus
770 1026 903 1068 undique
915 1031 980 1058 tur-

274 1078 348 1119 mis]
370 1079 586 1110 Pulcerrima
612 1079 847 1120 praefiguratio
879 1090 981 1112 cono-

277 1139 349 1161 rum
367 1131 616 1172 cristarumque
634 1132 666 1162 in
683 1131 854 1172 capitibus
871 1134 982 1174 galea-

277 1180 321 1212 tis
336 1179 590 1213 fluctuantium.
614 1183 729 1214 Barth.

321 1233 383 1261 134
409 1231 544 1271 Quisque
559 1243 615 1263 sua
638 1236 670 1263 te
692 1243 762 1263 voce
776 1233 902 1273 canens]
925 1233 983 1264 Di-

276 1290 452 1312 versarum
470 1282 622 1321 gentium
637 1283 762 1314 milites
780 1284 828 1314 ait
844 1293 912 1314 uno
925 1293 984 1315 ore

277 1330 529 1370 conspiravisse
547 1332 580 1361 in
597 1332 731 1362 Laudes
748 1333 906 1364 Honorii.

321 1380 412 1410 Ae'na
426 1379 513 1419 Lux]
544 1381 674 1421 Fulgor
704 1382 887 1414 aeneorum
919 1383 984 1415 Ar-

279 1439 421 1462 morum.
464 1431 654 1471 Virgilius:
680 1434 741 1465 ‘et
766 1434 842 1466 luce
871 1444 986 1466 corus-

280 1490 340 1512 cus
357 1480 467 1514 aena!
492 1482 610 1513 Barth.

326 1534 386 1562 135
411 1532 508 1572 Seges
552 1533 715 1566 DIavortz'a
740 1535 842 1576 ferri]
885 1536 985 1567 Maro

280 1582 384 1621 idem,
398 1582 456 1614 lib.
476 1592 543 1615 vn.
565 1586 574 1601 ‘
589 1583 679 1616 ferro
707 1587 851 1628 ancipiti
867 1587 987 1618 decer-

281 1636 382 1672 nunt,
394 1637 537 1674 atraque
549 1634 650 1674 longe
664 1635 848 1668 Horrescit
858 1637 987 1669 strictis

283 1692 380 1722 seges
398 1684 545 1724 ensibus,
567 1695 705 1726 aeraque
730 1686 890 1728 fulgent,’
922 1691 989 1720 Sec.

284 1733 383 1765 Idem.

328 1787 390 1815 136
413 1784 592 1823 Ingeminat
608 1787 768 1826 splendore
794 1788 891 1829 diem]
914 1790 991 1820 Du-

286 1833 416 1875 plicata
431 1835 516 1867 luce.
547 1836 647 1868 Idem.

331 1887 393 1916 137
418 1886 564 1917 Horrida
589 1887 703 1928 contis]
736 1887 767 1920 A
785 1890 901 1930 specie
925 1894 993 1921 tre-

288 1934 422 1968 menda.
468 1936 581 1978 Maro,
604 1938 662 1969 lib.
687 1947 754 1970 xu.
775 1940 994 1983 ‘strictisque

288 1995 386 2027 seges
402 1988 617 2018 mucronibus
633 1989 772 2021 horret.'
794 1991 895 2022 Idem.

334 2039 395 2067 138
418 2037 513 2067 Picta
546 2039 713 2070 draconum
752 2041 840 2072 Colla
876 2041 994 2082 levant]

290 2085 467 2117 Dracones
496 2089 672 2120 veteribus
702 2091 806 2132 signis
837 2092 995 2133 componi

290 2136 382 2177 apud
399 2138 596 2170 Exercitum
624 2144 684 2172 aut
712 2141 869 2183 praeponi
891 2142 998 2182 soliti,

290 2196 432 2227 quorum
448 2190 576 2221 mentio
604 2190 639 2221 in
667 2192 786 2233 primis
810 2193 1000 2234 Imperato-

290 2236 384 2268 ribus
400 2239 503 2271 nulla.
548 2242 659 2273 Fuere
676 2248 791 2275 autem
817 2244 999 2277 simulacra

293 2286 491 2319 Draconum
521 2290 707 2331 perflatilia
743 2299 861 2335 vento,
898 2299 998 2327 textu

292 2338 393 2369 laneo
422 2345 482 2370 aut
512 2343 634 2382 serico,
673 2355 828 2386 purpura
857 2346 999 2388 aliisque

294 2389 465 2421 coloribus
481 2391 604 2432 tincta,
620 2394 794 2435 confecta,
806 2400 909 2438 atque
926 2397 999 2428 has·

294 2443 408 2470 tarum
424 2443 676 2475 summitatibus
689 2445 801 2477 affixa.
826 2446 999 2478 Ammian-

293 2489 354 2522 lib.
381 2500 461 2523 Χνι.
483 2494 661 2535 Vegetius,
695 2497 753 2528 lib.
781 2507 821 2529 11.
845 2508 919 2538 cap.
946 2501 999 2529 13.

296 2541 366 2572 Ubi
378 2544 542 2574 centuriis
557 2546 660 2577 etiarn
671 2548 812 2588 singulis
824 2559 884 2580 sua
895 2548 1002 2581 fuisse

296 2596 393 2624 notat
409 2595 546 2634 vexilla,
560 2606 700 2637 quorum
714 2598 841 2629 indicia
851 2599 882 2629 in
895 2600 1003 2640 galeis

300 2647 515 2685 portaverint
545 2648 784 2688 Centuriones,
816 2653 853 2681 ut
886 2660 905 2680 a
936 2651 1004 2681 suis

301 2696 445 2737 quisque
473 2697 635 2729 militibus
664 2702 781 2739 posset
806 2699 932 2741 ubique
950 2709 1006 2740 ag-

300 2747 406 2778 nosci.
434 2748 533 2780 Idem.

346 2800 408 2829 139
430 2798 577 2840 Serpens]
600 2800 704 2842 Signa
715 2800 1007 2843 militariaiunuit,

993 230 1043 259 ΙΝ
1078 229 1151 259 CL.
1185 229 1367 260 CLAUD.
1397 229 1484 260 v11.

1023 334 1096 365 quae
1115 327 1195 355 tunc
1212 323 1309 355 fuere
1339 323 1501 364 triplicia,
1527 331 1650 364 nempe
1666 322 1730 354 La-

1022 374 1153 414 barum,
1186 373 1335 416 Aquilae,
1366 375 1563 414 Dracones,
1600 373 1659 414 qui
1696 377 1733 404 et

1022 425 1224 465 Serpentes.
1253 425 1373 456 Claver.

1068 478 1131 506 140
1158 476 1303 515 Vivitque
1318 474 1463 514 receptis]
1485 473 1618 504 Terrori
1634 472 1733 503 simul

1025 530 1061 556 et
1101 526 1270 566 voluptati
1319 530 1436 565 aptum
1485 524 1733 564 spectaculum.

1026 577 1144 608 Barth.

1070 629 1130 657 141
1156 625 1273 666 sibila]
1295 626 1502 667 Serpentum
1530 634 1591 656 seu
1615 624 1736 655 draco-

1026 687 1106 708 num
1123 677 1273 718 propria.

1072 729 1133 756 142
1162 727 1343 758 Ventumad
1354 726 1456 767 sedes]
1482 727 1654 758 Palatium
1668 724 1737 757 Au-

1029 780 1176 816 gustum.
1202 777 1321 807 Barth.

1071 827 1124 857 Ad
1134 826 1235 865 sedes]
1261 827 1355 858 Nihil
1381 826 1473 857 aliud
1490 827 1636 867 intelligi
1653 830 1738 867 puto

1031 885 1131 917 quam
1141 876 1306 916 palatium
1321 886 1379 907 seu
1389 877 1526 908 domum
1534 878 1739 915 Caesaream,

1030 927 1089 958 ubi
1105 927 1301 968 Imperator
1317 927 1533 959 considebat.

1078 978 1212 1008 Cunctos
1225 977 1397 1017 discedere]
1421 977 1537 1008 Facile
1552 976 1658 1009 credo
1673 976 1743 1017 pri-

1031 1037 1096 1059 mae
1122 1032 1214 1059 notae
1244 1028 1411 1069 primique
1435 1028 1559 1069 gradus
1579 1037 1742 1069 proceres

1032 1078 1229 1109 Theodosio
1247 1083 1318 1109 tum
1334 1078 1500 1119 adfuisse,
1515 1088 1599 1120 quos
1615 1078 1743 1110 blanda

1031 1129 1254 1160 inclinatione
1272 1140 1291 1160 a
1307 1139 1343 1160 se
1357 1129 1546 1162 dimiserit:
1573 1129 1638 1161 etsi
1653 1129 1742 1161 enim

1026 1179 1128 1219 jubet
1154 1179 1309 1210 discedere
1323 1191 1336 1217 ‚·
1358 1179 1441 1210 illud
1460 1184 1574 1211 tamen
1598 1190 1663 1210 non
1691 1183 1745 1210 est

1034 1238 1169 1269 semper
1197 1228 1392 1268 δεσποτικὸν,
1416 1229 1477 1259 sed
1503 1229 1597 1270 quasi
1628 1238 1746 1270 preca-

1035 1280 1141 1311 rium:
1166 1290 1245 1310 nam
1262 1285 1298 1311 et
1320 1280 1436 1311 κελεύω
1459 1281 1591 1312 Graecis
1616 1282 1746 1320 φιλικῶς

1034 1331 1190 1371 usurpari
1205 1332 1340 1362 notavit
1365 1341 1467 1362 manu
1492 1341 1552 1362 sua
1569 1331 1745 1372 Cujacius.

1039 1382 1165 1412 Claver.

1081 1431 1217 1462 Cunctos
1239 1430 1395 1462 discedere
1422 1431 1528 1472 tectis]
1565 1430 1660 1462 Libri
1675 1440 1748 1471 εεΧ,

1036 1485 1142 1513 tutas.-
1181 1487 1341 1523 quatuor,
1369 1486 1473 1514 tutos.-
1510 1488 1594 1522 tres,
1617 1483 1749 1514 cunctis.

1037 1533 1149 1564 Delrii
1174 1533 1260 1564 liber
1275 1537 1354 1565 tuto.
1383 1534 1486 1565 Latet
1512 1533 1640 1575 aliquid
1657 1542 1749 1565 men-

1036 1583 1081 1616 di.

1082 1638 1144 1667 143
1160 1636 1331 1677 Generum]
1347 1637 1476 1668 Fratris
1486 1636 1667 1668 Theodosii
1680 1635 1750 1667 filia

1040 1692 1206 1727 nupserat
1222 1687 1415 1719 Stilichoni.
1440 1688 1609 1727 Zosimus,
1625 1687 1684 1719 lib.
1701 1696 1751 1720 lv.

1041 1737 1158 1768 Barth.

1087 1790 1149 1818 146
1174 1787 1273 1822 Quem
1289 1788 1388 1819 merui
1411 1791 1443 1819 te
1466 1789 1678 1833 non'sudanle
1693 1789 1752 1820 tri-

1043 1837 1203 1878 umphum]
1227 1838 1321 1869 Male
1336 1838 1568 1878 alii‚suadente.
1590 1838 1755 1879 Isingrin.

1045 1892 1081 1919 et
1096 1888 1248 1919 nonnulli
1268 1898 1311 1919 ex
1327 1889 1464 1930 nostris,
1475 1890 1554 1929 quod
1565 1890 1752 1930 trophaeum.

1046 1942 1084 1969 ut
1101 1938 1134 1968 in
1148 1938 1261 1969 veteri
1277 1938 1436 1978 inscript.
1458 1940 1467 1955 ‘
1482 1939 1576 1970 Dum
1592 1940 1670 1979 tibi,
1687 1940 1756 1971 Ro·

1046 1999 1114 2030 ma,
1129 1989 1233 2020 decus
1261 1993 1461 2030 aeternaque
1484 1988 1569 2020 sudo
1585 1990 1755 2030 trophaea,

1047 2039 1138 2070 Ister
1154 2039 1287 2080 pacatis
1302 2040 1411 2070 lenior
1435 2039 1509 2071 ibat
1530 2040 1650 2082 aquis.’
1683 2040 1754 2073 Pro

1047 2090 1240 2121 Sarmaticas
1252 2091 1318 2121 alas
1328 2090 1443 2131 potior
1456 2090 1664 2131 scriptorum
1675 2100 1754 2132 pars

1047 2141 1262 2172 Dalmaticas:
1284 2141 1345 2172 sed
1368 2141 1507 2174 frustra.
1551 2142 1637 2173 Rem
1653 2142 1756 2174 docet

1047 2192 1137 2224 inter
1154 2192 1237 2224 alios
1252 2191 1466 2234 Ammianus,
1490 2192 1549 2225 lib.
1566 2202 1671 2225 xxix.
1708 2194 1755 2225 D.

1048 2242 1163 2274 Heius.

1096 2294 1138 2325 Te
1154 2304 1213 2325 non
1228 2294 1375 2334 sudante]
1399 2294 1564 2327 Sudorem
1585 2305 1647 2337 pro
1664 2295 1757 2327 omni

1049 2345 1175 2377 bellica
1191 2355 1298 2386 opera
1322 2347 1414 2377 mille
1435 2347 1520 2377 locis
1538 2347 1636 2388 ponit
1653 2347 1756 2379 Clau-

1050 2396 1184 2435 dianus,
1203 2396 1250 2427 ita
1267 2401 1303 2428 et
1320 2397 1385 2428 isto
1401 2397 1486 2428 loco.
1510 2398 1628 2428 Barth.

1094 2449 1156 2478 147
1183 2446 1354 2487 Odrysium
1363 2447 1500 2487 pariter]
1523 2448 1580 2477 De
1595 2447 1758 2479 Victoriis

1049 2497 1234 2528 Theodosii
1262 2497 1298 2527 in
1334 2496 1477 2527 Thracia
1512 2496 1762 2539 Theodoretus,

1053 2547 1114 2578 lib.
1132 2556 1164 2577 v.
1180 2556 1254 2587 cap.
1271 2550 1302 2577 5.
1327 2546 1427 2577 Idem.

1099 2600 1161 2628 150
1184 2596 1270 2627 Rota
1303 2596 1490 2627 sulcavimus
1519 2596 1652 2637 Istrum]
1704 2598 1757 2630 De

1058 2648 1219 2678 Danubio
1242 2648 1306 2679 hoc
1331 2647 1421 2678 idem
1447 2647 1572 2688 saepius
1596 2648 1631 2679 in
1662 2649 1759 2681 libris

1055 2699 1217 2729 Tristium
1235 2698 1392 2729 Ovidius.
1417 2699 1514 2729 Idem.

1101 2751 1162 2779 152
1186 2748 1291 2789 Solus]
1315 2748 1570 2782 Zosimusidem
1584 2750 1761 2785 traditlib.

1057 2807 1092 2830 v.
1116 2798 1216 2830 Idem.
