1852 3182
529 202 590 231 DE
626 204 689 233 [V.
724 206 864 237 CONS.
897 208 1085 241 HONOR.

80 295 145 322 tur.
170 292 289 323 Dar-1⁰0.

123 344 271 383 Imposito
296 343 429 383 suspirat
456 347 537 374 vecte
555 347 695 376 sacerdos
711 348 781 377 Tes-

77 394 177 433 tatus]
202 394 255 425 lta
270 395 373 425 locum
391 395 477 424 liuuc
499 395 678 434 legendum
706 409 781 429 vru-

77 444 263 475 ditissimus
280 445 472 475 Gronovius
494 455 534 475 cx
564 447 716 478 Lcidcusi
742 450 778 479 li-

78 492 138 523 bro
155 494 227 534 jam
255 495 386 524 monuit
411 495 586 525 Diatribcs
611 498 777 529 Statianae

77 552 151 583 cap.
168 548 199 574 5.
221 544 310 584 quod
334 543 535 576 confirmant
558 546 614 577 alii
631 548 778 589 quinque

76 602 118 623 ex
135 593 258 623 nostris
273 604 279 622 :
305 593 406 633 idque
416 594 487 634 jam
501 605 543 626 ex
563 602 660 636 parte
688 598 778 630 vide-

74 647 128 672 rat
144 642 176 672 in
190 642 319 673 Electis
332 644 557 684 amplissimus
574 647 776 680 Gevartius:

74 691 174 730 vulgo
190 692 334 732 imposita
355 694 516 734 suspirans
539 701 622 728 veste
637 701 778 731 sacerdos

77 741 240 773 Testatur:
273 743 397 775 deinde
429 746 566 778 Pharios
598 758 657 789 pro
676 751 778 781 varios

74 789 161 822 bene
177 792 318 832 scripti:
343 794 433 833 quod
458 796 501 826 ab
525 797 598 828 aliis
616 799 776 839 jam'ani-

72 840 298 873 madversum.
322 844 366 874 D.
385 844 498 877 Heius.

115 890 266 930 Imposita
280 894 378 933 reste]
401 895 453 926 Ne
482 900 615 929 tantum
645 900 776 940 pondus

69 937 227 972 humeros
258 947 432 974 extereret
455 946 597 979 scilicet.
633 949 777 981 Simula-

71 988 155 1020 bant
170 991 287 1032 utique
303 993 447 1025 numinis
458 998 660 1035 gravitatem
673 1001 776 1038 lignei

70 1041 283 1081 sacerdotes,
299 1043 340 1073 ad
365 1046 554 1085 augendam
576 1051 701 1090 populo
721 1061 774 1082 su-

72 1092 323 1130 perstitionem.
359 1095 472 1126 Barth.

111 1143 172 1171 575
199 1141 388 1183 Phariosque
419 1146 538 1186 modos]
577 1148 658 1180 Fuit
684 1151 773 1183 enim

69 1190 249 1230 peculiaris
278 1193 397 1234 utique
423 1195 474 1226 his
507 1197 600 1229 tibiis
638 1201 771 1240 modus,

68 1248 136 1271 non
166 1241 237 1272 sine
271 1242 406 1275 scilicet
436 1244 646 1286 profanitate
676 1252 773 1282 variis

68 1291 253 1322 mutandis.
289 1292 384 1325 Idem.

112 1343 175 1371 576
206 1341 375 1374 Submissis
400 1346 556 1388 admugit]
593 1348 772 1381 Submissis-

67 1399 124 1430 que
142 1391 235 1430 prior
251 1392 392 1432 Moress,
414 1397 561 1434 graviori
587 1408 691 1432 sono:
716 1402 772 1432 de-

67 1439 146 1471 inde
155 1441 357 1481 frequentant
374 1453 440 1475 non
450 1446 634 1487 frequentat
649 1460 771 1483 novem

66 1489 158 1521 libri.
193 1492 240 1522 D.
260 1492 371 1524 Heius.

109 1541 264 1581 Admugit
293 1544 435 1576 cornibus
462 1547 555 1587 Apis]
580 1549 628 1581 Ut
655 1551 771 1584 favere

65 1591 198 1623 scilicet
215 1602 283 1623 suae
300 1603 432 1635 pompae
450 1598 639 1637 sapientem
657 1602 770 1634 Deum

64 1640 275 1681 intelligeres
293 1643 334 1674 de
350 1654 431 1676 voce
444 1646 503 1678 illa
515 1651 654 1682 mellita.
678 1652 770 1693 Apin

65 1690 139 1730 pari
156 1700 231 1722 cum
248 1692 416 1733 AEgyptiis
441 1701 685 1737 superstitione
703 1704 771 1734 Ro-

65 1749 181 1771 manos
195 1742 341 1774 coluisse
355 1751 476 1777 auctor
492 1748 659 1783 Minutius
674 1752 771 1784 Felix

66 1789 224 1824 Octavio.
248 1794 366 1826 Barth.

108 1847 171 1875 578
198 1845 337 1877 Tibridis
354 1851 386 1878 et
408 1848 513 1892 Latii]
536 1851 670 1886 Italiam
700 1865 768 1887 om-

63 1901 140 1925 nem
157 1894 254 1935 dicit,
273 1895 461 1931 Romanam
486 1906 522 1932 et
546 1903 680 1936 Latiam
699 1907 768 1938 No-

63 1943 244 1976 bilitatem.
278 1947 374 1978 Idem.

108 1998 172 2026 579
196 1996 352 2038 Quicquid
379 2000 412 2031 in
439 2003 510 2034 orbe
530 2004 616 2046 fuit]
649 2007 768 2048 Ubique

65 2045 160 2085 prior
185 2047 332 2079 Moreti:
358 2050 405 2081 sic
432 2061 549 2093 supra,
572 2056 581 2072 ‘
597 2057 640 2086 sit
667 2057 766 2090 Nilus

62 2095 188 2136 ubique
202 2098 346 2130 Vester:
362 2100 434 2131 Lib.
450 2111 473 2132 1.
487 2103 530 2133 de
541 2105 641 2145 Rapt.
655 2107 664 2123 ‘
677 2108 767 2148 quic-

62 2147 145 2187 quid
173 2149 295 2190 ubique
335 2152 457 2192 Giguit
490 2158 670 2189 materies.’
722 2160 766 2192 D.

62 2197 177 2229 Heius.

103 2249 224 2279 Auctor
233 2250 370 2291 honoris]
394 2252 526 2285 Auctor
538 2256 692 2298 alicujus,
708 2260 765 2300 qni

62 2307 164 2339 quem
176 2299 217 2330 ad
235 2301 378 2332 honores
397 2311 585 2346 promovet,
597 2313 764 2350 ornatque

61 2347 111 2380 iis.
148 2349 358 2391 Ammianus,
374 2353 431 2383 lib.
449 2363 525 2386 xlv.
543 2359 550 2372 ‘
569 2357 595 2387 si
616 2359 691 2398 plus
710 2370 764 2390 va-

59 2399 178 2431 luisset
200 2410 341 2433 ausurus
370 2403 503 2436 hostilia
527 2407 560 2437 in
589 2414 763 2442 auctorem

60 2459 131 2481 suae
147 2449 347 2484 felicitatis?
379 2454 435 2486 Sic
449 2461 558 2488 auctor
569 2459 700 2491 hoeredis
714 2462 763 2492 di-

61 2500 151 2531 citur
182 2506 338 2543 testator,
366 2514 408 2535 ex
446 2507 539 2547 cujus
581 2509 677 2541 bonis
708 2512 764 2543 ille

59 2550 302 2591 locupletatur.
326 2554 443 2587 Barth.

103 2603 165 2631 580
190 2603 360 2634 Numeroso
391 2606 534 2648 Consule]
559 2609 763 2644 Consulatus

59 2648 149 2681 enim
167 2653 298 2690 praemii
322 2654 525 2698 honorisque
545 2662 663 2692 summi
689 2673 763 2702 gra-

60 2699 109 2731 tia
124 2700 364 2734 conferebatur
380 2715 399 2735 a
414 2707 634 2749 principibus.
666 2713 762 2746 Idem.

103 2752 166 2781 582
191 2750 314 2782 Illustri
337 2757 369 2784 te
388 2758 474 2794 prole
493 2759 611 2802 Tagus]
636 2763 764 2794 Nobili-

146 2803 264 2844 Delph.
280 2809 311 2837 et
332 2806 404 2838 Vur.
425 2810 508 2843 Clas.

736 2817 845 2849 Claud.

1420 210 1529 253 1361

831 304 936 332 tatem
974 303 1151 344 Hispanias
1189 307 1372 341 Procerum
1403 313 1532 356 laudat,

829 351 906 392 qnia
923 353 1000 384 inde
1017 355 1199 387 Theodosii
1216 359 1329 399 stirps.

874 402 979 433 Gallia
1007 406 1106 435 doctis
1139 407 1280 448 sii-ibus]
1319 410 1465 450 Egregia
1495 420 1532 447 et

829 453 950 483 merita
968 454 1050 486 laus.
1095 456 1218 487 Gauiae
1243 468 1309 498 quo
1333 466 1434 499 pacto
1458 463 1533 495 lite·

830 511 939 533 rarum
966 505 1074 542 gloria
1100 506 1162 537 lioc
1189 512 1342 548 tempore
1368 509 1533 554 floruerit,

829 557 944 583 notum
961 564 1002 584 ex
1028 555 1167 587 Ausonii
1196 558 1454 602 professoribus,
1468 564 1534 594 Eu-

828 603 952 642 menio,
973 604 1123 645 aliisque.
1172 608 1396 641 Nobilitatem
1417 616 1531 645 autem

827 651 1048 694 doctrinaque
1077 656 1184 687 claros
1217 658 1367 690 homiues
1398 661 1532 694 Princi-

828 710 905 741 pem
933 703 1078 743 stipasse
1108 706 1314 738 Claudianus
1355 719 1532 753 memorat,

827 751 917 792 quod
944 754 1098 785 excubiae
1119 756 1257 797 Imperii
1286 759 1328 790 ad
1351 770 1409 793 eos
1428 765 1533 802 perti-

828 808 932 834 neant
948 804 1050 835 velut.
1075 806 1193 838 Barth.

872 852 979 884 Gallia
1004 856 1117 896 doctis]
1159 858 1291 897 Togata
1317 861 1452 894 scilicet
1477 865 1530 895 vel

826 902 993 943 Insubria,
1020 906 1118 946 cujus
1149 913 1252 947 caput
1277 910 1531 945 Mediolanum:

827 963 905 993 quo,
925 953 1131 987 inhonorem
1149 958 1331 999 Principis,
1355 962 1460 993 Roma
1483 965 1531 995 lu-

825 1004 916 1034 mina
932 1005 982 1035 sui
999 1006 1143 1037 Senatus
1160 1009 1309 1041 miserat.
1340 1012 1462 1044 slat-er.

868 1057 930 1085 583
955 1055 1091 1096 Stiparit
1112 1058 1224 1098 Roma]
1250 1060 1371 1091 Eximii
1395 1063 1529 1095 Princi-

825 1114 953 1145 pesque
979 1106 1076 1146 Reip.
1104 1106 1177 1138 viri.
1224 1109 1270 1139 Hi
1299 1110 1387 1141 enim
1421 1113 1529 1143 Roma

824 1159 914 1186 sunt.
938 1156 1054 1187 Barth.

865 1208 929 1236 584
953 1205 1264 1245 Portaturjut-emmz
1285 1210 1452 1242 cervicibus
1473 1223 1530 1244 au·

822 1263 875 1285 rea
889 1254 990 1294 sedes]
1013 1256 1105 1286 Sella
1130 1258 1256 1289 curulis
1273 1259 1344 1290 sive
1365 1260 1528 1292 Consula-

822 1304 866 1335 ris
883 1314 924 1335 ex
942 1315 1038 1345 auro,
1062 1316 1127 1347 quo
1151 1308 1356 1348 conspicuus
1374 1310 1527 1351 Impera-

823 1359 889 1394 tor,
904 1365 995 1386 more
1010 1357 1188 1397 majorum,
1204 1359 1357 1391 sedebat.
1383 1361 1482 1393 Idem.

865 1408 926 1437 585
954 1407 1134 1447 Ornatuque
1162 1419 1238 1439 noro
1266 1410 1411 1451 grauior]
1442 1412 1527 1443 Tra-

822 1456 887 1488 bea
905 1457 961 1489 illa
976 1458 1167 1499 Consulari,
1183 1470 1256 1500 quae
1274 1466 1367 1492 certe
1383 1471 1448 1493 non
1466 1463 1527 1494 mi·

821 1507 902 1538 nimi
928 1515 1003 1539 erat
1030 1509 1202 1550 ponderis,
1226 1512 1276 1541 uti
1299 1513 1406 1542 molem
1426 1518 1528 1544 vocet

820 1556 989 1588 Sidonius.
1020 1559 1117 1590 Idem.

864 1610 927 1637 586
970 1607 1163 1648 Velamenta]
1212 1609 1324 1650 Ipsam
1354 1611 1527 1643 Trabeam

821 1656 1054 1697 Consularem,
1072 1660 1212 1697 gemmis
1228 1670 1379 1701 auroque
1392 1671 1527 1693 conser—

821 1710 900 1738 tam.
946 1708 1125 1740 Describit
1142 1709 1257 1749 talem,
1272 1715 1311 1740 ut
1335 1710 1525 1752 Imperato-

820 1756 905 1786 rimn
922 1757 1025 1788 decus
1042 1759 1223 1789 accessisse
1240 1760 1337 1791 scias.

862 1808 973 1849 Lapis]
996 1809 1150 1840 Gemma.
1176 1811 1294 1842 Barth.

862 1861 925 1888 587
950 1859 1070 1898 Fulgor
1085 1859 1208 1900 Iberus]
1233 1861 1272 1891 In
1288 1862 1431 1901 gratiam
1446 1863 1525 1895 His·

819 1907 895 1947 pani
915 1908 1097 1948 Principis.
1136 1909 1231 1941 Dicit
1247 1916 1360 1942 autem
1377 1913 1524 1945 Carche-

818 1956 950 1995 donios,
978 1968 1082 1997 genus
1107 1959 1397 1993 Carbunculorum
1422 1964 1524 1996 rubra

817 2007 893 2038 luce
909 2007 1108 2048 fulgentium
1132 2011 1204 2049 (vel
1224 2012 1408 2054 Pyropos),
1430 2015 1486 2056 qui
1505 2024 1526 2047 a

818 2068 940 2098 magna
957 2060 1172 2100 Carthagine,
1198 2062 1440 2102 Hispaniarum
1465 2066 1524 2098 do-

818 2110 966 2147 mitrice,
981 2120 1103 2142 nomen
1120 2113 1210 2143 nacti
1234 2118 1324 2155 sunt,
1340 2120 1375 2146 et
1392 2116 1524 2150 ruboris

818 2170 900 2200 ergo
916 2159 1074 2192 flammei.
1098 2162 1193 2194 Idem.

861 2216 924 2242 589
949 2212 1064 2252 Rudis]
1089 2214 1276 2247 Naturalis.
1302 2217 1399 2249 Idem.

859 2265 922 2293 590
946 2263 1052 2301 Auget
1068 2275 1139 2295 acus
1148 2267 1306 2308 meritum]
1330 2269 1395 2300 Ars
1409 2275 1522 2303 certat

816 2322 892 2343 cum
909 2314 1035 2343 mctalli
1055 2315 1175 2354 pretio.
1221 2316 1366 2350 Ovidius
1384 2331 1392 2351 ι
1419 2321 1428 2337 ‘
1446 2321 1521 2352 Ma·

816 2358 936 2394 teriam
953 2365 1138 2404 superabat
1152 2370 1260 2406 opus!
1293 2369 1391 2401 Idem.

858 2417 917 2444 591
947 2415 1110 2454 Multaque
1140 2421 1289 2448 ornantur
1312 2420 1429 2460 iaspide
1455 2422 1521 2452 vul·

814 2464 879 2503 tus]
913 2466 1025 2496 Cultus
1053 2466 1269 2499 scribendum
1298 2480 1373 2501 cum
1406 2472 1519 2511 priore

815 2516 956 2555 Moreti,
1000 2516 1112 2549 Oxon.
1145 2518 1453 2560 Helmaestadiensi,
1483 2527 1519 2553 et

816 2575 882 2596 uno
898 2566 1068 2598 Mediceo.
1084 2568 1247 2600 Mazarin.
1260 2574 1415 2609 oneratur,
1427 2570 1515 2611 quod

818 2620 853 2646 et
882 2616 1007 2656 placet.
1033 2617 1080 2648 sic
1110 2618 1203 2657 alibi,
1227 2621 1235 2636 ‘
1255 2619 1368 2650 baccis
1397 2625 1516 2651 onerat

816 2667 1041 2699 candentibus
1083 2671 1202 2700 aures.'
1247 2672 1389 2701 Lucens.
1419 2671 1516 2700 multa

814 2721 1019 2748 remorantur.
1063 2719 1104 2749 Id
1136 2719 1225 2759 quod
1249 2719 1290 2749 de
1321 2718 1424 2749 nihilo
1447 2729 1513 2750 non

814 2772 880 2805 est,
911 2768 1103 2807 pracsertim
1140 2769 1167 2799 si
1197 2769 1301 2808 legas,
1329 2774 1513 2810 remoratur,

1359 2824 1379 2853 4
1398 2823 1427 2853 lt
