1851 3213
266 209 381 251 12:32

265 325 328 357 per
340 315 484 346 medium
499 315 704 347 Phociorum
717 314 832 345 urbem
845 313 975 352 labem,

265 371 304 398 ut
318 366 439 397 scribit
451 366 573 397 Vibius
592 366 789 406 Sequester.

310 417 453 457 Liqm'dis
466 417 586 456 purior,
609 416 679 455 fisa]
717 416 827 455 Nigro
844 424 975 445 veneno

264 465 375 498 fontes
401 467 475 497 illos
498 471 668 497 tumentes
685 464 780 503 facit,
797 464 840 494 ob
859 469 975 504 potan-

265 520 335 548 tem
353 516 432 547 inde
452 516 647 555 draconem,
670 515 724 546 cui
752 520 858 546 atrum
886 516 975 545 virus

268 567 453 598 ascribunt.
499 565 616 596 Barth.

310 619 348 647 11
376 616 487 646 Omnis
506 617 540 646 Ιο
558 615 671 655 Poean]
695 615 811 646 Prima
828 616 976 655 gratula-

266 667 316 699 tio
341 667 525 698 incolarum
547 666 795 707 Delpliicorum
820 665 975 706 Apollini

264 718 389 749 victori
404 717 585 758 serpentis.
634 717 752 748 Barth.

310 772 350 800 13
377 768 523 798 Carmine
537 767 638 805 ducti]
666 767 723 796 Ita
739 766 817 795 olim
835 775 877 795 ex
904 775 977 796 ves-

266 817 357 858 tigiis
385 816 604 856 Isingriniani
631 815 759 845 codicis
777 815 925 852 correxi,
943 815 976 844 in

266 880 332 912 quo
359 869 453 900 docti.
509 866 722 898 Confirmant
752 876 813 897 sex
843 866 977 906 scripti,

266 929 378 960 neque
415 917 515 948 aliter
550 917 679 957 primus
711 916 902 948 Vaticanus
941 922 978 948 et

267 968 608 1009 Rottendorphianus
646 977 707 1008 pro
736 967 872 998 diversa
911 968 977 998 lec-

267 1021 375 1060 tione,
392 1019 482 1060 quod
507 1023 543 1050 et
568 1018 730 1049 Bartliius
753 1018 841 1049 curis
859 1028 978 1049 secun-

266 1070 318 1101 dis
350 1070 532 1110 approbat.
588 1069 697 1108 Vulgo
729 1068 823 1099 dulci.
871 1068 976 1099 Ovid.

267 1128 318 1151 xr.
352 1120 439 1150 Met.
463 1119 471 1135 ‘
490 1119 649 1150 Carmine
674 1118 753 1148 dum
777 1119 839 1149 tali
862 1119 976 1159 sylvas

268 1171 465 1210 animosque
492 1169 642 1200 ferarum
670 1168 853 1200 Threicius
882 1173 978 1199 vates

268 1225 304 1253 et
328 1230 411 1251 saxa
436 1220 615 1261 sequentia
648 1219 778 1250 ducitz'
805 1229 878 1259 qnae
907 1219 976 1249 illic

268 1271 552 1309 veralectio,non
565 1270 687 1300 tinxit.-
711 1269 768 1299 nbi
783 1270 882 1309 plura
893 1269 978 1299 dixi-

268 1331 350 1352 mus.
396 1321 497 1351 Silius
524 1320 582 1350 lib.
601 1328 685 1350 Χιιί.
710 1320 718 1336 ‘
737 1319 829 1350 ducit
845 1319 979 1350 stabula

271 1372 383 1403 omnia
400 1370 525 1402 cantu.⁷
572 1369 669 1401 Idem
696 1369 754 1400 lib.
773 1377 822 1399 xx.
841 1369 883 1399 de
900 1368 981 1399 Am-

270 1417 410 1463 phione,
426 1421 434 1437 ‘
452 1420 602 1461 lapidem
616 1419 789 1451 testudine
805 1418 891 1450 felix
906 1420 978 1450 Du-

271 1482 351 1504 cere
379 1476 416 1502 et
444 1472 478 1502 in
500 1480 614 1501 muros
641 1470 794 1511 posuisse
825 1470 981 1501 volentia

271 1521 376 1553 saxa!
422 1520 602 1553 Quomodo
632 1520 724 1551 locus
751 1519 809 1550 ille
837 1529 879 1551 ex
896 1520 981 1551 anti-

269 1572 432 1614 quissimo
465 1571 552 1602 libro
592 1571 814 1602 scribendus:
848 1572 984 1602 volentia

274 1633 336 1664 pro
363 1623 501 1654 volantia
530 1622 713 1662 legendum
740 1632 864 1662 parens
891 1632 985 1653 meus

271 1674 304 1704 in
344 1672 549 1713 Crepundiis
581 1672 715 1703 Silianis
740 1673 813 1712 jam
841 1673 984 1711 viderat,

278 1724 369 1765 quod
387 1723 604 1763 Dausqueius
617 1732 829 1763 concoquere
843 1733 911 1753 non
928 1733 986 1763 po-

275 1775 357 1813 tuit,
375 1779 413 1805 ut
431 1774 553 1804 nullius
571 1773 768 1812 estjiidicii.
793 1773 889 1803 Idem
906 1774 986 1804 Am-

278 1825 381 1866 phion
409 1823 500 1864 apud
529 1822 712 1853 Horatium
736 1822 850 1854 dictus
872 1823 881 1840 ‘
897 1824 987 1855 Saxa

274 1884 416 1907 movere
433 1884 516 1906 sono
534 1873 716 1905 testudinis
731 1878 766 1905 et
780 1883 882 1915 prece
896 1874 987 1905 blan-

519 219 661 250 NOTAE
694 217 958 249 VARIORUM
998 217 1048 247 IN
1083 218 1157 247 CL.
1189 216 1371 247 CLAUD.
1396 216 1471 245 Ill.

1026 312 1070 343 da
1089 313 1229 344 Ducere
1247 322 1311 353 quo
1325 310 1452 343 vellet.’
1488 311 1619 343 Noster
1629 312 1733 344 Cons.

1026 363 1160 403 Manlii,
1181 365 1189 380 ‘
1208 363 1373 395 attonitas
1390 372 1500 393 sermo
1519 363 1574 404 qui
1591 362 1734 394 duceret

1028 413 1152 444 aures)

1072 466 1111 493 14
1131 463 1293 493 leemidos
1307 462 1414 501 antra]
1434 462 1521 493 Ante
1536 461 1733 503 Apollinem

1027 514 1116 544 enim
1133 514 1269 544 Themis
1284 515 1424 553 Delphis
1443 514 1634 545 colebatur.

1070 565 1149 605 Dei]
1173 565 1286 595 Omne
1304 575 1407 605 genus
1421 565 1586 603 Deorum,
1600 574 1666 595 non
1683 573 1735 596 so-

1026 614 1075 645 las
1105 615 1196 646 Deas
1225 613 1432 646 confluxisse
1457 615 1520 645 buc
1546 614 1594 645 ait
1611 614 1734 646 Poe'ta.

1027 665 1143 695 Barth.
1193 665 1259 696 Hic
1277 666 1368 695 locus
1386 665 1510 695 curiam
1534 665 1736 703 Romanam,

1026 714 1082 744 ubi
1095 715 1241 753 justitiae
1258 715 1421 754 templum
1434 714 1589 755 fingitur,
1613 718 1735 754 aperte

1027 764 1195 802 designat.
1222 765 1344 794 Clarer.

1069 813 1172 842 Antra
1188 821 1294 843 severa
1308 812 1402 851 Dece]
1431 813 1492 843 Dei
1506 813 1582 844 libri
1599 822 1713 844 omnes
1727 824 1736 844 ε

1028 866 1064 892 et
1078 868 1190 893 recte:
1216 866 1309 893 antra
1320 872 1429 892 sonora
1442 862 1510 893 fors
1521 864 1563 893 sit
1576 867 1614 893 ut
1628 864 1738 904 scrip-

1027 913 1110 943 serit
1128 912 1336 943 Claudianus
1351 924 1358 943 :
1382 913 1432 943 sic
1452 913 1606 953 Epistola
1622 914 1665 944 ad
1677 915 1737 945 Se-

1028 972 1143 994 renam
1161 964 1202 994 de
1216 964 1371 1004 Orpheo,
1385 966 1393 981 ‘
1414 964 1553 1005 Quippe
1569 965 1658 996 autri
1669 975 1739 996 me-

1027 1026 1148 1056 mores,
1165 1021 1282 1048 eautes
1303 1017 1360 1048 ubi
1386 1026 1481 1057 saepe
1498 1026 1630 1048 sonorae
1645 1016 1740 1048 Prae-

1027 1067 1173 1098 buerant
1190 1067 1280 1097 dulci
1297 1067 1379 1098 mira
1396 1068 1529 1098 theatra
1544 1067 1652 1108 lyraes

1072 1120 1109 1148 15
1137 1117 1294 1159 Pythone]
1319 1117 1455 1148 Rufino.

1072 1171 1112 1198 16
1135 1167 1233 1198 Sacra
1248 1169 1387 1208 caterva]
1413 1168 1506 1198 Nihil
1527 1167 1617 1198 aliud
1638 1178 1739 1209 quam

1027 1218 1122 1258 pacis
1140 1223 1174 1249 et
1192 1228 1362 1249 armorum
1378 1219 1555 1258 praesides,
1572 1220 1627 1250 vel
1640 1229 1738 1250 sanc·

1030 1273 1100 1298 tum
1117 1269 1282 1298 Senatum
1308 1268 1456 1307 indicat;
1479 1279 1546 1310 quo
1564 1273 1738 1309 praesente

1029 1318 1103 1348 haec
1118 1322 1154 1348 et
1172 1327 1257 1357 pene
1275 1318 1406 1359 reliqua
1430 1319 1638 1351 admirabilis
1654 1320 1736 1361 po'e-

1032 1373 1067 1398 ta
1086 1368 1243 1399 recitavit
1259 1379 1266 1399 z
1285 1369 1344 1399 sed
1358 1373 1392 1399 et
1406 1369 1547 1409 poeseos
1560 1370 1739 1403 candidati

1030 1417 1124 1449 forte
1142 1420 1343 1449 intererant.

1076 1469 1211 1509 Lyram]
1232 1469 1316 1500 Haec
1329 1469 1433 1501 dictio
1448 1479 1514 1501 non
1533 1471 1658 1511 Lyrica
1681 1470 1740 1503 sed

1032 1521 1171 1551 heroica
1187 1521 1284 1552 nobis
1301 1520 1483 1562 significat.
1529 1520 1738 1554 Anacreon:

1038 1570 1107 1602 δότε
1123 1583 1173 1610 μοι
1189 1569 1287 1612 λύραν
1298 1571 1446 1612 Ὁμήρου.
1493 1573 1615 1604 Clarer.

1081 1625 1119 1653 17
1143 1623 1300 1661 Augustis
1318 1622 1491 1663 fratribus]
1528 1623 1618 1654 Hinc
1645 1627 1743 1664 patet

1029 1672 1104 1711 jam
1118 1672 1243 1704 obiisse
1257 1673 1485 1704 Theodosium
1504 1673 1591 1714 Iuip.
1610 1674 1743 1706 relictis

1036 1722 1187 1754 Arcadio
1203 1728 1239 1754 et
1258 1724 1422 1756 Honorio.
1447 1725 1609 1756 Ceterum
1625 1725 1659 1755 hi
1676 1725 1742 1757 duo

1036 1773 1112 1803 libri
1142 1774 1175 1804 in
1205 1773 1362 1805 Rufinum
1387 1774 1471 1805 editi
1495 1779 1575 1805 sunt
1597 1774 1742 1815 Olybrio

1038 1829 1073 1854 et
1106 1824 1259 1856 Probino
1297 1825 1392 1856 Coss.
1426 1834 1516 1857 anne.
1543 1833 1616 1856 cce.
1639 1833 1696 1857 xc.
1711 1834 1742 1857 v.

1040 1874 1167 1906 Claver.

964 2129 1055 2172 III.

643 2266 720 2314 IN
763 2265 1103 2314 RUFINUM
1144 2266 1286 2314 LIB.
1330 2267 1376 2314 1.

321 2391 337 2419 1
365 2387 455 2428 Soepe
470 2387 550 2419 mihi
570 2388 709 2427 dubiam,
724 2388 794 2428 ᾇτ’]
840 2389 988 2421 Quoties

279 2442 338 2469 aut
376 2438 457 2468 laeta
496 2443 555 2469 aut
596 2438 708 2469 tristia
745 2439 988 2479 obveniebant,

278 2489 383 2520 toties
401 2489 496 2519 varia
513 2488 555 2518 de
573 2488 638 2518 diis
657 2489 782 2528 opinio.
822 2490 911 2520 Plin.
928 2490 986 2521 lib.

275 2547 314 2570 11.
329 2548 402 2579 cap.
416 2541 447 2568 7.
462 2549 527 2578 qua
544 2539 586 2568 de
604 2548 640 2568 re
654 2542 767 2569 exstat
781 2539 902 2570 Oratio
914 2540 990 2570 Mu-

275 2589 356 2620 reti.
384 2590 530 2627 Seneca,
555 2589 575 2619 l.
601 2598 641 2619 11.
661 2593 730 2619 nat.
749 2595 870 2629 quaest.
886 2600 916 2621 c.
934 2593 986 2620 1.:

277 2639 287 2655 ‘
302 2639 490 2669 videbimus
511 2649 552 2669 au
576 2639 650 2669 Diis
677 2639 821 2669 humana
840 2639 907 2670 sint
932 2650 988 2670 cu-

280 2687 354 2728 rae‚'
372 2691 436 2719 διο.
455 2693 489 2719 et
506 2689 565 2719 lib.
581 2689 623 2719 de
642 2689 877 2728 Providentia,
894 2700 921 2721 c.
940 2693 988 2721 1.:

279 2741 290 2758 ‘
312 2750 564 2781 supervacuum
578 2746 632 2773 est
643 2742 823 2773 ostendere
837 2752 903 2773 non
919 2742 991 2773 sine

282 2790 396 2833 aliquo
426 2791 570 2823 custode
604 2795 736 2825 tantum
762 2802 847 2834 opus
876 2797 967 2825 stare
982 2803 992 2834 ς

1037 2398 1100 2419 nec
1113 2389 1203 2420 hunc
1220 2389 1368 2420 siderum
1383 2391 1518 2419 cursum
1527 2390 1664 2417 ‘certum
1677 2385 1746 2417 for-

1038 2440 1117 2471 tuiti
1141 2441 1288 2480 impetus
1317 2438 1414 2469 esse!
1458 2438 1587 2468 Lucan.
1615 2437 1638 2468 l.
1656 2443 1744 2468 vm:

1038 2492 1045 2507 ‘
1063 2489 1246 2519 mentimur
1262 2497 1407 2529 regnare
1423 2486 1569 2526 Jovem,'
1586 2489 1651 2517 &tn
1669 2496 1746 2518 cum

1038 2545 1145 2571 antea
1171 2539 1326 2579 dixisset,
1344 2540 1353 2556 ‘
1371 2539 1529 2570 mortalia
1560 2539 1642 2569 nulli
1659 2538 1747 2569 Sunt
1767 2536 1769 2538 ’

1039 2594 1158 2621 curata
1173 2589 1271 2620 Deo.'
1317 2589 1448 2620 Suadet
1465 2596 1546 2629 ergo
1564 2588 1746 2629 impiorum

1039 2640 1198 2679 felicitas,
1215 2639 1351 2670 vexatio
1369 2640 1514 2679 piorum,
1538 2639 1647 2669 nullos
1673 2645 1746 2668 esse

1041 2692 1203 2729 Deos‚ex
1230 2691 1411 2721 stultorum
1439 2688 1652 2731 quorundam
1673 2698 1748 2720 sen-

1040 2742 1170 2773 tentia:
1196 2746 1232 2772 at
1249 2741 1381 2772 stabilis
1395 2750 1509 2771 rerum
1522 2749 1639 2772 cursus
1665 2737 1748 2770 divi-

1042 2792 1187 2825 nitatem
1224 2791 1358 2834 arguit3
1392 2791 1541 2834 denique
1575 2790 1624 2823 sic
1657 2787 1747 2831 apud
