1851 3213
185 213 299 256 1434

186 320 290 350 tiores
305 318 468 351 sciscunt.
497 319 612 350 Barth.

231 372 294 401 194
318 370 422 400 Irruet
442 369 617 409 intrepidus
636 367 791 409 flammis]
815 366 896 397 Om-

186 420 243 451 nia
254 420 408 461 pericula
421 424 574 460 spernet.
594 418 780 449 Horatius:
800 419 808 434 6
820 417 898 449 Jus-

187 475 260 502 tum
273 475 308 502 et
330 475 487 502 tenacem
506 470 673 510 propositi
693 470 799 499 virum
818 469 897 500 Nou

187 521 312 553 civium
327 521 451 558 ‘ardon'
466 524 530 552 ἃς.

232 572 339 602 Irraet
363 570 702 611 intrepidusflammis]
743 570 900 600 Flammas

188 623 281 664 pri0r
296 623 440 659 Mon-eti,
462 627 498 653 et
515 622 662 662 optimus
679 621 866 652 Vaticanus
882 631 901 651 a

188 682 291 704 manu
305 673 464 703 secunda.
492 672 583 713 quod
609 671 815 712 elegantius.
860 671 900 701 In

190 723 476 764 Epigrammatis:
502 726 511 740 ‘
531 723 585 753 Sic
611 732 676 763 ope
704 728 901 752 sanctorum

191 784 234 805 ne
260 774 424 805 barbarus
442 775 550 804 irruat
569 772 702 813 Alpes!
748 771 903 802 Pruden-

192 824 259 855 tius
277 824 479 864 Apoffieosi,
493 833 544 853 vs.
560 826 633 853 480.
659 824 669 839 6
685 823 778 853 Ecce
797 822 904 853 Gera-

192 885 290 906 senos
315 875 404 914 legio
420 874 521 904 irruit
538 872 645 903 effera
667 871 815 912 porcos.'
846 871 905 902 ubi

193 930 307 956 tamen
338 925 404 954 ruit
436 924 470 953 in
506 922 700 953 veterrimis
730 922 920 952 codicibus»

191 975 331 1015 legitur.
369 974 571 1005 Guntherus
599 973 755 1013 Ligurini
779 973 839 1003 lib.
857 982 906 1004 ιν.

191 1027 199 1042 6
218 1026 396 1056 Teutonus
428 1024 585 1055 hostilem
614 1034 689 1055 cum
716 1024 846 1055 civibus
865 1024 907 1054 ir-

196 1075 263 1106 ruit
289 1074 433 1105 urbem.'
465 1080 500 1105 et
518 1075 605 1104 libro
634 1083 686 1106 ix.
719 1076 727 1091 ‘
744 1074 908 1104 Protinus

193 1126 334 1157 hostiles
366 1124 492 1156 infesto
523 1125 633 1156 milite
665 1124 750 1155 fines
778 1124 907 1156 Irruit.'

196 1176 348 1207 Avienus
366 1175 609 1214 Descriptione
627 1175 736 1206 orbis:
759 1179 766 1192 ‘
784 1175 908 1205 virides

196 1227 330 1257 sulcans
343 1231 452 1256 terras
467 1225 640 1256 Achelous
664 1225 771 1255 Irruit
784 1225 909 1255 Hadri-

198 1277 250 1307 aci
277 1281 409 1316 tergum
435 1275 558 1305 maris!
586 1274 796 1313 Ammianus,
822 1275 908 1306 libro

199 1334 291 1357 xvn.
327 1327 335 1341 ‘
352 1324 425 1355 Has
451 1324 540 1355 euim
557 1335 633 1356 oras
652 1325 850 1356 Parthiscus
867 1325 911 1356 ir-

200 1386 300 1407 ruens
318 1375 502 1416 obliquatis
531 1376 701 1407 meatibus
727 1376 818 1407 Istro
835 1377 912 1407 mis-

201 1427 321 1458 cetur.’
366 1427 541 1457 Minucius
569 1427 666 1457 Felix
684 1426 846 1466 Octavio,
870 1426 912 1458 de

199 1477 396 1509 fulminibus
414 1488 519 1518 agens
538 1490 545 1509 :
579 1479 588 1494 6
607 1478 703 1509 Adeo
720 1479 844 1518 passim
858 1488 913 1509 ca-

201 1527 298 1566 dunt,
328 1533 460 1558 montes
492 1528 636 1568 irruunt,
663 1528 842 1559 arboribus
863 1529 913 1559 in-

201 1582 355 1615 currunt,
380 1577 451 1607 sine
481 1577 619 1608 delectu
657 1582 806 1617 tangunt
836 1578 913 1608 loca

204 1637 300 1658 <acra
317 1633 352 1659 et
383 1628 548 1669 profana?
574 1629 632 1660 ubi
661 1639 842 1669 perperam
866 1630 913 1660 di-

204 1682 297 1709 ruunt
327 1680 521 1718 reponitur.
559 1680 720 1710 Valerius
761 1680 914 1720 Flaccus,

203 1727 262 1759 lib.
280 1738 336 1760 111.
359 1729 367 1745 ‘
386 1729 500 1768 gravis
527 1730 625 1760 irruit
653 1730 782 1760 Othum
801 1731 913 1761 Phlei-

202 1787 249 1816 as,
268 1783 303 1809 et
330 1779 467 1819 trepido
486 1780 608 1810 Pollux
627 1780 830 1820 impingitur
846 1782 914 1811 He-

204 1826 291 1858 bro!
333 1829 403 1859 Ubi
443 1829 564 1859 invenit
601 1839 783 1869 perperam
821 1840 912 1861 nunc

203 1879 454 1911 circumfertur.
473 1880 630 1920 sequenti
646 1890 749 1911 versu
761 1880 916 1919 corde-rtos

205 1930 306 1962 hostes
319 1930 493 1961 etinermis
504 1930 698 1970 legendum,
713 1936 750 1961 ut
765 1931 914 1971 potiores

205 1981 339 2020 scripti.
356 1981 403 2011 sic
435 1984 444 1997 ⁴
459 1990 551 2011 arma
568 1979 733 2012 conferta’
761 1986 795 2012 et
812 1983 820 1998 ‘
838 1991 916 2013 con-

205 2028 298 2061 ferta
313 2030 412 2071 legio’
429 2030 521 2070 apud
545 2030 677 2062 Silium.
712 2032 825 2072 Vulgo
847 2043 916 2063 con-

202 2083 301 2111 sertos
316 2086 351 2111 et
367 2080 398 2110 in
413 2081 523 2112 armis.
549 2081 595 2112 D.
612 2081 733 2113 Heius.

248 2132 311 2161 196
337 2130 396 2160 Ille
413 2132 459 2161 rel
476 2131 659 2171 AEthiopum
673 2133 788 2172 pluviis
807 2132 917 2163 solabi-

207 2184 259 2210 tur
276 2180 384 2220 cestus]
400 2180 525 2210 Pluvia
541 2181 670 2212 solatur
688 2187 821 2222 aestum,
837 2183 917 2223 quia

207 2235 379 2270 temperat
396 2240 435 2260 ac
453 2229 594 2271 frangit.
636 2232 712 2262 Hoc
731 2242 813 2273 ergo
830 2234 916 2272 vult,

206 2280 381 2312 Justitiam
425 2281 499 2311 vice
552 2282 678 2322 pluviae
719 2282 915 2314 functuram

208 2329 300 2370 apud
316 2329 506 2370 AEthiopas,
522 2341 561 2363 ac
584 2332 704 2364 nimios
727 2338 832 2364 aestus
859 2334 917 2364 mi-

208 2380 401 2420 tigatur-am.
446 2380 569 2411 Tacite
586 2388 701 2413 autem
725 2383 918 2424 tranquilli-

208 2434 316 2460 tatem
353 2428 454 2459 animi
498 2429 705 2472 subindicat,
739 2442 815 2473 quae
854 2443 917 2473 per

207 2479 383 2511 Justitiam
411 2478 601 2519 acquiritur
623 2484 660 2510 et
688 2487 917 2521 comparatur.

208 2529 382 2560 AEstuavit
400 2527 434 2558 in
456 2528 519 2558 hoc
543 2528 619 2560 loco
639 2530 714 2569 plus
729 2541 829 2570 quam
849 2533 917 2562 vel-

210 2580 274 2609 lem
291 2577 504 2609 doctissimus
520 2577 694 2610 Barthius.
728 2580 823 2610 Libri
840 2590 915 2611 nos-

211 2629 254 2660 tri
270 2637 372 2659 manu
387 2627 520 2658 exarati
538 2628 619 2658 nihil
642 2629 789 2668 variant,
806 2631 917 2662 altero

210 2680 394 2710 Moretano
425 2677 606 2709 deterioris
637 2684 728 2711 notae
757 2686 918 2721 excepto,

212 2731 356 2772 quicum
373 2729 552 2769 Delriau0‚
569 2729 629 2761 Ille
639 2739 698 2770 per
713 2731 896 2772 AEthiopum
908 2743 918 2763 .·

213 2781 272 2812 sed
290 2789 330 2812 ea
343 2789 411 2811 non
428 2783 482 2812 est
496 2779 586 2811 illius
603 2780 730 2814 codicis
753 2787 919 2824 praestan-

406 224 551 254 NoTAE
585 222 850 253 VARIORUM
889 222 941 252 IN
975 222 1051 253 CL.
1085 224 1268 254 CLAUD.
1303 223 1433 255 Xvn.

950 316 1010 354 tia,
1027 317 1080 347 cui
1098 318 1239 348 multum
1257 315 1404 349 deferas.
1429 318 1527 348 Idem.

996 368 1053 397 Ille
1074 368 1121 398 vel
1145 368 1345 409 AEthiopum]
1369 367 1502 398 Coelum
1519 366 1607 397 enim
1625 367 1658 398 ei

949 418 1087 448 mittere
1119 418 1247 458 pluvias
1276 418 1374 457 dicit,
1401 418 1454 448 vel
1479 417 1513 448 in
1538 416 1658 448 mediis

952 468 1143 508 AEtliiopum
1186 467 1338 505 aestibus,
1391 467 1545 498 alludens
1590 466 1659 497 ani-

950 528 1040 548 mum
1072 518 1279 549 immobilem
1309 518 1445 549 virtutis
1477 518 1662 558 possessio-

950 578 1002 599 ne.
1026 569 1142 600 Barth.

996 622 1057 650 197
1083 619 1176 650 Illum
1203 623 1292 651 trans
1322 618 1502 660 Scythiam]
1529 618 1663 649 Tanaim

954 670 1080 710 primus
1104 671 1283 701 Mediceus
1309 675 1344 701 et
1369 669 1570 700 Palatinus:
1590 669 1661 710 pla-

954 727 1021 752 cet.
1046 723 1095 752 D.
1113 722 1228 752 Heius.

1001 772 1100 802 Trans
1129 771 1293 812 Scythiam
1322 781 1433 802 remus
1462 770 1665 802 comitabitur

955 821 1023 862 a'e'r]
1061 822 1198 862 Ubique
1227 831 1382 852 serenam
1407 821 1665 852 inturbabilem-

956 882 1022 912 que
1041 872 1142 902 vitam
1168 872 1271 903 vivet.
1317 872 1488 912 Sapientis
1508 871 1664 913 justique

959 923 1020 954 viri
1038 923 1234 954 constantia
1254 923 1461 953 describitur
1477 931 1497 952 a
1519 926 1668 953 contem·

958 980 994 1006 tu
1022 975 1137 1013 exilii;
1170 984 1269 1015 quam
1295 973 1476 1004 subierunt
1497 972 1596 1003 multi
1623 971 1666 1003 ob

958 1030 1169 1056 contemtum
1188 1023 1347 1064 fortunae,
1371 1023 1576 1064 virtutisque
1599 1022 1670 1054 cul·

959 1080 1042 1113 tum,
1085 1075 1205 1105 summi
1245 1075 1442 1115 sapientum
1475 1072 1668 1115 Coryphaei.

959 1126 1079 1156 Barth.

1002 1178 1064 1206 198
1089 1174 1253 1214 Habenas]
1276 1174 1503 1205 Moderamen
1526 1173 1672 1214 Imperii

960 1226 1103 1256 Romani
1149 1226 1264 1255 currui
1306 1225 1455 1265 regendo
1496 1228 1668 1266 exaequat.

960 1275 1058 1306 Idem.

1005 1326 1150 1366 Suscepit
1166 1324 1315 1364 habenas]
1340 1324 1406 1355 Hic
1435 1323 1594 1364 profecto
1612 1334 1670 1355 ex-

963 1376 1124 1417 primitur
1167 1375 1317 1416 dignitas
1352 1373 1516 1406 Praefecti
1561 1374 1671 1406 Praet.

964 1426 1180 1465 Occidentis,
1197 1426 1258 1457 sub
1274 1436 1340 1467 quo
1362 1425 1476 1466 Italia,
1491 1425 1670 1466 Illyricum

964 1477 1190 1509 occidentale.
1218 1477 1343 1507 Claver.

1007 1531 1070 1559 :200
1107 1528 1219 1558 Prima
1249 1527 1373 1557 Padum
1404 1525 1603 1567 Tyba-imque
1634 1527 1674 1558 li-

961 1577 1034 1617 gat]
1058 1579 1155 1608 Duos
1182 1577 1388 1608 celebriores
1419 1576 1529 1608 Italiae
1552 1575 1672 1608 fluvios

965 1628 1156 1668 conjungit.
1180 1628 1231 1659 Cl.
1246 1633 1359 1658 tamen
1377 1627 1578 1658 Blondellus
1597 1628 1674 1659 Tre·

965 1678 1105 1718 biamque
1130 1679 1237 1709 malit.
1281 1678 1448 1719 Sequenti
1480 1688 1579 1709 versu
1612 1687 1673 1718 pro

964 1728 1071 1768 Lydos
1111 1728 1364 1768 Raphelengins
1398 1738 1440 1758 ex
1475 1727 1674 1768 conjectura

963 1779 1028 1808 viri
1053 1778 1194 1808 illustris
1225 1778 1355 1819 LybiaS.
1393 1787 1456 1809 nec
1495 1777 1674 1809 dissentio.

964 1828 1053 1868 quod
1070 1832 1106 1858 et
1132 1828 1295 1858 Bartliius
1317 1827 1551 1868 amplectitur.
1588 1829 1674 1859 Teu-

964 1878 1079 1909 tabam
1098 1878 1177 1908 olim
1195 1878 1364 1908 Numidas.
1392 1879 1438 1908 D.
1454 1878 1574 1910 Heius,

1010 1930 1072 1959 203
1100 1928 1243 1968 Cyrnon]
1271 1927 1460 1967 Corsicam,
1491 1938 1512 1958 a
1538 1927 1675 1959 foemiua

968 1981 1083 2011 Corsa.
1108 1979 1224 2011 Barth.

1014 2030 1154 2072 Cyrnon]
1179 2030 1353 2062 Corsicam
1376 2029 1549 2070 intelligit.
1581 2030 1676 2062 Stra-

969 2081 1035 2112 bo:
1065 2082 1182 2121 Κῦρνος
1213 2080 1270 2111 ὑπὸ
1292 2082 1355 2111 τῶν
1369 2079 1523 2120 Ῥωμαίων
1534 2081 1677 2112 καλεῖται

970 2131 1119 2172 Κόρσικα.

1011 2181 1181 2223 Tristdam]
1204 2181 1293 2212 Talis
1310 2185 1383 2212 toto
1399 2181 1468 2212 situ
1483 2181 1609 2213 Sicilia.

1010 2231 1178 2271 Retentat]
1204 2231 1342 2263 Retinet.
1364 2232 1533 2272 Exemplo
1564 2232 1677 2264 Maro-

967 2281 1032 2321 nis,
1047 2281 1102 2312 lib.
1119 2291 1154 2312 v.
1176 2282 1184 2297 ‘
1201 2291 1280 2321 pars
1297 2281 1438 2312 vulnere
1468 2281 1604 2322 clauda,
1626 2290 1676 2312 re-

968 2337 1080 2363 tentat
1098 2332 1294 2363 Nexantem
1312 2331 1433 2363 nodis!
1471 2332 1587 2362 Barth.

1010 2384 1073 2413 204
1099 2382 1261 2423 Tyrrhena
1267 2381 1433 2421 funditur]
1463 2380 1675 2413 Affunditur.

967 2432 1094 2463 Sonum
1135 2431 1237 2462 undae
1275 2431 1424 2463 ubertim
1469 2431 1676 2472 appellentis

968 2482 1142 2523 proponit.
1167 2482 1264 2513 Idem.

1015 2533 1173 2563 Tanditur
1197 2530 1294 2570 unda]
1332 2531 1378 2562 Et
1414 2530 1470 2561 hic
1507 2531 1674 2573 Scaligeri

968 2583 1203 2622 conjecturam
1222 2581 1476 2622 Raphelengius
1498 2592 1676 2623 expresse-

970 2638 1045 2663 rat:
1072 2632 1160 2673 quod
1186 2632 1365 2662 Puteanea
1389 2637 1567 2673 excerpta,
1587 2634 1677 2665 Rhe-

969 2682 1105 2719 mensis,
1133 2687 1169 2713 et
1187 2681 1345 2714 Ambros.
1361 2692 1447 2714 unus
1463 2683 1676 2716 confirmant.

970 2733 1084 2773 Vulgo
1091 2732 1252 2771 funditur.
1275 2733 1432 2765 Catullus
1447 2742 1455 2765 2
1479 2733 1489 2750 ‘
1507 2733 1622 2765 Littus
1638 2739 1676 2765 ut

971 2784 1072 2824 longe
1097 2792 1260 2814 resonans
1283 2783 1358 2815 an
1378 2782 1547 2816 Tunditur
1562 2783 1676 2815 unda.’
