1852 3182
418 180 610 214 RAPTUS
645 177 880 208 pnosnnr‘.
918 175 1012 204 mn.
1047 175 1121 204 ιιι.
1409 161 1494 203 997

45 284 286 341 Suppliciis
307 280 477 322 inclusa
497 280 623 318 teror.
682 273 753 314 Tu
777 284 899 312 saeva
921 269 1091 311 choreis

43 355 267 404 Indulges,
288 346 588 400 Phrygiasque
609 343 849 382 etiamnum
868 336 1141 389 interstrepis
1161 335 1327 375 urbes'l

48 422 182 473 Quod
206 421 242 460 si
264 430 347 458 non
368 426 539 455 omnem
559 409 768 464 pepulisti
791 414 972 460 pectore
994 407 1192 452 matrem,

48 491 97 531 Si
118 495 163 529 tu
185 491 291 528 nota
310 484 460 530 Ceres,
483 484 525 520 et
546 492 632 518 non
653 490 721 517 nie
744 474 915 527 Caspia
937 473 1060 523 tigris
1418 467 1502 509 105

48 556 197 598 Edidit
216 568 226 604 3
257 553 339 601 his,
363 564 454 599 oro,
473 549 675 588 miseram
697 542 880 584 defende
902 541 1118 589 cavernis,

48 624 185 676 Inque
207 631 398 673 superna
415 615 543 657 refer.
604 612 846 653 Prohibent
867 610 905 649 si
926 609 1019 649 fata
1033 606 1216 658 reverti;

48 689 134 732 Vel
154 688 312 729 saltem
334 687 483 726 visura
500 682 614 723 veni.
675 679 750 719 Sic
771 678 866 717 sata
885 680 1116 717 trementes

46 757 245 799 Tendere
269 757 451 796 conatur
471 751 661 805 palmas.
720 746 807 788 Vis
829 745 1032 799 improba
1051 743 1150 784 ferri

48 878 97 918 lis,
118 887 207 908 vacas
220 874 447 913 saltationibus,
471 877 501 905 et
526 883 605 903 nunc
621 871 718 902 adhuc
741 869 853 909 strepis
877 877 932 908 per
953 866 1066 906 oppida
1095 862 1255 904 Phrygiae.
1304 861 1393 897 Quod
1407 859 1512 891 sinon

48 921 193 961 expulisti
210 930 251 950 ex
270 920 358 949 corde
371 923 428 948 tuo
445 926 548 947 omnes
564 924 681 945 sensns
698 914 819 945 matris,
849 911 878 941 si
893 915 928 941 tu
945 910 1002 940 illa
1020 910 1112 938 Ceres
1127 907 1251 945 cognita
1268 904 1433 945 peperisti
1446 912 1515 943 me,

48 968 81 994 et
95 973 152 994 non
170 963 263 1001 tigris
283 962 433 1002 Hyrcana
459 959 607 999 produxit
636 967 705 991 me;
741 966 828 993 rogo,
857 954 952 984 libera
977 962 1030 982 ine
1057 951 1204 991 afflictum
1222 949 1263 979 ab
1280 947 1329 977 his
1351 946 1463 985 antris,
1480 949 1510 977 et

49 1007 142 1037 reduc
159 1007 189 1036 ιή
208 1012 333 1036 terrani
361 1003 566 1043 superiorem:
589 1001 615 1030 si
634 1000 708 1038 fata
733 999 837 1028 vetant
860 996 975 1034 redire,
995 994 1140 1025 descende
1157 992 1221 1021 huc
1237 991 1345 1021 saltem*
1372 990 1513 1019 invisum

50 1059 114 1081 me.
160 1048 367 1088 Proserpina
382 1048 428 1077 ita
443 1047 544 1076 locutu
559 1046 659 1074 tentat
673 1043 778 1073 tollere
795 1049 903 1070 mutuus
915 1038 1083 1069 tremulus.-
1105 1044 1202 1075 grute
1213 1032 1420 1074 pomlusserrl'
1442 1041 1512 1072 pro-

665 1138 900 1151 eeeeeeeeeeee

54 1221 72 1242 e
85 1221 190 1251 marg.
207 1210 322 1241 Parni.
349 1209 441 1247 feror
456 1208 510 1239 vel
526 1211 611 1238 teror
639 1206 720 1238 Vat.
747 1215 815 1236 sec.
839 1207 873 1234 et
886 1202 993 1243 quint.
1017 1199 1118 1230 Voss.
1143 1206 1211 1228 sec.
1225 1195 1376 1227 chartac.
1394 1192 1517 1223 Heius.

51 1265 131 1286 stetu
147 1255 202 1285 vel
219 1253 306 1291 festa
322 1253 420 1283 Voss.
449 1262 516 1283 sec.
545 1252 623 1282 Vat.
652 1250 829 1280 sem—103
856 1245 1071 1285 Phrygiasque
1097 1241 1266 1272 etiamnum
1287 1238 1440 1268 Florent.
1459 1235 1514 1266 ed.

53 1298 166 1328 Vicet.
190 1298 238 1327 rel
263 1307 343 1327 nunc
368 1295 526 1335 Phrygias
550 1294 628 1325 Vat.
658 1292 765 1333 quint.
792 1289 953 1330 Phrygius
968 1292 997 1318 et
1021 1296 1098 1316 nunc
1115 1285 1194 1314 Vat.
1224 1286 1303 1312 tert.
1332 1286 1368 1310 et
1393 1279 1424 1309 d.
1448 1278 1517 1309 inc.

54 1340 173 1371 Heius.
189 1340 271 1379 Reg.
289 1340 366 1369 Vat.
391 1339 500 1369 Livin.
523 1338 605 1368 Var.
626 1337 692 1367 LL.
719 1345 737 1366 e
755 1343 860 1373 marg.
878 1333 990 1362 Parni.
1028 1327 1186 1368 Phrygias
1200 1326 1245 1355 vel
1260 1334 1338 1355 nuru·
1355 1322 1434 1354 Jnn.
1450 1330 1517 1351 sec,

55 1382 122 1413 (luo
140 1382 254 1413 Oxou.
272 1381 338 1412 (luo
366 1381 462 1412 voss.
498 1382 544 1411 rel
560 1390 639 1410 nunc
655 1379 720 1408 dno
736 1378 831 1407 Vatt.
861 1375 936 1405 Pal.
963 1372 1057 1403 Med.
1076 1381 1126 1411 pr.
1152 1370 1275 1399 Petav.
1295 1376 1362 1397 sec.
1377 1364 1518 1395 Titulos.

55 1435 133 1455 nuuc
149 1434 228 1455 nunc
249 1424 330 1453 Vat.
358 1432 408 1462 pr.
436 1428 471 1452 et
497 1424 584 1451 alter
607 1422 687 1450 Vat.
704 1419 812 1449 Livin.
845 1428 897 1447 seu
913 1426 991 1446 uum:
1008 1415 1088 1444 Put.
1119 1413 1188 1450 jam
1207 1420 1286 1441 nunc
1305 1408 1420 1438 Ambr.
1436 1410 1517 1437 tert.

58 1467 144 1499 cod.
162 1466 353 1497 Bartholin.
390 1465 483 1494 elium
500 1474 578 1493 nunc
594 1461 742 1500 instrepis
756 1460 837 1492 Jnn.
853 1468 903 1498 pr.
921 1458 1043 1486 Petav.
1060 1464 1131 1484 sec.
1148 1455 1278 1483 Bonon.
1296 1452 1379 1481 Exc.
1397 1450 1521 1479 Petav.

57 1511 276 1550 quarL-——lol
300 1506 440 1546 repulisti
469 1505 532 1534 dno
550 1505 643 1533 Yatt.
669 1509 703 1532 et
731 1502 764 1531 d.
782 1502 858 1530 Pal.
883 1500 1035 1528 Florent.
1063 1496 1129 1525 dno
1159 1495 1253 1524 Med.
1284 1493 1405 1523 Heius.
1422 1490 1467 1522 H.
1485 1495 1522 1521 et

57 1553 121 1583 inc.
139 1551 245 1590 ejusd.
264 1550 341 1579 l'ut.
360 1548 482 1578 Petav.
508 1556 576 1577 sec.
595 1547 725 1576 Bonon.
743 1543 881 1573 Thalos.
899 1540 1017 1570 Ambr.
1034 1542 1112 1568 tert.
1129 1536 1258 1565 Mon-et.
1273 1544 1323 1573 pr.
1337 1536 1435 1564 Voss.
1453 1542 1522 1564 see.

59 1596 125 1626 duo
141 1594 221 1626 Jnn.
238 1593 306 1623 duo
320 1592 434 1622 Oxou.
459 1589 605 1630 pepulisti
618 1598 633 1618 e
648 1591 770 1627 pectore
785 1586 866 1615 Vnt.
885 1592 934 1623 pr.
959 1593 976 1611 α
990 1583 1113 1621 pectore
1127 1578 1191 1608 inc.
1210 1577 1332 1607 Heius.
1346 1576 1427 1605 Var.
1453 1574 1522 1606 LL.

58 1648 76 1669 e
93 1646 198 1674 marg.
216 1636 329 1666 Parni.
360 1633 511 1674 pepulisti
527 1632 581 1663 vel
596 1630 739 1671 repulisti
765 1628 850 1667 Reg.
885 1628 1017 1655 mentem
1033 1631 1095 1662 pro
1111 1623 1242 1651 matrem
1257 1619 1338 1648 Vat.
1367 1617 1524 1657 quint.—

59 1684 120 1712 105
145 1679 250 1710 Situu
274 1681 349 1708 natu
372 1676 489 1707 Anibr.
508 1680 587 1706 tert.
626 1677 732 1704 nostra
748 1672 829 1702 Jnn.
855 1679 907 1709 pr.
944 1671 1019 1697 nutu
1038 1665 1123 1695 Exn.
1156 1664 1276 1694 Petav.
1300 1665 1412 1701 quart.
1451 1662 1526 1690 nota

63 1725 156 1755 Ceres
171 1721 254 1753 Cod.
274 1720 462 1751 Bartholin.
481 1719 631 1749 Florent.
663 1716 729 1746 dno
754 1713 849 1744 Med.
879 1711 998 1743 Heius.
1017 1708 1064 1739 H.
1091 1707 1172 1737 Put.
1202 1706 1288 1744 Reg.
1315 1704 1438 1734 Petav.
1457 1711 1526 1733 sec.

59 1764 337 1797 Bonon.'1'holos.
352 1764 434 1796 Jnn.
451 1772 518 1793 sec.
533 1762 600 1792 duo
618 1760 728 1790 Oxon.
751 1759 859 1787 sancta
873 1756 967 1786 Ceres
982 1753 1060 1783 Vat.
1077 1760 1129 1791 pr.
1147 1753 1182 1780 et
1195 1747 1304 1789 quint.
1321 1746 1386 1776 inc.
1403 1745 1525 1776 Heins.

62 1809 183 1840 Petav.
204 1817 256 1848 pr.
275 1807 373 1838 Voss,
399 1815 450 1846 pr.
487 1807 560 1835 nota
577 1805 671 1834 Ceres
694 1801 748 1832 vel
764 1802 873 1830 sancta
894 1805 1008 1838 parens
1032 1795 1114 1824 Vat.
1141 1801 1208 1823 sec.
1247 1793 1321 1820 nota
1348 1789 1402 1818 vel
1418 1791 1527 1818 sancta

62 1852 159 1883 voss.
173 1861 240 1882 sec.
265 1853 296 1881 te
308 1853 386 1880 nata
403 1849 456 1879 vel
472 1851 576 1879 nostra
592 1843 797 1885 conjiciebat
811 1841 932 1872 Heius.
955 1842 985 1869 te
997 1848 1057 1869 non
1072 1837 1152 1867 Vat.
1168 1845 1221 1875 pr.
1236 1833 1321 1864 Cod.
1339 1831 1528 1862 Bartholin.

63 1900 131 1926 vet.
144 1894 230 1935 Gyr.
247 1894 329 1924 Vat.
348 1892 458 1924 Livin.
480 1900 599 1921 menon
615 1890 696 1919 Vat.
714 1887 825 1928 quint.
842 1884 907 1915 inc.
921 1882 1042 1913 Heins.
1060 1881 1140 1910 Var.
1164 1879 1230 1908 LL.
1248 1886 1267 1907 e
1289 1884 1396 1915 marg.
1410 1874 1527 1905 Parm.

63 1947 125 1968 non
140 1948 186 1969 me
200 1937 350 1968 Florent.
379 1935 446 1966 duo
462 1933 559 1965 Med.
586 1933 666 1963 Put.
694 1931 779 1970 Reg.
807 1928 874 1958 duo
900 1926 1023 1956 Petav.
1047 1924 1179 1954 Bonon.
1203 1919 1337 1951 Tholos.
1364 1917 1432 1948 duo
1448 1917 1528 1949 Jun.

63 1980 208 2012 totidem
224 1981 323 2010 Voss.
338 1983 374 2010 et
386 1978 500 2009 Oxon.
517 1977 599 2007 Exc.
615 1975 739 2005 Petav.
756 1976 867 2013 quart.
890 1979 949 2000 non
963 1968 1049 1998 modo
1066 1964 1183 1996 Ambr.
1196 1963 1386 1994 tert.-106
1408 1959 1531 1990 miseris

67 2023 153 2055 Cod.
167 2023 355 2054 Bartholin.
379 2021 495 2052 catenis
510 2020 590 2050 Vat.
608 2028 658 2058 pr.
675 2022 709 2048 et
728 2016 837 2056 quint.
855 2012 942 2045 Cod.
959 2009 1150 2041 Bar-tholin.
1169 2007 1254 2037 Exc.
1272 2005 1397 2035 Petav.
1414 2006 1530 2044 quart.

66 2066 205 2097 cavernis
221 2070 291 2096 tres
307 2065 403 2095 Vatt.
418 2064 571 2095 Florent.
589 2061 654 2091 duo
680 2058 776 2090 Med.
795 2057 915 2088 Heius.
935 2055 978 2085 H.
993 2057 1029 2084 et
1050 2052 1117 2082 inc.
1135 2049 1241 2091 ejusd.
1258 2048 1338 2079 Pnt.
1358 2047 1446 2086 Reg.
1462 2044 1530 2076 duo

69 2108 192 2139 Petav.
210 2108 348 2138 Tholos.
365 2107 464 2136 Voss.
496 2115 548 2145 pr.
565 2104 632 2134 duo
649 2103 728 2135 Jnn.
745 2101 812 2131 dno
842 2100 956 2129 Oxon.
980 2095 1119 2127 cavernis
1135 2093 1189 2124 vel
1215 2090 1332 2123 catenis
1346 2090 1445 2119 Voss.
1461 2097 1532 2119 sec.

69 2150 477 2182 ——108·Velsulte112Vat.
494 2157 546 2188 pr.
575 2147 629 2177 Vel
653 2149 719 2176 tum
747 2154 793 2175 me
817 2142 952 2173 Tholos.
998 2139 1054 2169 Me
1082 2140 1206 2168 tantum
1220 2134 1302 2166 Jun.
1329 2141 1396 2163 sec.
1426 2131 1534 2162 visura

72 2194 140 2224 reni
166 2196 288 2224 tantum
317 2193 440 2223 Petav.
467 2199 535 2221 sec.
562 2190 644 2219 Var.
671 2189 738 2218 LL.
765 2196 783 2217 e
814 2194 922 2224 marg.
955 2183 1072 2213 Parm.
1118 2181 1242 2210 tantum
1270 2177 1422 2207 Florent.
1454 2182 1532 2205 cnm

70 2236 192 2277 viginti
206 2236 280 2267 aliis
298 2240 333 2267 et
359 2233 439 2266 Ald.
463 2236 586 2264 tantum
604 2232 656 2263 vel
680 2231 789 2261 saltem
810 2229 898 2269 Reg.
922 2226 1035 2257 Oxon.
1058 2224 1219 2265 pr.——109
1246 2220 1381 2251 Tradere
1405 2220 1533 2248 conatur

731 2325 762 2358 N
769 2325 876 2358 OTAE

116 2411 178 2440 102
203 2407 312 2449 Teror]
345 2406 487 2439 Atteror
512 2404 702 2446 suppliciis,
717 2413 776 2435 sen
832 2410 895 2432 mae
912 2399 1123 2435 nascuntur3
1147 2404 1223 2436 qnae
1240 2402 1318 2425 cum
1334 2389 1471 2431 Caspiae
1488 2387 1537 2420 di-

75 2459 204 2492 catenis
217 2458 349 2491 ferreis.
385 2458 535 2489 Statius:
560 2457 569 2473 ‘
585 2457 691 2487 Latus
709 2463 777 2485 om-
833 2455 968 2489 cuntur,
985 2449 1018 2480 id
1042 2447 1094 2487 fit,
1110 2445 1190 2488 quia
1216 2443 1342 2484 Caspia
1366 2440 1460 2481 regio
1484 2442 1538 2471 est

74 2520 116 2542 ne
132 2510 192 2542 sub
209 2511 311 2541 armis
331 2510 456 2540 Ferrea
473 2513 571 2539 scuta
588 2505 727 2538 terunt.’
833 2501 990 2543 proxima
1015 2496 1199 2539 Hyrcaniae
1216 2506 1225 2535 ;
1249 2494 1304 2526 vel
1320 2492 1400 2535 quia
1415 2489 1540 2531 Caspia

120 2564 180 2593 103
205 2559 424 2601 Interstrepis]
454 2560 581 2591 Plausn
608 2557 778 2599 cymbalo·
834 2562 911 2584 cum
949 2549 1126 2591 Hyrcania
1164 2545 1398 2578 confunditur.
1441 2541 1538 2580 virg.

77 2620 162 2652 rum,
178 2621 252 2653 quae
269 2611 443 2651 agitabant
466 2610 558 2641 Gaui
574 2608 778 2640 Sacerdotes
833 2605 842 2621 ‘
857 2604 1103 2644 Hyrcanaeque
1139 2598 1323 2630 admorunt
1351 2595 1459 2627 ubera
1498 2590 1538 2621 ti-

80 2661 223 2702 Cybeles
237 2663 270 2693 in
284 2661 423 2692 urbibus
440 2660 614 2700 Phrygiae.
836 2653 937 2695 gres!

123 2713 184 2741 105
209 2712 322 2752 Caspia
336 2711 447 2751 tigris]
470 2711 511 2742 ld
525 2715 589 2749 est,
607 2709 782 2750 Hyrcana,
880 2706 943 2736 109
971 2703 1027 2734 Vis
1041 2700 1197 2743 improba]
1219 2697 1356 2736 Gravis,
1380 2691 1478 2731 mala,
1490 2689 1538 2721 ηἰ-

83 2758 125 2790 ab
140 2758 328 2802 Hyrcania,
342 2761 376 2792 in
392 2771 458 2802 qua
473 2760 579 2802 tigres
608 2758 782 2791 ferocissi-
837 2755 917 2795 mia,
933 2753 1068 2785 acerba.

407 2889 422 2906 Q
