1851 3213
293 230 407 271 1274
559 240 702 270 Nor-lu
736 239 999 268 VAR10RUM

290 335 396 375 prium
422 335 538 375 scripti
560 335 733 365 meliores:
760 333 926 374 quomodo
949 333 996 362 le-

293 385 439 426 gendum
468 386 628 416 Bartliius
655 390 688 415 et
714 385 905 415 Gronovius
925 384 996 423 jam

293 436 463 467 viderunt.
507 436 570 466 Adi
586 436 683 474 liujus
696 435 879 465 Dian-ibon
893 434 996 464 Stati-

293 496 405 526 anam,
422 490 568 526 eap.>1⁴.
595 487 658 516 Ille
684 486 774 515 curis
803 484 999 524 posteriori-

292 537 354 568 bus
377 538 543 568 immerito
560 537 739 567 fluctuavit
768 537 889 566 dubius
907 546 997 567 verm

293 597 333 618 ac
351 589 503 628 genuina*
530 589 695 618 lectionis.
721 588 876 628 sequenti
902 597 998 617 versu

294 639 360 670 Hic
377 649 437 679 pro
456 640 535 669 Hm:
553 639 638 669 bene
653 639 783 679 scripti.
812 640 853 670 D.
873 638 983 669 Heius.

337 692 377 720 97
404 691 520 720 Erexit
537 691 625 728 regia
641 689 752 729 toedas]
780 690 829 720 Ut
852 688 999 719 faustum

293 749 394 770 omen
421 739 626 770 coeuntibus
654 740 750 769 novis
773 738 887 778 nuptis
905 738 999 767 dare-

294 792 363 828 tur,
386 788 492 820 faceis
521 789 682 828 nuptialis
708 787 808 818 moris
838 791 912 817 erat
930 787 1000 816 alte

294 840 420 870 elevari
439 850 457 869 a
475 839 640 868 matribus
668 846 877 876 sponsarum.
903 836 1000 866 Clan-

294 890 415 920 dianus
432 890 536 919 alibi:
561 888 652 918 ‘Per
680 887 788 917 taedas
815 896 898 927 quas
926 886 1002 925 ipsa

294 944 353 970 tuo
371 940 501 979 Regina
519 938 646 969 levavit
667 937 857 978 Conjugio.’
885 937 1001 967 Barth.

337 993 379 1021 98
408 991 463 1022 Vel
487 991 567 1020 solus
593 992 714 1029 sperate
740 987 824 1027 veni]
849 986 1002 1026 Superare

294 1045 441 1082 uterque
474 1041 589 1071 Oxou.
628 1050 666 1070 ac
700 1039 825 1079 Regius
852 1038 1002 1077 eleganti

295 1090 507 1121 Graecismo:
539 1100 605 1131 quo
634 1095 669 1120 et
705 1089 827 1119 alludit
863 1094 1002 1129 quartus

293 1140 495 1179 Vaticanus,
523 1140 577 1180 qui
600 1149 723 1179 sperare
740 1139 890 1171 exbibet.
927 1139 1002 1169 Sta-

295 1189 376 1227 tius,
390 1190 493 1221 Theb.
508 1199 550 1220 11.
568 1192 576 1206 ‘
589 1190 656 1220 Seu
671 1188 860 1219 Pandionio
874 1195 1002 1220 nostras

294 1240 440 1271 invisere
458 1240 572 1271 caedes
586 1241 707 1271 Monte
721 1240 839 1270 venis!
863 1241 1003 1270 Frustra

295 1293 364 1331 alii,
389 1293 475 1323 velis.
511 1292 587 1322 Lib.
604 1301 638 1322 v.
666 1292 745 1322 ‘cui
773 1291 881 1330 gloria
907 1296 1004 1322 tanta

293 1343 456 1374 Venimus
473 1342 659 1372 innumerae
677 1340 786 1371 fatum
806 1341 931 1371 debere
950 1351 1004 1371 co-

293 1392 434 1424 hortes!
459 1392 534 1422 Lib.
552 1401 617 1421 vn.
638 1392 644 1408 ‘
662 1392 731 1421 Vos
747 1390 847 1421 etiam
865 1391 1004 1429 nostris,

294 1442 476 1474 Heliconia
498 1441 609 1479 turba,
638 1441 761 1472 venitis
790 1439 927 1471 Addere
954 1450 1004 1470 re-

295 1493 356 1523 bus
372 1492 495 1533 opem.'
520 1492 574 1523 Sic
591 1502 623 1522 eo
632 1490 735 1529 fateri
752 1491 840 1530 apud
859 1491 1004 1522 eundem

294 1543 405 1573 Theb.
421 1552 444 1573 1.
465 1544 473 1559 4
490 1543 556 1573 Seu
575 1541 714 1573 fortuna
731 1541 808 1578 fuit,
825 1552 897 1579 seu,
914 1542 1004 1582 quod

296 1594 403 1634 pudet
420 1594 468 1624 ire
486 1593 601 1631 fateri,
619 1593 679 1623 Vis
699 1593 822 1623 invicta
840 1592 926 1622 viri!
950 1592 1005 1623 Ita

294 1644 498 1674 veterrimus
512 1643 802 1681 Cantabrigiensis
816 1652 896 1673 vere
911 1653 919 1680 ς
939 1652 1003 1673 non

295 1704 346 1724 ore
369 1699 427 1725 ant
451 1695 518 1724 ira:
543 1704 619 1724 mox
638 1693 745 1732 dicer,
766 1694 773 1709 ‘
794 1693 901 1723 Vobis
927 1702 1005 1722 ven-

297 1749 374 1774 tura
392 1749 493 1784 atque
511 1753 609 1774 omne
627 1743 715 1784 quod
735 1743 824 1773 ultra
842 1747 894 1772 est
918 1743 1005 1772 Pan-

296 1794 376 1825 dere
393 1798 533 1824 moestus
550 1804 590 1824 eo
606 1793 626 1823 ε’
652 1793 694 1823 de
712 1803 777 1834 qno
795 1793 888 1823 alibi.
913 1793 1005 1823 Mar-

297 1844 407 1875 tialis:
443 1845 566 1875 ‘Tunc
599 1853 662 1883 ego
695 1853 760 1873 non
793 1844 922 1881 oculOS‚
945 1843 1004 1874 sed

296 1898 450 1925 ventrem
463 1903 606 1934 pascere
622 1893 720 1925 veni.’
754 1894 1003 1933 l}.E11ge11iiis:

295 1946 304 1962 ‘
323 1945 371 1976 Ut
396 1955 471 1976 cum
499 1943 632 1974 flamma
660 1954 765 1973 vorax
784 1945 899 1974 veniet
917 1954 1005 1975 com-

296 1995 418 2026 burere
450 1995 580 2026 terras!
619 1994 658 2024 Iu
683 1995 860 2025 Claudiani
890 2000 1006 2025 tamen

295 2045 370 2076 loco
396 2045 440 2075 nil
474 2051 605 2075 temere
629 2045 800 2082 mutarim,
817 2055 893 2075 cnm
917 2055 1005 2085 prze-

294 2096 477 2126 stantiores
495 2095 572 2126 libri
597 2104 658 2134 pro
677 2100 818 2135 recepta
835 2095 1006 2135 scriptura

296 2150 399 2176 stent.
446 2146 489 2176 D.
508 2145 618 2176 Heius.

339 2194 483 2235 Sperate]
506 2195 696 2225 AEmulatur
722 2195 925 2226 desiderium
947 2206 1005 2227 nu-

297 2245 459 2276 bentium.
522 2246 676 2286 Spei-atus
715 2246 804 2276 enim
844 2256 1005 2286 sponsum

297 2300 407 2326 sonat.

343 2345 385 2375 Te
412 2346 521 2384 111-(ΒΖΜ
550 2347 615 2376 viso
646 2347 875 2387 Langucscmt]
913 2349 1006 2378 Suni-

296 2404 385 2426 mam
401 2395 536 2425 virtutis
555 2396 843 2428 existimationem
865 2399 1006 2429 circum-

296 2445 452 2476 scribunt
478 2446 542 2475 hoc
565 2446 664 2475 modo
689 2452 847 2477 auctores
873 2449 1006 2488 optimi.

296 2495 397 2527 Silius
424 2496 579 2533 italicus,
596 2496 616 2526 l.
636 2505 709 2526 xlv.
733 2498 740 2512 ‘
756 2497 844 2527 Laus
862 2499 932 2527 sola
949 2498 1006 2528 ‹la-

298 2549 354 2576 tur
379 2546 404 2575 si
432 2545 504 2575 viso
541 2546 673 2576 vincitis
700 2547 818 2576 hoste)
866 2549 908 2577 Et
939 2549 1006 2578 tale

296 2595 380 2626 illud
414 2595 572 2635 Caesaris,
615 2596 624 2612 ⁴
644 2597 744 2635 Veni,
781 2598 873 2637 Vidi,
905 2599 1006 2629 Vici.'

300 2646 422 2677 Barth.

343 2698 405 2727 103
432 2696 612 2736 Tranquilla
629 2697 660 2727 in
683 2708 760 2737 pace
777 2699 899 2739 locutis]
930 2701 1008 2731 Tuta

299 2747 355 2778 sub
383 2757 457 2788 pace
479 2748 596 2778 relictis
623 2749 766 2781 Lucens.
801 2755 836 2781 et
864 2751 1008 2791 Gyrald.

301 2798 472 2838 tranquilla
498 2797 532 2828 in
567 2808 643 2840 pace
666 2799 785 2831 relictis
815 2800 937 2842 Isingr.
974 2807 1010 2833 et

1036 238 1085 267 IN
1119 238 1193 267 Gt..
1224 237 1407 268 CLAUD.
1442 236 1484 265 V.

1046 332 1141 372 prim.
1156 332 1266 363 Vatic.
1314 332 1355 362 D.
1373 330 1486 361 Heins.

1091 384 1152 412 108
1176 382 1248 413 Illic
1273 380 1449 420 Armenioe]
1473 379 1564 411 Illinc
1590 378 1648 409 alii
1673 388 1754 410 non-

1048 432 1141 462 nulli.
1185 433 1292 463 Versu
1322 431 1475 471 proximo
1505 440 1568 470 pro
1602 429 1753 468 Fervida,

1050 484 1206 521 Herbula,
1222 494 1263 514 ex
1282 481 1447 523 Isingrini
1460 481 1547 511 libro
1564 480 1756 520 Raphelen-

1050 535 1135 574 gius,
1150 538 1183 564 et
1196 544 1237 564 ex
1248 543 1305 564 suo
1315 532 1506 569 Claverius3
1527 530 1671 570 optime:
1689 538 1754 560 nec

1051 585 1150 615 aliter
1167 594 1207 614 ex
1233 583 1357 614 nostris
1381 583 1524 614 Lucens.
1550 581 1696 611 Putean.
1719 584 1756 611 et

1051 635 1285 665 Bononiensis.
1304 634 1405 674 prim.
1423 632 1581 663 Vatican.
1604 630 1761 663 Fer—bida:

1051 690 1087 716 nt
1105 691 1140 715 et
1157 684 1484 715 Helmaestadiensis.
1502 682 1661 712 Patavin.
1682 681 1758 712 Fin-

1050 735 1103 764 dia
1128 735 1311 766 mendose:
1349 738 1385 764 et
1412 734 1445 764 in
1472 743 1577 772 marg.
1616 732 1757 763 Florida.

1052 793 1135 813 unus
1147 783 1305 814 Ambros.
1323 783 1431 813 Rubea
1445 783 1498 812 vel
1514 783 1651 813 Tenuia:
1666 781 1755 822 quod

1052 838 1260 872 postremum
1301 833 1440 872 elegans
1482 833 1604 870 etiam3
1646 831 1759 873 qualia

1052 883 1158 912 multa
1175 882 1266 923 apud
1283 882 1431 913 Statium
1446 887 1642 913 occurrunt.
1689 881 1757 912 Adi

1053 938 1174 964 notata
1189 943 1208 964 a
1223 933 1320 964 nobis
1342 933 1384 964 ad
1408 933 1579 965 Nasonem
1602 935 1691 965 Met.
1708 943 1758 966 ιν.

1053 988 1127 1016 221.
1153 985 1243 1015 curis
1267 984 1393 1015 alteris.
1432 984 1575 1015 Herbida
1597 985 1760 1024 velamina,

1055 1035 1224 1077 quomodo
1241 1035 1331 1075 apud
1359 1035 1578 1073 Martialem3
1601 1036 1609 1050 ‘
1628 1033 1761 1065 Herba-

1054 1095 1126 1115 rum
1152 1085 1266 1116 fueras
1293 1085 1445 1122 indutus,
1462 1085 1582 1123 Basse,
1607 1084 1760 1116 colores.’

1053 1135 1185 1166 Statius
1207 1135 1240 1166 in
1265 1135 1378 1172 Silvis,
1404 1135 1569 1175 Epic-edio
1591 1135 1759 1173 Glauciae,

1053 1187 1061 1202 ‘
1081 1186 1216 1216 Herbas
1246 1185 1436 1216 imitantem
1484 1185 1605 1215 sinum'
1648 1185 1760 1216 dixit:

1055 1246 1130 1276 quae
1157 1237 1232 1267 loca
1273 1236 1413 1266 Barthio
1446 1246 1579 1276 quoque
1612 1235 1761 1266 animad-

1054 1296 1177 1324 versa;
1201 1286 1259 1326 qui
1286 1285 1425 1316 Perarida
1451 1286 1605 1316 velamina
1635 1285 1761 1326 insigni

1055 1342 1262 1378 nugamento
1292 1336 1347 1367 hic
1384 1335 1483 1367 nobis
1512 1345 1580 1366 non
1611 1335 1762 1367 debebat

1046 1387 1257 1418 obtrudere.
1303 1386 1402 1417 Idem.

1098 1439 1258 1470 Armeniae
1273 1438 1346 1479 alae]
1374 1437 1477 1468 Miles
1493 1437 1572 1468 inde
1588 1437 1762 1469 oriundus.

1104 1489 1245 1520 Vidn-atis
1273 1487 1424 1528 crinibus]
1462 1489 1568 1519 Ferro
1601 1487 1765 1529 crispato-

1056 1552 1128 1572 rum
1142 1542 1252 1572 instar
1270 1540 1488 1572 vibratorum.
1534 1540 1763 1571 Orientalium

1055 1597 1169 1622 autem
1204 1592 1378 1622 nationum
1421 1591 1592 1631 plera’que
1630 1590 1764 1621 vibrato

1054 1643 1148 1673 crine
1177 1647 1299 1674 natura
1335 1642 1545 1682 gaudebant.
1596 1641 1766 1673 Martialis

1054 1693 1288 1733 Spectaculis:
1337 1692 1518 1724 ‘Crinibus
1557 1693 1590 1722 in
1638 1691 1763 1722 nodum

1056 1743 1154 1774 tortis
1172 1753 1298 1774 venere
1325 1742 1506 1780 Sicambri,
1528 1742 1644 1783 Atque
1662 1743 1764 1773 aliter

1056 1794 1154 1824 tortis
1171 1794 1321 1824 crinibus
1335 1792 1534 1833 AEtbiopes.'
1580 1793 1697 1824 Barth.

1101 1848 1161 1875 109
1189 1844 1332 1874 Herbida
1356 1843 1505 1883 collectoe]
1529 1840 1690 1874 'Herbidus
1709 1852 1764 1874 co-

1056 1894 1134 1924 loris
1165 1894 1283 1924 herbei
1321 1893 1464 1924 viridem
1499 1893 1670 1933 designat,
1705 1893 1762 1934 qui

1058 1953 1124 1974 non
1142 1944 1321 1974 inusitatus
1339 1944 1371 1974 in
1387 1943 1538 1975 vestibus
1555 1944 1762 1982 priscorum:

1057 1993 1136 2024 vide
1157 1994 1310 2024 Marti-al.
1333 1993 1453 2033 Epigr.
1472 1995 1491 2024 l.
1509 2002 1542 2024 v.
1558 1997 1610 2025 23.
1645 1994 1697 2024 Ex
1723 2003 1764 2025 eo

1057 2043 1215 2074 discimus
1242 2043 1386 2074 viridem
1413 2044 1563 2074 colorem
1586 2043 1618 2074 in
1636 2043 1766 2074 vestitu

1056 2095 1157 2125 vilem
1182 2094 1330 2125 habitum
1350 2098 1385 2125 et
1409 2094 1653 2134 pauperiorum
1674 2093 1765 2134 apud

1058 2146 1242 2183 Romanos,
1272 2145 1402 2176 Graecis
1429 2146 1587 2176 mulieres
1614 2144 1768 2176 meretri-

1056 2207 1113 2228 ces
1127 2203 1160 2228 et
1180 2197 1338 2228 delicata-
1357 2195 1456 2226 modo
1473 2196 1596 2227 talibus
1614 2193 1765 2226 vestibus

1059 2248 1255 2278 utebantur.
1302 2247 1399 2277 Idem.

1102 2300 1163 2327 110
1191 2297 1303 2327 Truces
1312 2296 1398 2335 flat-0
1416 2296 1530 2326 vertice
1549 2295 1652 2336 Galli]
1677 2295 1765 2327 Lau-

1058 2348 1135 2378 dem
1150 2347 1371 2377 animositatis
1385 2353 1419 2377 et
1434 2346 1670 2377 bellicositatis
1685 2346 1766 2378 Gal-

1058 2399 1096 2429 lis
1115 2399 1303 2438 largiuntur
1327 2407 1425 2427 omne
1451 2407 1554 2437 genus
1580 2397 1766 2437 scriptores

1060 2449 1173 2489 prisci.
1220 2449 1360 2478 Flavum
1388 2447 1522 2485 iisdem,
1549 2451 1587 2477 ut
1614 2452 1648 2477 et
1679 2447 1766 2478 Ger-

1059 2501 1178 2539 manis,
1209 2499 1371 2539 capillum
1408 2497 1505 2527 multi
1554 2497 1767 2530 adscribunt.

1057 2551 1185 2581 Truces
1211 2554 1308 2580 vorat
1339 2548 1527 2578 imitatione
1549 2547 1691 2586 Lucani,
1708 2547 1767 2579 lib.

1062 2609 1126 2631 vn.
1150 2601 1159 2615 ‘
1179 2599 1264 2629 Inde
1289 2604 1402 2629 truces
1419 2598 1512 2629 Galli
1535 2599 1671 2628 solitum
1692 2607 1768 2638 pro·

1060 2651 1156 2681 distis
1173 2650 1205 2680 in
1222 2649 1377 2680 hostemf
1414 2649 1523 2678 Duras
1541 2656 1671 2679 mentes
1685 2649 1766 2680 Gal-

1061 2700 1099 2730 lis
1117 2702 1269 2740 assignat
1287 2699 1503 2738 Lampridius
1518 2709 1552 2729 111
1571 2698 1768 2730 Alexandro

1059 2751 1197 2782 Severo.
1257 2749 1396 2780 Animos
1426 2748 1593 2788 crudeles,
1621 2758 1768 2790 corpora

1063 2802 1240 2842 plusquam
1270 2800 1430 2840 humana,
1469 2799 1603 2841 Florus,
1634 2799 1765 2832 Histor.
