1852 3182
627 202 811 232 EPIGRA
822 201 1016 231 MMATA.

1421 186 1535 228 1145

707 397 955 446 LXVIII·

296 575 365 618 18.

428 574 498 616 IN
532 571 863 614 SPHAERAM
896 568 1323 611 ARCHIMEDIS.

78 700 295 741 JUP1TER
317 699 360 738 in
381 709 519 750 parvo
543 708 639 735 cum
663 695 855 734 cerneret
878 691 1040 732 aethera
1061 690 1190 740 vitro,

135 766 267 815 Risit,
289 769 329 806 et
351 764 407 805 ad
430 764 625 816 Superos
648 761 756 802 talia
776 760 894 801 dicta
915 758 1035 799 dedit
1054 772 1063 798 2

78 834 281 875 Huccine
304 832 498 873 mortalis
521 842 755 883 progressa
777 827 978 881 potentia
999 826 1147 866 curae?

131 901 233 942 Jam
253 913 377 941 meus
399 900 440 939 in
458 898 603 950 fragili
624 897 784 937 luditur
804 896 906 935 orbe
927 894 1066 934 labor.

74 968 103 1009 J
107 981 186 1010 ura
206 968 315 1022 poli,
338 978 567 1019 rerumque
590 964 734 1010 fidem,
755 963 957 1015 legesque
981 961 1189 1010 Deorum,
1508 959 1536 1000 5

134 1035 249 1077 Ecce
269 1033 536 1088 Syracosius
555 1030 770 1072 transtulit
792 1036 883 1069 arte
905 1041 1053 1068 senex.

120 1154 197 1184 Cum
213 1154 340 1194 Jupiter
364 1154 481 1184 videret
497 1152 630 1182 coelestes
646 1151 745 1181 orbes
765 1151 796 1181 in
815 1150 894 1180 vitro
910 1149 1036 1187 exiguo,
1059 1146 1198 1187 subrisit,
1220 1149 1250 1176 et
1264 1145 1347 1176 dixit
1363 1144 1428 1174 hoec
1443 1143 1535 1175 verba

77 1196 170 1229 Diis:
193 1197 245 1227 An
269 1199 407 1236 potestas
425 1195 559 1226 solertia>
580 1194 735 1224 hominum
754 1193 903 1233 processit
927 1192 984 1222 huc
1007 1191 1131 1231 usque?
1146 1190 1216 1228 jam
1239 1197 1313 1228 opus
1328 1197 1425 1218 meum
1442 1187 1535 1218 exhi-

76 1239 174 1270 betur
193 1239 284 1270 velut
302 1249 357 1279 per
372 1240 475 1269 ludum
492 1239 523 1269 in
537 1237 626 1276 globo
642 1237 768 1267 lubrico.
809 1237 857 1266 En
875 1244 967 1265 senex
990 1233 1175 1274 Syracusius
1195 1231 1351 1262 industria
1378 1240 1437 1261 sua
1456 1230 1532 1261 hinc

75 1282 218 1314 traduxit
245 1282 278 1313 in
302 1287 409 1313 terras
434 1282 511 1320 jura
534 1280 613 1320 eceli,
634 1279 763 1322 fidelem
785 1278 1040 1319 dispositionem
1066 1286 1180 1316 rerum,
1209 1278 1238 1306 et
1273 1275 1356 1313 leges
1382 1274 1534 1304 Deorum.

686 1361 918 1373 aeaeaeaeaeaeaeaeaeaeaeae

117 1421 196 1452 Vat.
214 1429 263 1460 pr.
279 1419 384 1451 habet
410 1419 526 1459 Incipit
539 1420 576 1449 tle
589 1418 731 1458 Sphcera.
749 1418 779 1447 in
795 1417 873 1447 Put.
890 1417 1010 1448 Petav.
1026 1426 1075 1457 pr.
1093 1420 1128 1446 et
1144 1425 1210 1446 sec.
1227 1414 1323 1445 deest
1340 1411 1534 1452 Inscriptio.

120 1467 134 1494 1
161 1473 284 1503 <equora
310 1464 436 1493 Moret.
456 1472 507 1503 pr.
542 1462 658 1492 ‹ether-11
688 1461 739 1490 vel
766 1469 887 1498 <equora
916 1460 1008 1490 Rott.
1038 1460 1139 1489 omnia
1162 1459 1228 1489 duo
1245 1457 1340 1487 Vatt.
1358 1454 1534 1486 Buslid.—

73 1510 92 1536 2
118 1506 208 1536 verbu
223 1507 308 1536 (ledit
325 1505 453 1535 anlid.
476 1504 576 1541 refert
593 1504 672 1533 Yat.
691 1507 770 1533 tert.
787 1512 830 1532 m.
849 1512 901 1541 pr.
918 1503 998 1532 Var.
1016 1502 1082 1532 LL.
1101 1501 1154 1531 ed.
1172 1500 1339 1531 Antv.——3
1364 1499 1453 1528 εἰναι)
1471 1507 1532 1537 pro

72 1558 154 1579 curae
178 1547 272 1578 Med.
289 1549 461 1588 quarn—4
495 1556 545 1576 ore
562 1556 622 1586 pro
640 1545 711 1575 orbe
740 1545 952 1574 l⁴¹lorent.——-.'›
978 1543 1226 1584 rerumquefides
1241 1543 1321 1572 Yat.
1339 1551 1388 1581 pr.
1415 1539 1534 1572 Ambr.

73 1601 122 1631 pr.
154 1591 292 1630 legesque
310 1591 444 1621 Deorum
462 1589 542 1619 Var.
561 1590 628 1619 LL.
645 1587 697 1617 ed.
722 1587 827 1617 Antv.
853 1588 1007 1625 legemque
1025 1587 1158 1616 virorum
1188 1590 1332 1625 quatuor
1348 1584 1441 1613 Vatt.
1457 1582 1533 1613 Pal.

73 1633 181 1665 Oisel.
215 1634 362 1673 longeque
378 1633 504 1663 Moret.
522 1641 571 1670 pr.
607 1631 759 1669 legemque
783 1629 935 1659 Florent.
954 1634 1022 1659 tres
1038 1628 1132 1658 Med.
1152 1628 1229 1658 Put.
1247 1627 1312 1656 duo
1330 1626 1450 1655 Petav.
1467 1625 1533 1655 Bo-

74 1686 151 1707 non.
169 1675 285 1707 Ambr.
303 1680 382 1706 tert.
410 1675 492 1705 Cod.
520 1673 635 1714 Epigr.
652 1672 772 1703 Ambr.
790 1671 843 1701 ed.
862 1671 977 1702 Parin.
1012 1672 1149 1701 Deorum
1164 1670 1244 1700 Vat.
1261 1679 1311 1708 pr.
1341 1668 1463 1697 l'etav.
1482 1676 1533 1706 pr.

74 1718 191 1750 Ambr.
209 1729 259 1758 pr.
284 1718 365 1749 Ald.
385 1717 464 1748 Var.
482 1717 549 1747 LL.
578 1726 596 1746 e
612 1725 718 1754 marg.
736 1715 851 1745 Parin.
886 1714 1042 1753 legemque
1058 1714 1197 1744 Deorum
1212 1712 1265 1742 vel
1286 1712 1423 1742 virorum
1440 1710 1533 1740 Rott.

74 1763 137 1794 inc.
153 1761 272 1793 Heius.
297 1762 449 1801 legemque
464 1760 583 1791 dierum
603 1759 650 1790 uti
668 1763 703 1789 et
719 1756 904 1798 Syracosius
920 1757 1055 1797 legebat
1073 1755 1250 1794 Heinsius,
1273 1759 1306 1785 et
1323 1752 1535 1794 provocabat

734 1862 875 1894 NOTA-3

113 1944 130 1973 l
161 1941 265 1982 Vitro]
297 1940 508 1972 Admirabile
524 1939 682 1981 quiddam
708 1943 773 1978 est,

73 1991 99 2022 si
117 1991 175 2022 illa
191 1990 403 2022 Archimedis
427 1990 560 2031 sphaera
578 1989 685 2019 vitrea
702 1988 774 2019 fue-

71 2041 137 2072 rit:
164 2039 276 2071 forsan
290 2042 426 2081 ingenio
439 2051 497 2072 suo
513 2047 608 2072 vates
621 2040 774 2078 indulsit,

71 2098 105 2123 et
143 2092 327 2122 Poetarum
367 2092 532 2133 quidlibet
575 2091 772 2122 audentium

71 2152 146 2174 usus
173 2147 225 2173 est
253 2143 441 2182 privilegio.
486 2143 609 2172 Sextus
626 2140 772 2181 Empiri-

71 2203 129 2224 cus
145 2197 309 2224 memorat
326 2193 415 2222 illam
440 2193 607 2232 sphaeram
629 2192 773 2232 ligneam

69 2242 190 2281 fuisse;
215 2243 340 2274 Coelius
359 2242 568 2283 Rhodiginus
587 2251 708 2272 aeream
722 2241 773 2271 fu-

71 2293 136 2325 isse
151 2295 322 2326 menioriae
337 2294 504 2334 prodidit:
536 2294 544 2310 ‘
558 2292 772 2324 Archimedis

68 2344 238 2385 ingenium
265 2345 427 2384 divinum,
454 2345 487 2375 in
504 2344 619 2375 mundi
635 2343 772 2384 opificio

70 2396 180 2427 Deum
195 2395 268 2427 fere
284 2396 393 2436 ipsum
406 2397 572 2427 lacessere
587 2395 692 2425 visum
707 2399 770 2432 est,

70 2446 203 2487 quando
232 2452 301 2478 tam
335 2447 499 2478 concinne
531 2446 660 2478 Coelum
690 2455 770 2477 con-

69 2495 166 2528 flasse
179 2507 308 2528 aeneum
319 2502 538 2537 memoratur,
551 2502 587 2529 ut
604 2497 685 2528 inibi
698 2507 770 2537 sep-

71 2551 140 2579 tem
165 2549 355 2579 viserentur
380 2549 550 2587 Planetae,
576 2553 611 2579 et
638 2548 769 2579 ratione

71 2598 322 2638 incomparabili
342 2600 444 2630 etiam
461 2605 571 2631 motus
598 2599 769 2630 verissime

72 2646 404 2686 deprehenderetur?

114 2700 132 2727 5
155 2697 237 2728 Jura
249 2699 326 2740 poli]
357 2699 456 2733 Quod
473 2704 602 2732 tantum
617 2700 769 2741 pertinet

73 2745 114 2777 ad
133 2746 272 2779 Coelum.

872 1938 998 1979 Fidem]
1024 1938 1176 1969 Fidelem
1205 1947 1317 1968 rerum
1341 1935 1535 1977 dispositio·
1577 1953 1579 1956 -

829 1999 917 2029 nem,
930 1990 1155 2028 concordiam,
1171 1987 1392 2019 harmoniam.

870 2040 1027 2080 Legesque
1057 2038 1214 2078 Deorum]
1253 2039 1375 2078 LegeS,
1412 2035 1532 2077 quibus

829 2090 1073 2129 astringuntur.
1097 2088 1242 2129 Antiqui
1257 2087 1344 2118 enim
1358 2085 1533 2126 fingebant

829 2141 924 2171 Deos
941 2141 982 2170 ab
1007 2145 1175 2171 astrorum
1203 2144 1238 2170 et
1261 2137 1376 2169 mundi
1399 2137 1533 2177 legibus

829 2190 990 2230 pendere.
1038 2190 1104 2219 Alii
1132 2190 1271 2229 legunt:
1296 2189 1453 2228 legemque
1469 2186 1533 2217 die-

828 2251 919 2277 rum;
941 2251 1004 2271 nec
1020 2241 1119 2271 male.
1158 2241 1303 2271 Cicero:
1330 2239 1338 2255 ‘
1357 2237 1532 2268 Archime-

828 2291 887 2322 des
915 2291 1033 2328 Lnnae,
1060 2290 1162 2329 Solis,
1187 2295 1224 2321 et
1244 2290 1394 2331 quinque
1418 2297 1532 2319 erran·

829 2341 910 2372 tium
928 2346 1037 2372 motus
1052 2342 1083 2371 in
1099 2341 1265 2381 sphaeram
1280 2338 1444 2380 illigavit!

822 2427 825 2429 ¹
870 2395 890 2422 6
914 2391 1113 2432 Syracosius]
1146 2391 1323 2431 Syracusae
1346 2389 1426 2420 urbs
1447 2388 1532 2420 Sici-

824 2444 891 2483 liae,
926 2442 1130 2474 Archimede
1169 2441 1304 2472 nobilis.
1363 2439 1533 2472 Ovidius:

827 2493 939 2524 ‘Arte
964 2493 1142 2534 Syracusia
1173 2500 1356 2532 suspensus
1387 2491 1420 2521 in
1451 2490 1530 2521 a'ere

825 2544 940 2575 clauso
955 2544 1033 2575 S'tat
1050 2543 1171 2584 globus
1196 2542 1351 2573 immensi
1373 2550 1477 2581 parva
1493 2538 1528 2570 fi-

823 2605 908 2636 gura
924 2594 1019 2636 poli.’

868 2643 1060 2683 Transtulit]
1096 2642 1289 2683 Expressit,
1317 2645 1352 2672 et
1375 2650 1415 2671 ex
1433 2638 1527 2670 Coelo

824 2696 857 2727 in
877 2703 984 2728 terras
1002 2694 1214 2727 transtulisse
1233 2692 1377 2724 videtur.
