1851 3213
205 211 319 256 1442

207 322 275 350 tur.
320 316 407 353 Hos,
424 313 554 353 digitis,
567 310 734 348 manibus,
750 305 914 347 gestibus,

207 367 315 409 loqui,
332 369 508 397 autumant
527 364 721 402 scriptores.

255 417 345 448 Tibia
362 415 464 457 flata]
486 414 655 445 Tibicmes
681 410 713 440 in
739 412 916 448 spectacu-

208 468 250 500 lis
266 468 350 499 noti.
377 466 491 497 Barth.

253 521 316 551 814
342 519 468 548 Plectra
483 513 635 555 pulsanda
651 510 768 551 chelys]
805 507 919 539 Citha-

211 569 326 601 roedos
341 568 437 603 dicit,
450 571 484 596 et
502 564 534 594 id
552 573 657 603 genus
674 561 768 592 azios.

255 619 364 659 socco]
387 616 565 647 Comoedos
584 614 649 644 dici
667 611 841 642 notissima
856 618 921 647 res,

211 673 252 702 ut
268 669 384 701 statim
400 665 595 707 Tragoedus
619 662 737 694 Barth.

256 722 321 752 316
343 720 420 750 Levi
436 716 536 755 tactu]
562 716 788 745 Plectrorum.
823 710 920 740 Idem.

258 773 322 802 31⁷
368 770 552 800 Innumeras
587 763 688 802 voces]
733 761 922 800 Organum,

214 820 306 863 quod
334 819 514 860 speciatim
543 824 631 845 nunc
660 817 796 849 vocant,
821 808 924 839 Musi-

216 882 292 903 cum
309 869 484 908 intelligit.
509 867 607 897 Idem.

260 923 445 953 Innumeras
481 926 567 948 voces
604 913 720 953 segetis
751 911 926 942 moderatus

216 971 338 1012 ahenae]
363 971 442 1002 Fuit
466 979 541 1000 cum
567 966 680 1006 tegetis
707 961 926 995 scribendum

218 1025 390 1067 opinarer.
417 1023 463 1052 D.
479 1020 591 1051 Heius.

263 1077 327 1105 318
364 1070 509 1109 Intonat]
547 1070 671 1099 Iutonet
701 1062 863 1096 Lucensis
891 1064 928 1091 et

219 1123 523 1168 praestantissimus
566 1118 766 1154 Vaticanus,
806 1113 929 1153 aliique

220 1175 388 1213 nonnulli,
414 1179 449 1204 et
474 1181 553 1202 mox
578 1165 930 1205 coucitet,jaculent1w,

223 1233 260 1259 et
286 1226 453 1267 aedificent.
498 1220 660 1252 Barthius
677 1215 863 1247 assentitur
879 1223 932 1244 ne-

223 1277 294 1309 scio
309 1274 444 1316 quibus,
454 1271 510 1312 qui
524 1268 709 1310 pedibusque
722 1264 838 1295 trabali
850 1265 934 1293 vecte

225 1336 287 1369 pro
300 1325 483 1366 penitusque
500 1322 638 1360 legunt:
675 1321 709 1347 et
735 1325 815 1345 sane
830 1312 868 1343 τὸ
879 1322 933 1353 pe-

223 1378 311 1408 m'tus
325 1375 378 1406 hic
397 1374 540 1404 otiosum
566 1379 605 1400 ae
623 1374 870 1408 supervacuum
886 1363 935 1394 vi-

224 1428 340 1459 detur.
358 1435 419 1466 pro
436 1423 611 1455 laborantes
623 1420 721 1450 undas
736 1416 842 1457 possis
857 1415 936 1445 rela-

224 1478 327 1510 bentes
343 1483 523 1516 reponere.
548 1472 646 1502 Idem.

271 1527 407 1560 Erranti
429 1523 545 1564 digito]
569 1522 684 1552 Unum
705 1528 766 1560 pro
783 1516 936 1548 omnibus

227 1579 325 1611 dicit.
375 1578 477 1608 Error
508 1572 627 1604 Poetis
655 1569 763 1601 omnis
787 1566 938 1599 velocior

227 1639 360 1669 cursus,
375 1628 474 1668 cujus
485 1624 639 1656 ordinem
655 1629 722 1652 non
734 1618 835 1650 facile
851 1625 938 1648 com-

229 1678 436 1722 prehendas.

275 1725 484 1767 Penitusque]
506 1722 670 1756 Notando
685 1729 791 1759 more,
807 1722 844 1749 ut
864 1718 938 1757 ipse

231 1779 298 1811 sibi
328 1781 469 1809 ventum
500 1772 694 1805 suffecerit:
730 1769 939 1800 Modulator.

231 1830 291 1861 De
331 1825 520 1868 Hydraulis
558 1827 714 1853 veterum
748 1816 940 1855 Vitruvius,

231 1881 255 1911 l.
274 1888 309 1910 x.
328 1877 526 1913 Athenaeus,
547 1874 571 1904 l.
596 1881 646 1902 ιν.
678 1867 941 1901 Observandum

231 1930 288 1961 hic
304 1927 533 1969 gladiatorum
559 1921 767 1953 mentionem
789 1918 822 1947 iu
840 1916 941 1946 rebus

235 1978 513 2021 spectaculorum
530 1982 596 2004 non
613 1970 686 2001 fieri
701 1979 721 2000 a
739 1967 942 2004 Claudiano,

236 2029 364 2071 quippe
380 2026 436 2068 qui
454 2022 580 2055 sublati
600 2025 679 2052 ante
695 2018 825 2049 fuerint
845 2016 943 2047 Edic-

236 2084 273 2111 to
290 2074 522 2114 Constantini,
543 2071 630 2114 quod
657 2069 775 2100 retulit
801 2072 944 2108 uterque

240 2128 371 2162 Codex.
396 2126 513 2158 Barth.

281 2181 345 2213 319
371 2177 514 2208 concitat
530 2172 643 2212 undas]
670 2168 812 2203 Ctesibii
829 2168 945 2198 inven-

239 2234 325 2261 tum.
369 2227 458 2258 Vide
472 2225 682 2261 Vitruvium,
701 2230 750 2251 tx.
767 2222 799 2251 9.
824 2219 922 2248 Idem.

289 2278 411 2317 Undas]
448 2277 558 2307 Totus
591 2274 648 2304 1110
679 2273 774 2302 100115
806 2269 877 2309 agit
904 2268 945 2298 de

240 2337 368 2370 organo
382 2326 592 2366 hydraulico.
637 2322 725 2353 Vide
742 2320 946 2351 Athenaeum

242 2384 280 2412 et
294 2378 500 2410 Vitruvium.
526 2376 646 2405 Claver.

285 2431 349 2460 320
385 2427 475 2457 More
498 2425 601 2455 ariam
625 2432 693 2453 sese.
706 2421 889 2460 jaculantur
914 2417 948 2449 in

242 2478 351 2518 auras]
382 2477 571 2508 Saltatores
603 2478 639 2504 et
664 2470 866 2508 funambuli,
893 2469 948 2509 qui

243 2529 337 2561 miris
354 2526 460 2558 modis
488 2534 634 2564 corpora
661 2523 807 2559 vibrare,
824 2525 858 2550 et
875 2524 948 2550 tan-

245 2586 318 2612 tum
334 2588 401 2610 non
418 2577 531 2608 volare
545 2578 682 2606 norunt.
704 2572 820 2603 Barth.

289 2633 351 2661 321
387 2625 585 2665 Crescentia]
621 2623 788 2655 Tabulata
814 2621 846 2650 111
874 2619 946 2650 sub-

245 2683 326 2714 lime
340 2677 532 2711 crescentia
545 2675 646 2706 refert
661 2676 779 2704 Senee.
794 2671 827 2701 in
841 2669 950 2709 Epist.

290 2734 355 2763 322
380 2731 516 2767 Quorum
533 2726 746 2767 compositam]
771 2725 808 2755 Ιη
825 2723 949 2753 Arcem.

248 2784 300 2814 Ex
317 2781 432 2813 multis
447 2778 634 2811 hominibus
659 2786 725 2807 una
741 2784 801 2807 arx
817 2781 953 2811 compo-

248 2832 353 2873 nitur,
380 2830 411 2863 ei
440 2828 628 2871 imponitur
656 2825 829 2868 puerulus,
864 2820 953 2864 pede

436 218 581 251 NOTAE
612 211 880 246 VARIORUM
913 208 964 239 IN
999 207 1075 238 CL.
1098 204 1283 237 GLAUD.
1313 199 1440 232 Xvn.

966 302 1110 339 vim-tna,
1128 300 1185 340 qui
1201 297 1360 330 mirificos
1374 294 1480 326 saltus
1494 292 1528 324 in
1541 299 1671 323 summo

965 353 1034 384 ciet
1073 352 1188 382 Barth.

1008 403 1236 442 Aug'menlatus
1263 400 1293 428 iu
1311 395 1425 435 (ιι-11111]
1456 395 1567 425 Arcem
1595 400 1677 422 con-

960 454 1087 494 jiciunt
1111 451 1265 484 Scaliger
1293 455 1327 478 et
1359 444 1531 476 Bai-thius.
1568 445 1677 471 recte.

969 503 1171 536 confirmant
1190 502 1339 542 potiore.-
1358 497 1487 535 ,ενι-11111.
1510 493 1576 524 Sed
1595 490 1677 532 quid

969 556 1033 586 sibi
1064 555 1134 585 vult
1173 553 1211 583 τὸ
1247 544 1490 589 augunntatus?
1530 543 1677 574 Codices

970 610 1066 637 certe
1084 603 1235 634 nonnulli
1251 603 1463 641 agmentatas:
1485 596 1680 625 amentatus

971 653 1303 687 Helmaestadiensis.
1361 650 1452 685 Lego
1489 645 1679 675 amentatas.-

972 707 1060 748 quod
1079 707 1219 736 verbum
1237 710 1270 733 et
1297 703 1330 732 in
1350 702 1486 731 Lucano
1503 700 1612 727 extat.
1629 698 1681 725 at-

973 766 1039 796 que
1059 756 1106 786 ita
1123 755 1270 792 optimus
1286 751 1471 781 Vaticanus
1486 753 1520 777 et
1541 745 1683 777 Ambro-

974 806 1086 836 sianus
1112 801 1434 844 praestantissimus:
1473 807 1516 827 ne
1547 795 1682 826 dubita.

976 855 1075 895 paulo
1101 858 1180 884 ante
1203 852 1353 887 dixerat,
1377 850 1386 866 ‘
1407 848 1463 889 (1111
1482 857 1517 877 se
1529 846 1683 886 jaculan-

977 905 1054 936 tur.’
1090 903 1220 934 Lucani
1245 909 1362 931 versus
1380 904 1432 930 est
1457 899 1478 928 1.
1495 905 1544 926 vr.
1568 896 1578 912 ‘
1598 894 1684 925 Cuni

971 955 1122 996 jaculum
1139 961 1246 993 parva
1264 951 1367 990 Libys
1383 946 1569 980 amentavit
1585 944 1686 975 habe-

977 1005 1043 1036 1133
1069 1004 1171 1034 Silius
1189 1004 1208 1033 l.
1223 1010 1299 1032 xrv.
1323 1004 1330 1017 ‘
1350 999 1434 1030 Inde
1460 1001 1552 1028 atros
1573 995 1687 1025 alacer

978 1060 1162 1096 pastosque
1194 1051 1358 1083 bitumine
1392 1052 1529 1088 torquet
1562 1045 1688 1076 Amen-

979 1110 1074 1137 tante
1091 1108 1170 1134 noto
1190 1102 1372 1132 Poenorum
1402 1096 1611 1138 aplustribus
1640 1093 1689 1134 ig-

978 1154 1063 1187 nes.’
1087 1153 1256 1195 quomodo
1280 1152 1311 1181 in
1341 1151 1470 1190 optimo
1494 1142 1690 1178 Coloniensi

980 1207 1068 1236 libro
1096 1206 1263 1243 scriptum
1293 1206 1363 1232 est:
1395 1205 1430 1230 ut
1458 1198 1594 1229 Modius
1616 1196 1690 1236 jam

981 1255 1124 1287 monuit.
1147 1252 1344 1292 obloquitur
1364 1256 1476 1280 tamen
1499 1249 1547 1278 illi
1572 1247 1693 1285 solens,

983 1310 1021 1335 ut
1038 1301 1318 1344 pertinacissimae
1336 1305 1387 1329 est
1409 1297 1567 1334 inscitiae,
1581 1297 1694 1327 Daus-

983 1355 1112 1396 queius.
1150 1351 1291 1390 Vulgati
1316 1351 1512 1380 Adventante
1533 1350 1616 1384 noto,
1644 1345 1694 1375 in·

984 1410 1080 1445 epte.
1130 1404 1252 1433 Posset
1279 1405 1392 1431 tamen
1424 1398 1598 1435 Adjutcmte
1620 1397 1695 1425 noto

984 1456 1064 1496 legi.
1109 1453 1306 1485 Marcianus
1324 1450 1468 1491 Capella
1491 1448 1551 1478 lib.
1567 1456 1602 1478 v.
1625 1446 1635 1463 ‘
1653 1445 1695 1476 In

985 1507 1095 1538 causis
1112 1505 1191 1536 milii
1209 1503 1330 1534 81311115
1357 1498 1531 1532 anhelanti
1548 1501 1696 1528 amenta-

987 1562 1038 1588 tas
1063 1557 1178 1587 hastas
1203 1552 1326 1585 crebro
1354 1556 1390 1581 et
1418 1550 1487 1590 pila
1511 1547 1696 1589 plurimum

987 1606 1139 1638 valentia
1154 1600 1386 1634 ministravit!
1410 1601 1455 1632 D.
1470 1600 1582 1630 Helm.

1031 1661 1094 1690 324
1118 1655 1277 1695 Pendula]
1302 1654 1342 1685 Id
1361 1662 1420 1684 nos
1448 1649 1629 1682 docuerint
1642 1647 1698 1679 vel

986 1707 1143 1739 hodierni
1160 1703 1348 1737 funambuli
1367 1702 1487 1733 melius
1503 1710 1542 1741 ac
1557 1698 1698 1734 certius,

989 1768 1088 1800 quam
1106 1756 1219 1787 verbis
1235 1752 1403 1794 explicari
1422 1755 1535 1791 queat.
1572 1750 1699 1780 Claver.

1032 1811 1092 1839 325
1118 1806 1251 1846 Pegma]
1275 1805 1334 1835 Est
1347 1801 1514 1834 confixilis
1532 1800 1700 1839 machina,

992 1858 1148 1899 Apuleio.
1191 1857 1255 1887 Vel
1271 1854 1428 1885 machina
1455 1853 1569 1892 lignea
1594 1851 1699 1881 instar

991 1911 1112 1940 domus
1138 1905 1366 1943 exaedificata,
1391 1902 1554 1944 paulatim
1577 1909 1640 1941 per
1663 1909 1700 1931 58

992 1968 1143 2000 surgetiS,
1170 1962 1206 1987 et
1232 1955 1346 1986 multis
1375 1952 1538 1985 tabulatis
1564 1951 1598 1981 in
1625 1950 1703 1981 snb-

991 2010 1073 2041 lime
1089 2017 1258 2047 crescens,
1275 2005 1443 2045 variisque
1460 2002 1582 2034 statuis
1599 1999 1705 2032 refer·

994 2067 1047 2093 ta:
1067 2069 1107 2091 ea
1124 2060 1156 2089 in
1172 2066 1322 2097 scenam,
1334 2055 1450 2096 pueris
1467 2051 1703 2088 insidentibus,

996 2115 1055 2143 aut
1071 2110 1136 2141 alio
1154 2109 1266 2149 aliquo
1294 2105 1426 2137 ludicro
1454 2108 1576 2134 ornatu
1601 2100 1706 2133 dedu-

998 2162 1152 2193 cebatur.

1040 2215 1104 2243 326
1126 2211 1314 2251 spargentes
1327 2208 1425 2238 ardua
1431 2203 1594 2247 flammas]
1618 2203 1706 2235 Haec

998 2266 1162 2302 corrupta
1179 2265 1269 2290 sunt.
1287 2267 1348 2288 nec
1361 2256 1586 2296 librijuvant.
1612 2254 1705 2292 Lego

998 2314 1137 2344 minima
1163 2310 1351 2341 mutatione
1370 2310 1539 2348 parcentes.
1563 2311 1707 2344 sequen·

1000 2364 1048 2395 tia
1075 2361 1293 2398 confirmant,
1316 2358 1375 2389 ubi
1393 2358 1465 2399 fida
1482 2354 1625 2386 incendia
1649 2352 1702 2383 11ae

999 2413 1141 2444 flammae
1171 2414 1346 2442 vocantur.
1398 2406 1572 2445 Scriptum
1599 2402 1706 2443 primo

1000 2464 1066 2495 fuit
1079 2465 1258 2504 pargentes,
1272 2470 1287 2490 c
1304 2460 1337 2489 in
1350 2468 1374 2496 g
1388 2460 1532 2493 mutato,
1545 2460 1580 2484 ut
1595 2452 1709 2493 saepis·

999 2515 1082 2545 sime
1101 2513 1134 2543 111
1151 2510 1299 2551 antiquis
1320 2508 1434 2538 libris:
1460 2505 1595 2536 codices
1611 2508 1708 2534 certe

1001 2563 1138 2605 quidam
1155 2570 1230 2592 cum
1245 2559 1413 2589 Vaticano
1435 2556 1563 2596 optimo
1577 2563 1708 2594 pergen-

1001 2615 1044 2645 tis
1058 2614 1091 2643 in
1102 2613 1210 2642 ardua.
1234 2610 1289 2640 Sic
1306 2607 1397 2649 apud
1411 2606 1606 2637 Martialem
1620 2613 1709 2635 nunc

1002 2664 1143 2705 legitur,
1167 2662 1224 2693 lib.
1245 2670 1268 2692 1.
1286 2661 1349 2700 Ep.
1369 2662 1442 2690 105.
1465 2659 1473 2674 ‘
1492 2658 1594 2688 Picto
1619 2654 1710 2697 quod

998 2717 1083 2756 juga
1112 2713 1260 2744 delicata
1286 2711 1373 2742 collo
1401 2708 1536 2740 Pardus
1565 2706 1711 2738 sustinet

1003 2764 1234 2806 improbteqne
1249 2759 1379 2802 tigres.’
1396 2769 1472 2791 cum
1483 2758 1621 2797 deligata
1631 2754 1712 2787 scri-

1005 2818 1153 2852 bendum
1170 2816 1235 2848 sit:
1261 2813 1321 2847 sed
1338 2813 1382 2845 de
1400 2811 1451 2843 his
1469 2809 1562 2842 alibi.
1597 2807 1712 2850 Silius,
