1851 3213
285 223 400 265 1330

288 339 367 360 num
384 337 486 369 agens
503 336 606 360 xxw.
627 332 686 359 aut
714 336 799 358 xxxi.
816 326 996 358 Ricomere

290 385 325 411 et
339 380 503 411 clearcho
521 380 614 411 Coss.
640 378 756 410 Barth.

331 434 486 464 Juvenum
515 431 660 471 duorum]
700 431 747 461 At
777 428 996 460 Cassiodorus

290 483 351 520 ait,
366 483 493 514 Arcad.
521 488 555 513 et
584 481 704 512 Rufino
721 482 818 512 Coss.
843 480 998 510 Valenti·

289 534 424 565 nianum
452 534 638 574 juniorem,
670 531 772 562 taedio
796 531 875 561 vitae
906 530 994 571 apud

289 586 456 616 Viennam
496 585 617 625 laqueo
652 582 805 623 periisse.
839 581 996 621 idemque

291 636 347 667 alii
364 636 527 667 Historici
544 633 693 665 tradunt.
740 632 898 663 Zosimus
915 640 996 661 vero

291 691 464 718 asseverat
491 686 533 716 ab
558 684 660 725 impio
684 683 879 722 Arbogaste
896 682 998 711 inter-

291 735 431 768 fectum.
458 737 579 767 ctat-er.

334 789 375 817 97
419 788 592 825 Purpureos
631 782 757 821 Manes]
813 781 998 819 Augustos.

293 836 471 867 Claudiai).
488 844 536 864 vr.
554 834 654 864 Cous.
674 832 767 862 Hon.
790 830 799 847 ‘
816 830 998 870 Purpureo

291 885 400 917 fotum
417 883 569 924 gremio!
594 882 710 914 Barth.

336 939 378 966 98
404 935 632 976 Corfirmavere
648 931 814 972 triumphi]
848 930 927 962 Non
942 930 1000 961 ἐπ’·

292 986 402 1027 umpho
416 986 535 1025 scripti
549 996 556 1016 z
573 984 689 1025 probe.
712 983 788 1014 Fuit
801 992 876 1012 cum
888 982 1000 1022 legen-

294 1037 375 1067 dum
391 1041 548 1077 putarem
556 1035 686 1073 J‘ustitia
701 1032 927 1074 confirmatrice
943 1032 1001 1062 tri-

292 1087 412 1127 umphi,
436 1091 474 1117 ut
489 1096 565 1116 cum
597 1084 819 1125 sequentibus
845 1083 917 1113 haec
947 1091 1000 1113 co-

293 1138 457 1168 haereant.
503 1134 826 1174 Bartliius‚jastitioe
842 1133 1001 1174 confirma-

294 1192 360 1220 tore
371 1189 539 1228 triumpho.
564 1188 607 1218 D.
621 1186 741 1217 Heius.

338 1242 381 1270 99
407 1239 579 1269 Praesentes
592 1238 720 1267 docuere
744 1236 841 1275 Deos]
879 1233 1002 1274 Loqui-

294 1294 353 1320 tur
370 1289 412 1319 de
426 1297 519 1319 more
536 1295 742 1327 paganorum
757 1296 766 1323 ;
795 1294 869 1315 cum
889 1293 941 1314 res
959 1283 1001 1313 ad

295 1344 411 1369 votum
437 1337 595 1377 fluerent,
610 1335 866 1376 agnoscentium
883 1334 974 1364 Deos
992 1344 1000 1371 ;

296 1398 410 1427 secus,
435 1387 676 1427 dubitantium,
701 1392 758 1417 aut
784 1394 920 1426 prorsus
946 1393 1002 1414 ne-

297 1437 463 1479 gantiam.

341 1488 428 1519 Hinc
453 1489 555 1519 secata
580 1488 716 1528 discant]
740 1487 886 1518 Omnem
917 1486 1003 1518 dicit

296 1538 558 1576 Posteritatem,
573 1539 824 1569 AEteruitatem.
843 1538 958 1569 Barth.

343 1593 403 1620 100
429 1590 620 1620 Indomitum
633 1589 711 1620 nihil
722 1599 784 1619 esse
795 1588 862 1629 pio]
892 1588 1003 1628 Dicit,

295 1640 396 1671 ‘tirum
409 1640 497 1680 pium
521 1640 603 1670 nihil
625 1640 754 1675 morari,
777 1639 858 1669 nihil
874 1639 921 1668 illi
942 1638 1001 1668 ob-

295 1694 399 1730 stare,
421 1691 501 1730 quin
518 1689 665 1721 officium
680 1699 774 1719 suum
803 1689 927 1729 ubique
945 1698 1001 1719 ex-

297 1745 428 1779 erceat,
444 1741 544 1779 adsit,
554 1739 736 1780 faveatque
752 1739 861 1778 bonis,
874 1748 1002 1779 eosque

297 1795 436 1822 tueatur
451 1801 460 1829 ;
492 1791 663 1830 improbos
702 1795 930 1830 persequatur
967 1793 1003 1820 et

295 1842 427 1882 puniat.
473 1841 571 1873 Quod
589 1839 732 1871 officium
748 1841 827 1871 boui
840 1840 1003 1881 principis

297 1897 479 1924 exsecutus
510 1892 563 1922 hic
598 1896 757 1922 narratur
780 1889 1004 1923 Theod'osius.

343 1943 493 1974 Tutumre
508 1942 644 1981 nocenti]
677 1942 729 1972 Ex
746 1941 931 1973 Antithesi.
956 1943 1005 1973 Ut

296 1993 381 2024 nihil
398 2003 462 2024 uon
483 1999 590 2024 tutum
607 1992 779 2033 estjnsto‚
793 1992 936 2032 pioque;
955 1992 1004 2023 ita

297 2044 425 2084 injusto
455 2045 628 2084 impioque
653 2044 767 2074 omnia
794 2043 919 2081 intuta,
935 2052 1004 2073 om-

296 2095 354 2126 nia
371 2095 506 2126 infesta.
552 2095 666 2131 Plato,
682 2095 739 2126 lib.
753 2104 793 2125 11.
811 2094 854 2125 de
868 2095 1005 2135 Repub-

297 2146 383 2176 lica:
403 2147 411 2162 ‘
429 2144 569 2176 difficile
587 2145 682 2184 esse‚’
698 2146 758 2183 ait,
780 2147 788 2161 ‘
807 2139 930 2175 malum
946 2144 1004 2175 diu

296 2196 416 2232 latere,
445 2196 524 2236 quin
543 2196 650 2236 poenis
667 2194 847 2226 ultricibus
864 2199 1005 2226 eruatur

297 2249 334 2276 et
350 2245 545 2276 vindicetur
562 2246 595 2275 iu
619 2255 660 2276 eo
677 2246 798 2286 scelus,
824 2244 1004 2276 circumfe-

296 2299 395 2326 rente
404 2305 496 2325 suam
509 2295 568 2326 sibi
578 2305 711 2336 poenam
722 2295 872 2326 malitia!
888 2294 1004 2326 Barth.

343 2347 403 2376 101
432 2346 572 2375 Nanctus
588 2346 651 2385 ipse
671 2344 735 2384 sai]
759 2345 848 2375 Sane
865 2354 932 2375 non
948 2344 1004 2375 de-

296 2396 472 2427 nunciavit
491 2396 615 2425 bellum
633 2396 685 2425 vel
704 2395 856 2425 Maximo
869 2395 923 2425 vel
939 2395 1004 2426 Eu-

298 2445 399 2486 genio
414 2445 634 2483 Theodosius,
660 2445 731 2481 sed,
758 2444 880 2484 legatis
897 2443 1002 2476 ambi-

297 2506 364 2537 gua
380 2505 542 2535 responsa
565 2495 659 2534 daus,
681 2494 834 2525 Maximo
851 2494 953 2525 etiam
968 2495 1002 2525 in

298 2546 450 2587 speciem
468 2545 629 2584 Imperio,
643 2544 785 2584 prolatis
801 2544 892 2583 apud
905 2543 1004 2575 Anti-

299 2596 430 2627 ochiam
463 2594 680 2635 Imaginibus,
706 2594 926 2634 participato,
953 2594 1003 2625 in-

297 2646 401 2677 tulit:
428 2655 493 2675 non
511 2651 624 2676 tamen
654 2645 787 2676 nesciis.
832 2645 924 2685 Lege
941 2645 1004 2676 Zo-

300 2696 433 2727 simum.

343 2746 487 2777 Num-ius
501 2746 566 2786 ipse
578 2746 641 2786 sai]
681 2745 901 2778 Celer-itatem
918 2756 1003 2777 sum-

297 2805 389 2830 mam
419 2806 599 2830 summaeve
625 2797 813 2839 proximam
840 2797 1002 2830 virtutem

517 232 660 264 NOTAE
694 231 961 262 VARIORUM
996 230 1046 259 IN
1083 228 1158 261 CL.
1191 229 1376 261 CLAUD.
1408 229 1518 259 vl11.

1047 342 1121 364 esse
1153 332 1187 363 in
1216 332 1443 372 Imperatore,
1466 334 1535 362 tam
1554 330 1641 361 scita
1657 335 1750 363 vete-

1048 392 1120 413 rum
1138 383 1362 422 Sapientiam,
1387 392 1485 423 quam
1504 382 1662 421 exempla
1678 383 1750 414 Du·

1049 441 1124 462 cum
1157 442 1361 462 summorum
1397 438 1554 472 arguunt.
1598 431 1682 462 Vise
1709 432 1752 464 ad

1048 492 1101 512 res
1117 482 1304 513 Alexandri
1320 487 1355 513 et
1371 482 1525 512 ecem-is.
1554 482 1666 513 Barth.

1091 535 1152 563 103
1179 533 1306 563 Claasos
1321 532 1450 571 montes]
1475 531 1648 571 Singulari
1664 531 1753 562 Feli-

1048 584 1154 615 citate
1185 593 1264 614 saue
1293 582 1504 613 Theodosius
1524 581 1678 612 claustra
1693 581 1755 613 illa

1048 634 1257 675 penetravit,
1280 639 1315 665 ut
1346 633 1488 674 speciali
1515 630 1672 662 Numinis
1687 639 1754 672 ope

1048 685 1170 716 ductus
1189 685 1420 725 perhibeatur.

1093 735 1250 775 Reliquit]
1295 735 1400 765 Nullo
1422 733 1541 764 labore
1565 737 1754 773 transgres-

1049 794 1117 814 sus.
1163 784 1193 814 A
1218 784 1326 814 curuli
1348 783 1534 814 certamine
1561 787 1642 814 nata
1665 782 1758 813 locu·

1049 834 1108 865 tio.
1155 833 1320 864 Horatius
1352 832 1439 863 Arte
1465 832 1633 863 Poetica:
1658 832 1667 849 ‘
1685 831 1756 863 Oc-

1049 888 1155 923 cupet
1171 890 1362 914 extremum
1387 881 1530 921 scabies,
1555 881 1636 912 mihi
1652 886 1756 922 turpe

1050 934 1194 975 relinqui
1209 933 1283 964 est.'
1308 933 1425 963 Barth.

1095 987 1156 1015 104
1184 984 1350 1015 Exstruite
1358 983 1506 1014 immanes
1514 983 1664 1023 scopulos]
1685 982 1760 1014 Me-

1050 1035 1224 1066 morabilis
1239 1033 1388 1065 invectio
1402 1033 1437 1063 in
1451 1038 1625 1073 tyrannos.

1095 1084 1256 1126 scopulos]
1301 1084 1514 1115 Munitiones
1541 1084 1594 1114 vel
1611 1082 1757 1122 Alpibus

1052 1146 1161 1177 pares.
1183 1137 1308 1167 Turres
1321 1135 1433 1165 omnia
1450 1134 1614 1174 praesidia
1627 1138 1760 1173 notare,

1051 1189 1166 1219 multis
1184 1187 1264 1218 alibi
1276 1191 1441 1217 notamus.
1487 1185 1605 1217 Barth.

1095 1241 1156 1269 105
1184 1237 1312 1277 Cingite
1343 1247 1395 1266 vos
1415 1236 1543 1277 flaviis]
1587 1234 1758 1275 scopulos

1053 1298 1135 1328 ergo
1167 1288 1265 1318 modo
1289 1296 1350 1327 pro
1380 1286 1490 1316 saxeis
1522 1285 1626 1315 muris
1660 1284 1761 1315 dixit.

1053 1339 1166 1370 Fossis
1180 1337 1375 1378 ingentibus
1389 1339 1544 1367 veterum
1556 1334 1762 1366 munitiones

1053 1389 1182 1420 cinctas
1194 1388 1297 1419 docet
1308 1386 1363 1417 vel
1374 1386 1689 1427 Hierosolymorum
1702 1394 1762 1416 ex·

1055 1439 1217 1479 emplum.

1097 1489 1236 1529 Fluviis]
1275 1488 1401 1529 lugens
1417 1487 1527 1518 tutela
1541 1485 1758 1526 afflictorum,

1053 1540 1208 1571 hostibus
1220 1538 1358 1570 flumina
1374 1547 1472 1579 posse
1487 1537 1642 1578 objicere
1655 1536 1761 1568 instar

1054 1591 1276 1622 maximarum
1293 1598 1415 1629 nempe
1431 1598 1610 1621 morarum.

1100 1641 1256 1681 Oppom'te
1278 1640 1386 1679 silvas]
1431 1638 1474 1670 Id
1505 1638 1586 1679 quid
1611 1637 1762 1670 obfuerit

1055 1691 1180 1722 docent
1217 1700 1270 1721 res
1308 1691 1468 1721 Romanae
1499 1689 1535 1719 in
1563 1688 1760 1720 Germania.

1054 1741 1171 1773 Barth.

1100 1794 1159 1821 107
1185 1790 1362 1822 permixtis
1395 1790 1526 1822 sociate·
1537 1789 1645 1830 jugis]
1693 1790 1759 1821 Lu·

1056 1841 1180 1880 censis,
1211 1841 1372 1880 permitto.
1440 1839 1759 1872 Helmaestadiensis

1052 1891 1232 1932 permittes:
1256 1900 1340 1921 unus
1357 1891 1478 1922 Petav.
1498 1890 1665 1931 per-mites:
1688 1895 1759 1922 tres

1052 1941 1227 1981 permixtos
1238 1951 1248 1971 .-
1263 1950 1322 1970 sex
1331 1941 1488 1981 pernices:
1506 1940 1642 1972 codices
1657 1940 1761 1972 Scho-

1056 1991 1259 2031 ti,perm·cem
1269 2001 1279 2021 .·
1299 1992 1555 2032 Palat.pernici:
1572 1992 1694 2033 opinor
1704 1993 1760 2025 Pi-

1055 2051 1143 2072 renes
1160 2041 1354 2081 legendum.
1404 2042 1566 2073 Bai-thius
1582 2043 1761 2084 Apennino-

1055 2102 1111 2133 qae
1126 2093 1288 2133 Niphaten
1300 2092 1452 2132 volebat,
1466 2093 1547 2125 satis
1560 2093 1738 2134 ingeniose
1747 2105 1758 2125 t

1056 2143 1115 2175 sed
1134 2143 1321 2174 Caucasum
1335 2152 1470 2184 quoque
1485 2143 1618 2174 nivalem
1631 2143 1666 2174 in
1681 2144 1761 2175 Fes-

1057 2192 1209 2224 cenninis
1236 2198 1353 2224 noster
1378 2193 1478 2225 dixit.
1508 2197 1545 2224 et
1574 2195 1583 2211 ‘
1600 2194 1759 2235 scopulos

1057 2243 1172 2274 Haemi
1209 2243 1355 2274 nivales'
1388 2242 1445 2274 lib.
1481 2252 1525 2274 n.
1572 2244 1606 2275 in
1644 2242 1761 2277 Rufiu.

1056 2293 1194 2324 Deinde
1242 2302 1319 2324 cum
1370 2293 1579 2334 Garganum,
1637 2292 1760 2334 Alpes,

1055 2343 1276 2384 Apenninum
1301 2348 1370 2373 tres
1392 2343 1504 2374 Italiae
1526 2348 1657 2374 montes
1680 2353 1760 2375 con-

1049 2393 1187 2434 jungat,
1197 2393 1377 2424 autltaliae
1395 2393 1762 2435 proximos,Niphates

1049 2444 1128 2484 jure
1144 2443 1271 2484 optimo
1295 2443 1395 2474 nimis
1411 2443 1511 2484 longe
1527 2444 1690 2485 quaesitus
1711 2445 1761 2476 vi-

1055 2494 1129 2525 deri
1155 2494 1276 2535 possit,
1301 2493 1391 2534 quod
1419 2494 1446 2524 is
1463 2494 1636 2526 Armeniae
1663 2504 1759 2527 mons

1055 2544 1111 2576 sit.
1134 2544 1355 2584 Quapropter
1370 2543 1422 2574 vir
1436 2543 1526 2574 idem
1541 2543 1760 2575 doctissimus

1056 2594 1145 2625 curis
1171 2594 1328 2625 secundis
1351 2594 1493 2624 eandem
1523 2595 1759 2635 conjecturam

1057 2645 1233 2685 amplexus
1252 2649 1303 2675 est
1324 2644 1366 2675 de
1383 2644 1515 2676 Pirenes
1531 2644 1635 2686 jugis,
1655 2655 1756 2686 quam

1056 2705 1118 2736 ego
1133 2696 1298 2726 hactenus
1314 2704 1436 2735 sequor
1449 2706 1456 2726 :
1475 2704 1553 2726 cum
1566 2699 1682 2727 tamen
1693 2705 1758 2727 nec

1055 2745 1112 2777 ille
1126 2755 1250 2785 meam,
1275 2755 1337 2777 nec
1363 2745 1434 2786 ejus
1460 2755 1524 2786 ego
1550 2746 1757 2778 sententiam

1054 2806 1158 2839 super
1178 2797 1243 2829 hoc
1268 2797 1344 2829 loco
1375 2797 1590 2839 exploratam
1617 2796 1756 2829 habere-

1787 311 1791 315 s
1834 240 1851 371 1
