1851 3213
296 190 410 232 1142
742 203 817 233 cn.
851 201 1133 232 CLAUDIAM
1167 201 1307 231 bxvi.

958 346 1098 379 NOTAE

294 419 440 460 Phoebe,
454 421 501 452 Te
518 430 611 452 meus
630 428 740 460 arcus,
759 422 806 452 ait
820 420 841 451 :'
864 421 996 462 Cupido
1052 430 1117 461 que
1135 420 1219 451 adeo
1237 430 1340 461 genns
1356 421 1389 451 in
1405 420 1505 452 terris
1516 419 1756 461 hominumque

294 472 439 504 scilicet.
1051 470 1281 511 ferarumque,
1294 472 1339 502 Et
1357 482 1461 512 genus
1480 480 1685 512 aequoreum,
1700 479 1760 510 pe-

335 520 563 563 Ὠκυπόροισιν]
588 520 694 553 Amor
713 521 839 553 dicitnr
859 521 960 552 etiam
978 531 998 553 a
1051 521 1170 561 eudes,
1196 522 1368 563 pictaeqne
1398 523 1566 561 volucres,
1592 521 1632 552 In
1653 519 1758 551 furias

296 572 422 604 Nonno
437 572 638 614 ποντοπόρος,
654 578 688 603 et
706 583 724 603 a
736 573 870 604 Musaeo
884 574 999 604 πανδα-
1055 572 1238 613 ignemque
1288 578 1390 604 ruunt
1407 584 1415 603 ι
1465 581 1560 603 amor
1601 569 1758 603 omnibus

295 621 410 665 μάτωρ,
426 625 527 656 omnia
540 626 679 656 domans.
702 624 890 665 Virgilius:
914 625 999 656 ‘Us-
1056 623 1172 656 idem.’

937 833 1134 881 LXVI.

608 1014 677 1056 16.
746 1014 827 1052 ΕΙΣ
854 1015 1080 1055 ΜΙΜΑΔΑ
1108 1015 1446 1057 ΪἩΡΑΣΑΣΑΝ.

352 1133 519 1187 Μαχλὶις
539 1136 816 1185 ἐϋκροτὰλοισιν
835 1136 1079 1175 ἆνευᾷἓουσα
1098 1139 1276 1186 χορείαις,

349 1198 500 1248 Δίέυγα
520 1202 792 1249 παλλομένοισι
812 1203 1018 1250 τινάγμασι
1046 1200 1194 1250 χαλκὸν
1214 1200 1386 1248 ιἰράσσει,

349 1262 424 1307 Τῆς
442 1264 512 1315 μὲν
531 1265 769 1302 ὑποκλὲπτων
789 1265 925 1308 πολιὴν
944 1267 1055 1314 τρίχα
1075 1267 1230 1310 γείτονα
1249 1268 1390 1315 μοίρης,

350 1327 569 1379 Ἠλεμάτοις
588 1331 711 1368 ἀκτῖσι
730 1331 967 1379 χαράσσεται
986 1327 1149 1377 ὄμματος
1169 1325 1277 1377 αὔρη.

665 1491 723 1529 IN
755 1491 953 1528 MIMAM
982 1490 1396 1528 SENESCENTEM.

714 1598 1108 1630 INTERPRETATIO
1132 1597 1346 1629 POETICA

645 1673 786 1704 Festivas
809 1673 968 1704 celebrans
990 1673 1098 1703 mulier
1121 1672 1235 1702 lasciva
1256 1671 1394 1709 choreas,

646 1716 729 1746 Bina
751 1715 924 1746 coruscanti
947 1715 1049 1755 quatit
1073 1725 1138 1745 (ενα
1160 1714 1303 1745 sonantia
1325 1716 1422 1753 motu,

641 1758 812 1789 Finitimos
834 1758 930 1789 morti
952 1759 1082 1788 condens
1104 1757 1159 1788 sub
1182 1757 1298 1788 vertice
1320 1766 1419 1787 canos.

642 1800 714 1841 Ipse
736 1800 816 1832 oculi
838 1811 934 1841 vapor
956 1801 1075 1832 intuitu
1096 1801 1240 1840 signatur
1263 1799 1367 1830 inani.-

739 1887 756 1918 Ι
764 1886 1137 1918 NTERPRETATIO
1163 1884 1323 1917 PROSA

345 1949 511 1981 Meretrix
527 1950 658 1982 crotalo
675 1950 913 1982 resonantibus
930 1950 1061 1982 choreis
1078 1950 1293 1999 tripudians,
1301 1949 1428 1990 duplex
1441 1947 1583 1980 vibratis
1599 1949 1770 1981 concussi-

300 1992 361 2024 bus
385 2002 429 2024 aes
450 1994 572 2035 quatit,
605 1995 782 2026 occultans
804 1994 940 2036 quidem
966 2003 1068 2025 canos
1093 1994 1206 2024 crines
1229 1992 1357 2024 vicinos
1388 1991 1513 2031 morti;
1545 1991 1641 2023 vanis
1662 1991 1767 2024 radiis

914 2087 1150 2099 eeeeeeeeeee

343 2145 362 2173 3
397 2142 488 2175 Κτεῖς
503 2154 564 2184 pro
579 2145 640 2182 Τῆς
656 2144 759 2177 Gesn.
778 2150 813 2176 et
830 2145 884 2177 ed.
912 2145 1137 2186 Bipont.T-?15
1152 2149 1266 2176 autem
1284 2143 1405 2176 Heius.
1422 2144 1508 2176 Post
1523 2144 1612 2176 hunc
1628 2153 1766 2176 versum

298 2186 420 2218 inserit
436 2187 487 2218 Cl.
506 2187 665 2219 Reiskius
683 2198 751 2230 seq.
776 2188 867 2220 Κτεὶς
881 2187 1008 2229 Reimea,
1022 2188 1157 2227 μολίβου
1171 2190 1253 2219 παῖς·
1290 2188 1348 2226 ἤδη
1364 2188 1389 2218 δ’
1405 2187 1599 2228 ἂχλυόεσσιι.
1603 2190 1666 2218 -4
1690 2187 1767 2228 αὔρη

301 2228 419 2261 Heius
442 2229 523 2270 αὐγὴ
537 2231 635 2263 Jens.
658 2231 758 2272 (ιν-γὴν
773 2232 890 2264 Reisk
907 2233 1011 2265 Gesn.
1028 2236 1064 2264 et
1078 2231 1132 2264 ed.
1152 2232 1291 2272 Bipont.

963 2327 1109 2361 NOTAE

343 2401 364 2430 2
386 2398 529 2440 Χαλκὸν]
564 2401 833 2436 Instrumentum
867 2405 1005 2447 aliquod
1061 2404 1136 2445 bus,
1151 2403 1274 2446 quibus
1290 2413 1325 2435 se
1341 2403 1467 2435 bellam
1478 2406 1514 2435 et
1528 2402 1679 2444 lepidam
1696 2411 1768 2435 cre-

302 2459 345 2482 ex
371 2460 439 2482 aere
469 2453 641 2494 quatiens,
664 2460 701 2486 ut
729 2456 1006 2497 tintinnabulum,
1062 2455 1161 2486 deret
1175 2455 1278 2485 mima
1294 2464 1408 2486 senex.

302 2501 504 2542 cymbalum,
520 2502 623 2544 idque
636 2504 846 2545 duplex‚aut
861 2508 1007 2548 gemina·
1104 2506 1201 2547 Αὕρη]
1237 2507 1354 2546 Vapor
1383 2515 1426 2536 ex
1453 2505 1561 2536 oculis
1587 2498 1680 2536 forte
1703 2504 1768 2545 lip-

301 2551 346 2582 tis
383 2551 461 2583 hinc
500 2553 580 2584 inde
617 2557 795 2588 crusmatis
825 2568 1007 2598 resonans;
1062 2556 1329 2599 pientibus,nisi
1346 2555 1444 2587 fucus
1461 2555 1622 2595 corrigat,
1636 2553 1770 2594 exiens,

302 2602 415 2642 qualia
440 2613 507 2634 non
531 2614 606 2636 raro
633 2606 793 2638 videntur
815 2608 848 2638 in
872 2609 1006 2641 histrio·
1062 2613 1121 2640 aut
1147 2608 1266 2639 saltem
1294 2607 1328 2637 in
1356 2606 1546 2637 vetularum
1572 2605 1678 2636 oeulis
1694 2613 1768 2636 esse

302 2661 382 2684 num
398 2654 563 2687 manibus.
1060 2659 1189 2691 solitus.
1237 2657 1342 2690 Quasi
1371 2656 1483 2687 Poeta
1506 2655 1651 2694 diceret,
1665 2654 1768 2686 mima

346 2707 367 2735 4
388 2703 520 2746 Ἀκτῖσι]
549 2707 668 2739 Radiis
683 2717 744 2740 seu
760 2709 855 2741 vanis
871 2710 1006 2752 quibus·
1059 2719 1164 2741 senex
1181 2718 1216 2740 se
1230 2707 1404 2750 pulchram
1428 2710 1538 2748 putat,
1554 2705 1633 2737 dum
1649 2705 1716 2737 huc
1730 2706 1767 2736 et

303 2753 382 2787 dam
408 2756 601 2800 inmitibus,
623 2762 684 2792 aut
707 2760 882 2793 oculorum
907 2762 1006 2795 moti·
1059 2761 1141 2794 illuc
1151 2759 1290 2793 mobiles
1303 2758 1411 2791 volvit
1422 2755 1770 2798 oculos‚instarpuel·
