1852 3182
421 210 482 240 DE
515 210 662 239 NUPT.
695 210 880 241 HONOR.
915 213 973 242 ET
1007 214 1128 245 MAR.

94 309 154 338 104
181 306 296 346 Orbes]
329 306 470 337 Rotnlas
498 309 532 335 et
556 304 663 344 spiras
695 315 748 335 eo-

49 366 190 388 marnm.
231 356 424 387 Martialis:
451 357 459 371 ‘
480 355 574 385 t'nns
604 354 645 384 de
675 360 747 385 toto

50 412 253 446 peccaverat
269 406 349 437 orbe
376 413 546 435 comarum
579 403 748 442 Anninus,

47 454 178 488 incerta
210 466 274 487 non
301 456 384 486 bene
411 454 498 484 fixus
529 454 612 484 acu?
650 454 747 485 [ude

48 512 147 546 paret
164 517 220 538 eos
237 506 336 537 orbes
364 505 490 536 acubus
518 503 655 535 suffixos
684 504 748 534 siu-

49 557 136 597 gnlis
151 557 348 588 sustinuisse
367 564 449 585 sese.
481 554 597 585 Barth.

91 610 151 638 105
175 606 320 638 Studiosa
349 604 536 644 relinquens]
591 605 749 644 Rclinquit

48 661 125 688 tert.
156 657 340 687 Vaticanus
357 659 391 685 et
414 661 545 694 septem
564 655 631 686 alii.
649 655 747 695 prim.

45 706 157 737 Vane.
175 716 250 738 cnm
266 705 397 736 dnobus
411 705 485 735 aliis
501 716 528 735 r<
537 705 640 744 liquit.
657 706 747 735 reliu-

44 756 96 795 qui
113 756 294 796 legendum
328 761 423 796 puto,
453 756 602 796 eleganti
618 756 747 787 Graeci-

43 815 123 836 smo.
148 806 191 837 D.
209 806 323 837 Heins.
683 812 685 815 ’

87 858 150 887 106
173 855 264 895 Plus]
290 856 412 895 Magis,
436 856 592 896 amplius.
621 861 654 886 et
684 860 746 886 tes-

43 910 151 936 tatum
173 906 396 946 scriptoribus
415 916 562 936 errorem
583 906 673 936 illum
692 916 746 937 co-

41 965 106 986 mae
132 956 319 995 muliebris,
352 966 417 986 non
449 956 674 997 undequaque
692 967 747 987 cx-

42 1013 119 1038 acte
137 1007 591 1048 compositae,decentiorem
618 1009 747 1049 haberi,

41 1058 116 1098 ipsa
133 1060 388 1090 accuratissima
404 1059 593 1097 diligentia.

86 1108 211 1148 Speculi
233 1119 286 1138 nec
301 1110 403 1138 vultus
417 1109 541 1147 egebat]
565 1109 574 1125 ‘
590 1109 678 1140 Quia
697 1114 745 1140 to-

42 1161 75 1188 ta
88 1162 163 1188 erat
178 1157 297 1188 domus
311 1158 529 1198 crystallina.’
553 1159 670 1190 Barth.

87 1210 149 1238 108
176 1208 219 1237 Et
235 1207 359 1247 rapitur
372 1217 547 1248 quocunque
564 1208 665 1248 ridet]
687 1209 745 1239 Sic

40 1256 194 1296 Scaliger
219 1261 320 1296 pater
336 1257 430 1288 libris
454 1257 497 1288 de
519 1257 571 1288 Re
591 1257 745 1296 Potitum,

42 1306 215 1345 Bartliins,
239 1306 361 1346 Aldus,
389 1312 423 1338 ct
439 1307 559 1347 scripti
577 1307 747 1347 meliores,

41 1367 107 1388 non
123 1359 332 1397 quodcunque.
358 1359 401 1389 D.
415 1358 537 1389 Heins.

87 1409 130 1438 Et
145 1409 267 1448 rapitur
278 1410 472 1448 qaodcunque
488 1408 586 1448 videt]
610 1409 666 1439 Dc
691 1419 744 1440 so-

39 1459 72 1489 lo
88 1460 184 1490 vultu
200 1460 345 1490 Veneris
364 1469 477 1490 sermo
495 1464 562 1498 est,
579 1460 636 1500 qni
653 1469 746 1500 crys-

40 1510 167 1541 tallinis
181 1515 238 1540 ant
256 1510 419 1550 gemmeis
441 1510 676 1550 specularibus
694 1520 745 1540 ra-

36 1561 147 1600 pitur,
163 1570 368 1602 quocunque
384 1569 457 1591 sese
473 1561 679 1592 collustrare
694 1561 744 1592 in-

42 1611 147 1642 sistit.

98 1660 246 1701 Singula]

40 1711 160 1742 Barth.

84 1764 146 1793 109
170 1760 304 1800 Probat]
350 1760 469 1800 Exigit
496 1760 538 1791 ad
557 1760 745 1801 speculum.

41 1811 218 1852 Explorare
234 1815 334 1842 vocat
352 1809 533 1841 Ausonius.
558 1811 656 1842 Idem.

85 1865 147 1893 110
169 1860 332 1892 Ambrosio
359 1860 443 1900 sinu]
469 1861 658 1901 Fragrante
686 1861 746 1891 im-

42 1911 262 1942 mortalitatis
301 1910 517 1941 suavitatem.
556 1910 742 1949 Virgilius:

39 1962 48 1978 ‘
65 1961 327 2001 Ambrosiaeque
360 1969 465 1991 comae
490 1960 642 1991 divinum
670 1970 745 1992 ver-

0 2041 1 2044 ,
42 2011 110 2042 tice
124 2011 261 2041 odorem
276 2009 483 2050 Spiravere.'
506 2010 604 2041 Idem.

86 2064 146 2092 111
174 2060 259 2095 Quid
280 2063 402 2091 tantum
427 2059 571 2099 gavisus]
610 2061 748 2101 Melius,

45 2112 132 2148 Quid
145 2112 286 2150 gavisus,
302 2112 360 2149 ait,
377 2113 497 2140 tantum
511 2107 526 2141 ,⁹
551 2110 660 2141 Idem.

88 2163 168 2198 Quae
194 2162 306 2202 praelia
338 2162 444 2201 sudas]
487 2160 654 2191 Prudent.
681 2161 744 2192 Ca-

42 2213 286 2254 them.Hymn.
304 2222 343 2244 11.
375 2215 383 2230 ‘
402 2214 560 2253 ansque
582 2213 659 2243 dnm
687 2214 743 2243 lux

42 2269 200 2305 surgeret
233 2263 378 2294 Sudavit
408 2264 519 2302 impar
566 2262 744 2302 praelium!

44 2315 92 2346 sic
125 2314 216 2346 euim
242 2314 439 2345 Puteaneus
469 2313 629 2353 optimus.
667 2322 742 2353 quae

45 2374 128 2396 vera
142 2365 257 2396 lectio.
271 2363 472 2404 alii‚proelio.
497 2364 542 2393 D.
561 2362 678 2393 Heins.

88 2419 149 2448 11³
172 2416 331 2455 Sidonias]
365 2416 448 2447 Cum
487 2415 657 2455 Europam
693 2423 744 2445 ra·

45 2467 132 2507 pnit,
148 2471 236 2497 notae
255 2465 403 2497 fabellae.
426 2466 543 2496 Barth.

87 2515 256 2556 Juvencas]
280 2516 355 2547 Hoc
370 2516 417 2547 ait
431 2521 572 2556 propter
584 2516 745 2554 Taurum,

46 2577 145 2608 quem
160 2567 310 2608 Jupiter,
324 2568 476 2608 Europes
493 2575 607 2597 amore
633 2566 746 2597 incen-

49 2627 116 2654 sus,
132 2617 252 2648 induit.
279 2618 401 2648 Delrio.

93 2670 154 2699 114
178 2669 353 2700 Pastor-alia
368 2669 504 2709 Lunam]
541 2669 581 2699 In
599 2679 674 2709 quae
692 2678 747 2699 an-

48 2721 103 2748 tra
126 2726 241 2748 amans
271 2717 515 2757 Eudymionem
546 2719 641 2748 Luna
662 2718 747 2748 coelo

47 2767 265 2800 descendisse
281 2767 490 2809 perhibetur.
535 2769 622 2800 Eum
645 2767 750 2800 homi·

305 1661 520 1692 ornamenta
563 1670 744 1692 comarum.

1387 215 1499 256 1:375

798 316 873 337 nem
905 307 1092 348 principem
1129 311 1230 341 Lnnae
1257 313 1349 343 sidu<
1383 317 1496 349 obser-

799 365 905 395 vasse,
931 362 963 387 et
982 357 1132 388 rationes
1157 360 1228 399 ejus
1245 361 1409 402 docuisse,
1426 369 1495 405 qni-

800 406 860 436 bus
884 407 956 446 ipse
974 407 1188 439 addiscendis
1219 418 1306 441 xxx.
1330 422 1432 443 annos
1452 417 1497 446 in-

797 463 974 495 sumserat‚
989 458 1099 499 obque
1116 469 1189 490 eam
1204 469 1337 491 causam
1356 471 1416 501 pro
1435 465 1497 495 Ln-

798 515 850 536 nae
878 509 1003 538 amasio
1021 509 1172 540 habitum
1201 509 1393 552 fabulisqne
1426 523 1500 553 pro-

798 557 980 588 clamatum
1037 560 1153 599 prodit
1209 566 1306 592 vetus
1352 563 1499 603 scriptor

798 606 969 637 Mnaseas.
995 609 1113 640 Barth.

843 660 901 688 115
929 659 1045 698 stulta]
1081 661 1213 691 Larmia
1241 672 1336 699 saxa,
1361 662 1499 694 deoscu-

799 708 887 738 landi
906 709 1125 748 Endymionis
1138 720 1230 751 ergo.
1257 712 1380 743 Dclrio.

843 761 903 789 119
927 760 1062 799 Ducem]
1086 761 1316 792 Stilichonem.

844 810 992 850 Cuspide]
1019 811 1137 850 Hasta,
1160 821 1217 842 seu
1237 819 1383 852 sceptro.
1423 815 1496 846 Etsi

797 861 885 890 enim
912 861 1130 893 Stilichonem
1158 872 1328 903 nunquam
1361 865 1500 905 Regem,

798 920 936 941 uxorem
955 912 1027 951 ejus
1052 918 1165 942 tamen
1187 913 1347 953 Reginam
1372 916 1498 956 aliquo-

798 960 859 989 ties
877 961 1030 999 appellat
1055 962 1395 995 Claudiunnsnoster.
1444 965 1499 996 Id-

797 1019 862 1049 que
881 1010 956 1039 ideo
980 1011 1058 1050 qnia
1084 1011 1279 1051 adoptatam
1303 1014 1407 1044 videri
1427 1015 1499 1046 vnlt

798 1068 816 1088 a
843 1059 1047 1090 Theodosio.
1102 1062 1246 1092 Veteres
1278 1073 1357 1093 vcro
1386 1064 1498 1103 Reges

796 1109 901 1139 hastis
915 1110 988 1141 vice
1004 1117 1216 1151 sceptrorum
1235 1114 1430 1145 utebantur.
1454 1116 1498 1145 Et

795 1160 892 1191 hasta
923 1161 1051 1192 tradita
1088 1162 1217 1203 signum
1255 1169 1329 1195 erat
1359 1165 1499 1205 Imperii

795 1219 960 1241 concessu.

841 1261 948 1291 Gallos
971 1262 1168 1304 Italiamque]
1205 1263 1396 1296 Praefectus
1425 1270 1499 1297 erat

797 1313 913 1343 tutelae
940 1313 1139 1344 Occidentis
1167 1315 1323 1354 Stilicho,
1348 1316 1406 1346 sed
1428 1317 1499 1347 Ita-

796 1364 874 1393 liam
890 1368 924 1394 et
942 1363 1087 1395 Galliam
1103 1365 1287 1397 nominavit
1304 1376 1376 1406 prae
1395 1372 1499 1398 caete-

795 1413 839 1443 ris
865 1413 1045 1453 provinciis
1073 1415 1143 1455 ejus
1174 1416 1390 1456 Claudianus,
1419 1427 1500 1459 qno-

795 1463 885 1494 niam
913 1464 1066 1495 crebrius
1096 1470 1130 1496 ct
1158 1466 1303 1497 atrocius
1331 1472 1462 1499 vexatae
1480 1478 1500 1498 a

796 1514 949 1545 barbaris
965 1526 971 1545 :
991 1515 1078 1546 unde
1095 1521 1300 1547 assertarnm
1318 1518 1422 1558 major
1435 1518 1500 1549 Sti-

794 1565 918 1596 lichoni
936 1566 1052 1605 gloria.
1084 1566 1197 1598 Barth.

840 1617 898 1644 121
928 1615 1074 1655 Propera.
1099 1615 1254 1654 regalibus
1277 1626 1377 1646 annue
1406 1616 1500 1657 votis]

795 1664 1002 1695 Concinnins
1019 1665 1260 1705 legas,propere
1275 1666 1432 1705 regalibus
1447 1677 1500 1697 an·

794 1723 852 1744 nue
867 1714 956 1746 cotis.
980 1715 1135 1754 proximo
1156 1724 1251 1745 versu
1265 1716 1370 1753 «Iunge
1385 1718 1506 1755 lorum,

794 1773 860 1794 non
876 1767 972 1804 toros,
988 1765 1086 1804 print.
1100 1765 1215 1796 Vatic.
1240 1771 1275 1796 et
1292 1765 1501 1798 Pricaeauus.

795 1823 874 1844 mox
895 1823 979 1845 cave
1002 1814 1140 1845 codices
1158 1814 1285 1854 audias,
1302 1815 1334 1845 in
1359 1825 1499 1856 quorum

796 1863 967 1904 plerisque
994 1864 1106 1902 refut-it
1138 1874 1199 1904 pro
1226 1865 1367 1896 removit.
1419 1866 1500 1898 Jam

796 1914 886 1944 enim
909 1918 1025 1944 natum
1051 1915 1180 1954 gremio
1202 1914 1319 1945 Venus
1344 1915 1500 1947 foverat:

796 1973 885 1994 nunc
917 1963 1025 1994 sotum
1058 1968 1221 1995 removet«
1247 1965 1337 1996 aliud
1368 1970 1499 1997 actura.

799 2015 845 2045 D.
863 2014 977 2045 Heins.

845 2064 948 2104 Votis]
974 2065 1122 2105 Nuptiis.
1148 2065 1263 2097 Barth.

842 2118 902 2146 123
945 2114 1145 2155 Peptumque]
1193 2115 1281 2145 Vide
1309 2115 1502 2156 Pollucem,

797 2166 817 2196 l.
832 2168 962 2196 vu.13.
997 2165 1092 2196 Idem.

842 2218 903 2246 124
928 2216 1050 2246 Blando
1071 2215 1240 2255 spirantem
1264 2214 1402 2255 numine]
1437 2214 1501 2246 Ca-

796 2266 921 2297 lentem
938 2265 1093 2295 nimirum
1111 2264 1221 2295 adhuc
1238 2263 1281 2294 de
1302 2264 1417 2295 cinctu
1434 2264 1501 2295 Ve-

798 2316 901 2346 neris.
929 2315 1028 2345 Idem.

840 2363 902 2395 125
928 2364 1078 2405 Impulsos
1094 2363 1221 2404 fluviis]
1241 2364 1426 2394 Torrentes
1451 2362 1500 2393 di-

798 2416 854 2447 cit.
886 2416 986 2446 Idem.

841 2469 903 2497 126
939 2465 1085 2505 [rataque
1117 2463 1269 2504 flumina]
1319 2463 1498 2503 Philippus

799 2517 971 2550 Rubenius
991 2516 1130 2553 fulmina
1159 2515 1375 2547 scribendum
1403 2513 1501 2552 vidit,

799 2568 852 2599 cui
867 2566 1120 2598 subscribimus.
1145 2565 1270 2596 Solvere
1284 2568 1334 2594 est
1352 2564 1382 2593 in
1397 2561 1500 2592 molli-

799 2616 1148 2658 tiem,placiditat‹›m‚
1161 2616 1382 2654 voluptatem,
1393 2617 1499 2642 trans-

800 2669 892 2700 dere.
918 2668 1014 2698 Idem.

844 2718 991 2749 flumina
1018 2715 1124 2754 solt-it]
1163 2713 1258 2745 Ferri
1287 2720 1352 2742 non
1384 2713 1498 2750 potest

800 2768 872 2800 liaec
887 2766 1003 2798 lectio.
1024 2764 1160 2796 amnium
1180 2762 1266 2793 enim
1287 2761 1361 2801 jam
1381 2759 1497 2791 memi-
