1852 3182
344 192 521 224 PANEG.
553 189 603 219 ΙΝ

59 290 137 322 ideo
150 289 274 325 mollis,
290 287 365 327 quia
387 283 506 314 abinde
522 282 666 312 sericum
687 282 755 311 talc

57 338 323 375 detondebatur?
338 333 466 365 Alludit
477 333 630 363 crebram
642 341 758 371 asper-

57 393 182 422 sionem
199 398 307 429 aquae,
329 396 393 426 qua
410 385 553 414 materia
569 383 677 423 stipiti
692 384 756 412 lize-

57 451 133 472 rens
150 438 373 473 molliebatur,
386 440 421 464 ut
435 433 558 464 deduci
575 433 757 472 depective

58 496 182 532 posset.
227 488 314 519 Pliu.
332 485 451 515 lil).v1.
469 494 545 524 cap.
574 487 622 514 17.
659 486 667 500 4
684 483 758 513 Ρι·ἰ-

58 541 102 571 mi
120 545 198 571 sunt
219 536 384 567 hominnm
415 534 471 574 qui
498 537 684 564 noscuntur
701 534 757 563 Se-

57 601 127 627 res;
141 588 257 621 lanitio
269 587 426 617 silvarum
436 584 576 622 nobiles,
586 583 756 624 perfusam

56 652 143 683 aqua
156 641 377 680 depectentes
394 636 562 667 frondium
581 636 758 670 canitiem,

57 692 144 723 unde
161 690 311 730 geminus
328 688 473 718 t'oemiuis
501 687 622 717 nostris
651 686 757 724 labor,

56 738 272 772 redordiendi
295 736 363 774 fila,
386 745 586 776 rursumque
604 741 758 765 retexen-

56 791 112 823 di.'
136 790 222 820 Vide
246 794 282 820 et
306 788 473 819 Ammian.
499 787 555 818 lib.
581 795 692 817 xxm.
718 791 753 816 et

54 840 157 872 Solin.
176 850 205 870 c.
222 842 274 870 53.
302 839 394 870 Burt.

101 891 240 922 Tomlent
264 890 302 919 (lc
317 888 427 928 stipite
442 887 546 928 Seres]
592 886 647 917 Ita
676 896 752 916 cuin

54 940 202 981 vulgatis
230 948 345 970 omnes
374 938 479 969 nostri
507 941 633 977 praeter
657 945 758 966 uuum

55 990 250 1022 Mediceum
279 993 314 1019 et
340 988 545 1026 Palatinum,
575 987 606 1017 in
638 986 759 1027 quibus

55 1041 188 1081 cespite:
215 1039 304 1081 quod
329 1038 457 1069 frustra
486 1037 648 1077 probatur
677 1036 759 1065 Bar-

58 1092 138 1122 thio.

99 1144 157 1172 181
184 1141 228 1170 Et
252 1141 376 1178 long-mn
403 1142 508 1169 tenues
537 1135 761 1175 tractus‚'25·c.]

57 1192 162 1224 Dicas
178 1191 292 1221 videre
312 1194 357 1227 te,
385 1194 421 1219 nt
438 1189 500 1219 lioc
519 1186 667 1218 confiat:
694 1196 760 1217 non

55 1246 192 1284 poterat
229 1240 422 1272 melioribus
455 1239 566 1269 verbis
603 1237 763 1268 describi.

55 1294 183 1324 Aurum
202 1297 344 1323 tenuare
362 1291 394 1320 in
418 1290 569 1320 lamellas
587 1287 764 1319 subtilissi-

56 1353 138 1382 mas,
154 1341 243 1373 unde
270 1341 391 1371 decisae
418 1339 548 1370 lineolae
571 1337 763 1377 circumpli-

57 1399 179 1424 cantur
196 1392 272 1431 filis,
293 1400 482 1422 concrescere
506 1389 758 1429 elegantissime

57 1442 145 1474 dixit
163 1442 380 1473 Claudianus.
406 1441 524 1471 Barth.

103 1496 163 1524 182
189 1493 338 1522 Concreto
355 1490 490 1529 metallo]
527 1490 582 1521 Ita
606 1490 694 1520 euim
712 1499 762 1519 ar-

59 1544 202 1576 tificiose
219 1553 336 1574 aurum
353 1543 480 1573 circum
505 1542 561 1571 fila
578 1541 686 1571 serica
703 1540 762 1570 du-

60 1597 161 1634 citur,
178 1600 215 1626 ut
233 1595 281 1625 ita
306 1599 435 1631 natum,
463 1603 526 1624 uec
542 1593 639 1622 aliam
658 1596 763 1622 mate-

59 1647 142 1678 riam
161 1650 280 1685 tegere
299 1644 469 1675 videatur.
510 1643 647 1673 Pariter
664 1642 763 1672 Cata-

60 1695 209 1738 phractis
244 1694 339 1735 equis
371 1697 551 1731 cognatum
590 1691 765 1722 metallum

60 1746 200 1786 addicit,
218 1755 261 1777 11.
288 1745 322 1775 in
351 1744 532 1775 Rufinum:
558 1743 566 1760 ‘
583 1742 705 1774 credas
723 1741 765 1771 si-

60 1798 211 1830 mulacra
229 1796 357 1828 moveri
385 1797 524 1834 Ferrea,
551 1799 764 1835 cognatoque

61 1849 151 1879 viros
167 1848 296 1888 spirare
310 1845 472 1877 metallo)
498 1845 614 1877 Barth.

103 1898 269 1939 Squalere]
292 1897 382 1928 Vide
396 1897 543 1928 Gellium
555 1896 613 1927 lib.
632 1904 672 1926 11.
691 1895 766 1926 Ma-

62 1949 157 1980 crob.
171 1948 228 1979 lib.
248 1957 296 1978 vl.
314 1957 389 1986 cap.
407 1949 438 1977 7.

107 2001 167 2029 184
193 1996 380 2028 Numinibus
407 1997 529 2027 Latona
555 1994 634 2033 suis]
660 1994 713 2024 Ex
731 2003 767 2024 se

62 2048 162 2080 natis.
208 2049 315 2078 Erant
334 2047 450 2078 statim
477 2047 613 2077 numina
640 2056 714 2076 cum
733 2046 765 2075 in

61 2099 167 2130 vitam
185 2097 378 2138 prodirent:
403 2106 466 2127 nou
483 2096 658 2136 pervitam
685 2104 770 2125 mor·

64 2148 180 2187 talem,
204 2146 343 2178 fortiter
369 2146 527 2176 faciendo
549 2155 631 2186 opus
669 2144 770 2175 habe-

66 2199 150 2230 bant
167 2199 285 2230 caelum
311 2198 501 2238 acquirere,
524 2201 562 2226 ut
591 2195 770 2234 Hercules,

65 2250 188 2291 aliique
205 2248 358 2279 nonnulli
372 2248 468 2280 Jovis
483 2246 554 2277 filii.
580 2246 624 2276 Et
637 2246 700 2276 hoc
715 2255 770 2276 vo-

67 2301 127 2332 luit
142 2300 317 2332 Claudian.

109 2350 277 2390 Redirent]
294 2349 432 2380 Venatu
444 2351 477 2379 et
488 2350 685 2388 serpentum
698 2355 771 2386 per-

69 2401 283 2442 sequutione.
314 2399 428 2430 Barth.

110 2454 169 2483 185
193 2452 268 2482 Jam
284 2460 342 2481 non
354 2448 510 2488 errantia]
529 2449 668 2479 Latonae
682 2446 771 2477 enim

68 2507 184 2543 partus
198 2502 320 2533 fixerat
336 2501 477 2531 insulam
494 2504 632 2530 eatenus
648 2497 771 2529 fiuctu-

70 2558 192 2584 antem.
218 2553 338 2584 Senec.
366 2551 471 2582 Herc.
501 2551 641 2581 Furent.
662 2551 671 2566 ‘
691 2548 772 2581 Qui-

68 2602 195 2643 busque
224 2603 310 2634 natis
351 2601 485 2633 mobilis
518 2601 620 2632 tellus
651 2598 772 2630 stetit!

69 2653 191 2685 Barth.

117 2705 178 2733 186
203 2703 262 2733 lna
277 2702 364 2740 feros
378 2702 490 2743 saltus]
515 2702 604 2733 Foris
618 2701 704 2741 legit
725 2701 772 2731 in-

73 2751 243 2792 dubitata,
271 2756 310 2783 ut
336 2752 407 2794 ipse
434 2756 546 2794 putat,
572 2751 773 2793 conjectura

639 188 777 218 PROB.
812 186 870 216 ΕΤ
903 187 1046 215 OLYss.
1077 185 1215 215 CONS-

1394 176 1507 218 1225

809 281 982 312 Barthins.
1021 280 1320 317 Sedjerosmontes,
1333 279 1508 319 Virgilius,

811 332 925 369 Eclog.
944 342 973 362 v.
1001 330 1158 361 dixerat:
1191 331 1199 346 ⁴
1220 333 1420 368 montesque
1446 329 1509 360 feri

807 383 968 422 silv-<eque
990 379 1198 422 loquuntur!
1246 379 1339 409 Naso
1364 378 1394 407 in
1422 378 1510 417 Ibin,

807 434 815 448 ‘
832 432 965 472 Perque.
984 433 1072 462 feros
1089 435 1221 461 montes
1239 433 1337 459 tauro
1354 427 1509 468 rapiente

809 483 977 513 traharis)
1003 484 1045 513 Ι).
1066 481 1175 512 Heius.

852 536 911 563 187
937 533 1066 563 Lussato
1104 530 1198 561 curtis
1224 528 1386 560 venatibus
1423 529 1511 569 arcu]

809 583 865 612 Sic
897 582 1032 613 codices
1062 581 1240 620 plerique:
1271 579 1409 618 optime.
1457 578 1512 608 In-

808 634 899 664 sulse
922 634 1020 673 vulgo
1049 633 1192 662 Cretum:
1218 630 1305 660 unde
1330 630 1511 670 pharetram

808 685 858 714 vir
885 684 1013 714 doctus.
1061 681 1236 713 Claverius
1264 690 1304 709 ex
1338 690 1396 710 suo
1427 678 1513 710 libro

807 738 938 766 centum.
986 734 1056 765 Nos
1085 742 1196 763 veram
1223 731 1405 761 lectionem
1422 729 1514 760 exhi-

810 786 935 815 bemus.
980 784 1035 814 Sic
1070 784 1078 800 ‘
1094 789 1190 814 certa
1214 782 1361 812 Phoebus
1386 780 1514 819 sagitta

809 834 1012 866 metuendus
1028 833 1035 845 ¹
1061 833 1218 864 Horatio.
1234 832 1430 863 Priscianus
1447 831 1515 862 Pe-

810 886 944 924 riegesi,
979 886 987 901 ‘
1005 885 1100 915 Saea*
1126 884 1279 914 nimirum
1308 883 1410 914 certis
1429 891 1513 921 gens

810 940 906 966 certa
920 934 1077 973 sagittis-l
1108 935 1253 965 ‘Certus
1270 933 1402 964 mucro‘
1422 931 1511 973 apud

811 989 962 1015 nostrum
980 985 1065 1015 libro
1085 993 1107 1015 1.
1124 985 1156 1014 iu
1173 985 1316 1024 Eutrop.
1340 985 1348 1000 ‘
1364 983 1514 1014 Advolat

811 1035 991 1065 Armenius
1009 1040 1105 1065 certo
1128 1044 1288 1065 mucrone
1319 1034 1444 1063 recisos
1472 1033 1516 1063 E-

812 1085 932 1115 doctus
963 1085 1094 1115 mollire
1125 1084 1256 1114 mares.'
1313 1084 1440 1113 Noster
1473 1082 1516 1113 de

811 1136 983 1175 Scipione,
999 1138 1007 1152 ‘
1021 1135 1140 1175 Tyrias
1153 1139 1248 1164 certa
1261 1132 1432 1163 fracturus
1445 1141 1518 1163 cus-

814 1186 893 1227 pide
909 1186 998 1217 vires
1013 1185 1032 1216 :¹
1058 1189 1093 1216 et
1111 1186 1152 1216 de
1179 1194 1260 1215 arcu
1279 1184 1370 1220 alibi,
1394 1184 1402 1200 ‘
1418 1182 1520 1213 certi-

814 1247 878 1278 que
895 1237 1024 1277 petitor
1039 1236 1212 1273 Vulneris,
1228 1235 1407 1275 etjnssum
1425 1242 1518 1264 men-

815 1288 871 1319 tiri
909 1287 1043 1318 nescius
1082 1285 1210 1317 ictum!
1257 1285 1361 1316 Ovid.
1399 1283 1520 1316 Amor.

814 1337 873 1368 lib.
892 1346 946 1368 ιιι.
970 1337 1022 1367 El.
1041 1346 1092 1367 lx.
1117 1335 1279 1366 ‘Viderat
1297 1335 1424 1365 Iasium
1440 1335 1522 1365 Cre-

815 1392 881 1418 taea
909 1386 1000 1417 Diva
1029 1386 1091 1416 sub
1122 1385 1185 1416 Ida
1216 1386 1393 1424 Figentem
1425 1387 1520 1414 certa

816 1443 912 1477 terga
934 1437 1043 1467 ferina
1067 1435 1190 1466 manu.²
1245 1434 1334 1465 Vide
1359 1443 1432 1474 quae
1462 1442 1521 1463 no·

816 1494 924 1519 tamus
941 1488 980 1518 ad
995 1486 1135 1518 Remed.
1148 1486 1262 1517 Amor.
1273 1495 1321 1516 vs.
1337 1488 1520 1524 112.atque

815 1541 864 1570 ita
890 1538 1147 1575 intelligendum
1170 1537 1252 1567 illud
1285 1536 1384 1567 Statii
1415 1534 1521 1566 Theb.

815 1599 897 1620 vm.
931 1590 1022 1629 ‘jam
1042 1588 1188 1628 palpitat
1206 1587 1294 1617 arvis
1314 1585 1521 1623 Phaedimus,

816 1647 851 1671 et
864 1640 950 1671 certi
964 1638 1113 1670 nondum
1127 1642 1219 1668 tacet
1230 1646 1329 1667 arcus
1339 1633 1521 1674 Amyntae!

815 1692 860 1722 D.
883 1691 994 1722 Heins.

862 1741 972 1771 Certis
986 1737 1162 1777 venatibus]
1189 1735 1364 1768 Claverius
1394 1733 1523 1764 mavult

816 1795 947 1822 centum.
992 1790 1048 1821 Sic
1063 1789 1152 1819 enirn
1167 1787 1270 1818 Ovid.
1294 1787 1302 1803 ‘
1318 1786 1416 1817 Mille
1433 1784 1522 1815 feras

818 1843 920 1885 sylvis
946 1841 1078 1872 Phoebc
1102 1843 1224 1870 venata
1250 1837 1406 1869 redibat!
1452 1835 1524 1866 Sci-

819 1904 892 1929 mus
911 1901 990 1922 vero
1007 1893 1121 1922 certam
1137 1889 1288 1928 sagittam
1306 1887 1371 1917 dici
1389 1886 1524 1926 elegan-

818 1950 872 1976 ter
889 1953 907 1974 a
923 1942 1047 1981 Lyrico
1062 1952 1070 1972 ι
1095 1940 1154 1971 sed
1169 1939 1245 1980 quia
1257 1940 1402 1969 lassatum
1418 1946 1525 1967 arcum

819 1995 902 2026 dicit
916 1994 965 2025 Cl.
978 1993 1008 2023 ei
1022 1995 1158 2022 centum
1169 1988 1353 2020 convenire
1364 1986 1524 2018 arbitror.

866 2046 926 2075 188
953 2041 1066 2081 Nigris
1088 2038 1227 2079 venenis]
1261 2037 1412 2069 Maxime
1440 2045 1526 2067 mor-

822 2095 942 2125 tit'eris.

866 2146 926 2174 190
950 2141 1075 2173 Lambit
1091 2141 1191 2172 amica
1206 2138 1311 2179 pedes]
1343 2136 1526 2168 Sordidula

825 2194 989 2234 scriptio:
1027 2192 1102 2222 (rani
1121 2191 1209 2221 enim
1233 2195 1292 2221 aut
1306 2189 1429 2220 catello
1454 2188 1526 2228 dig-

823 2245 898 2275 nius
915 2245 977 2274 boc
1001 2253 1100 2284 quani
1115 2242 1252 2272 Insulae.

868 2293 1011 2333 AEgoeus]
1050 2293 1184 2323 Numen
1212 2290 1380 2332 quoddam
1413 2290 1526 2330 AEgaeo

824 2350 928 2386 ponto
941 2343 1126 2384 peculiare.
1152 2341 1268 2373 Barth.

826 2414 829 2416 -
867 2398 927 2425 192
952 2394 1006 2424 Sic
1026 2392 1217 2432 l’roba‚.}-c.]
1251 2391 1339 2422 Haec
1367 2389 1433 2421 fuit
1448 2389 1529 2420 doe-

823 2446 965 2484 tissima‚
983 2450 1019 2475 et
1042 2454 1117 2485 quae
1144 2443 1319 2483 praecipuo
1344 2441 1472 2472 amictu
1493 2439 1529 2470 fi·

823 2497 887 2527 lios
912 2494 1145 2531 exornaverit,
1176 2492 1210 2523 id
1242 2496 1307 2531 est,
1336 2491 1464 2521 virtute
1493 2493 1528 2520 et

824 2546 992 2583 doctrina,
1004 2544 1098 2575 velut
1107 2544 1216 2574 altera
1229 2542 1400 2579 Corneiia,
1413 2540 1455 2570 de
1467 2549 1524 2569 cu-

817 2597 876 2638 jus
900 2596 1000 2626 laude
1019 2595 1126 2625 multa
1151 2594 1189 2624 B.
1208 2593 1408 2631 Hieronym.
1454 2594 1524 2620 tum

824 2653 922 2678 vetus
937 2645 1140 2686 Inscriptio:
1176 2650 1312 2675 amem:
1339 2645 1525 2671 FALCONIAE

823 2704 965 2734 PROBAE,
991 2704 1089 2726 Finffl
1114 2702 1158 2724 ΕΤ
1174 2698 1406 2723 ΝοΒιιιΊ-Λτιε
1423 2696 1528 2718 ΑΝΤι-

823 2756 921 2788 QUAE,
937 2752 1167 2778 ORNAMENTO
1185 2746 1377 2774 ANlcmNAE
1393 2746 1526 2780 DOMUS,
