1852 3182
532 245 593 275 DE
628 244 691 275 lv,
723 245 862 275 CONS.
897 245 1085 276 HONOR.

77 349 163 371 mus.
210 340 286 373 Quo
302 339 351 379 fu,
368 343 403 370 ut
427 339 458 369 in
476 338 657 376 sententia,
673 347 771 377 quam

76 391 242 430 prioribus
253 392 340 421 curis
352 398 561 430 aperueram,
577 389 751 427 persistam
767 399 773 419 :

78 449 154 470 nam
181 448 215 470 et
235 441 367 471 l'irenei
386 445 516 469 moute<
535 439 642 469 ltalioe
661 439 777 469 vicini.

77 490 222 521 Per-uices
239 498 331 520 verte
357 491 388 520 in
415 489 545 519 (luobus
561 498 696 528 quoque
711 488 777 517 Sn-

75 541 176 570 sianis
203 541 370 571 iuvenisse
396 549 430 569 se
458 545 602 570 testatur
620 537 776 569 ⁴Andreas

74 590 234 621 Scliottus
252 590 357 621 Nodis
374 590 603 621 Ciceronianis
630 589 715 620 libro
734 598 776 620 ιι.

74 650 148 680 cap.
161 645 191 670 5.
208 650 267 679 pro
284 640 414 670 nivalem
427 639 620 670 Oiselianus
637 649 656 669 a
672 648 773 669 manu

74 690 183 729 prima
197 690 321 720 niz-ales.
370 690 410 721 D.
432 690 549 721 Heius.

118 742 180 770 109
199 740 268 770 Non
283 740 400 771 dabitis
415 751 535 771 murum
550 740 673 780 sceleri]
689 740 775 770 Tec-

74 793 159 829 tum,
182 791 386 830 praesidium,
408 792 642 821 securitatem.
690 791 776 821 Ovi-

74 840 161 879 dius,
199 841 257 871 lib.
297 850 378 872 xnt.
417 842 645 881 Metamorph.
676 843 684 858 ‘
709 851 774 882 quo

75 889 216 921 Graium
243 901 355 921 murus
383 891 532 922 Achilles
562 892 774 922 Procubuit!

118 941 182 976 Qui
197 942 348 982 vindicat]
378 943 468 972 nem
482 943 593 981 Ultor,
607 943 684 973 Dea
695 943 775 972 vin-

75 992 141 1024 dex
158 993 324 1023 Nemesis.
372 993 486 1023 Barth.

119 1043 181 1078 Qui
199 1044 346 1081 vindicat,
362 1043 434 1083 ibit]
466 1043 607 1073 Vindicet
624 1043 773 1072 Lucens.

73 1098 108 1123 et
124 1093 190 1122 duo
207 1094 284 1123 alii:
310 1094 415 1123 haeret
442 1098 477 1123 et
503 1093 558 1122 hic
582 1101 680 1132 aqua.
727 1091 778 1122 D.

74 1142 185 1174 Heius.

117 1197 178 1224 110
204 1194 318 1224 Omnia
343 1193 499 1225 subsident
526 1193 644 1224 meliori
668 1193 775 1232 pervia

71 1244 184 1284 causoe]
212 1245 353 1275 Divinus
367 1255 496 1283 versus,
510 1245 624 1275 divina
637 1248 775 1274 senten-

73 1296 130 1327 tia.
191 1295 336 1326 Videtur
375 1295 582 1326 Claudianus
620 1293 774 1323 alludere

72 1346 364 1377 verbaTheodosii
378 1346 593 1385 ipsins,vulgo
608 1349 676 1375 tum
687 1344 775 1374 forte

64 1397 212 1436 jactata,
243 1396 285 1426 de
318 1396 568 1436 Imperatorum
604 1394 775 1425 felicitate

72 1455 138 1476 non
164 1446 197 1476 iu
222 1446 334 1483 armis,
359 1456 425 1476 non
458 1446 489 1476 iu
508 1446 629 1486 copiis,
652 1455 717 1476 non
742 1446 775 1475 in

73 1497 260 1537 praesentia
272 1497 456 1526 animorum
473 1497 549 1534 sita,
566 1495 623 1525 sed
638 1495 776 1535 justitia

73 1557 199 1587 causae,
228 1546 346 1577 favore
374 1547 457 1585 Dei,
490 1546 619 1586 pietate
646 1545 776 1576 Princi-

72 1608 162 1639 pum.
208 1597 324 1628 Barth.

117 1650 174 1678 111
203 1648 268 1677 Nm:
283 1651 383 1677 tamen
400 1647 513 1677 oblitus
528 1645 640 1686 cii-em]
686 1646 777 1677 Civi-

71 1698 154 1729 lium
194 1698 360 1729 bellorum
390 1698 566 1728 victoriam
598 1697 776 1728 moderate

74 1750 231 1790 gessisse,
257 1759 318 1779 nec
336 1750 396 1779 irae
421 1749 453 1779 in
472 1749 581 1779 victos
597 1748 778 1778 indulsisse

73 1799 156 1831 dicit
176 1799 416 1830 Theodosium.
462 1799 505 1828 Et
523 1798 565 1828 (le
581 1797 778 1828 admiranda

72 1849 221 1890 ejusdem
261 1849 453 1881 Clementia
495 1849 536 1880 B.
576 1848 777 1880 Ambrosius

73 1901 240 1933 Oratione
257 1901 402 1932 funebri.

118 1951 240 1990 Civem]
286 1951 399 1982 Etiam
425 1951 458 1981 in
483 1958 612 1982 summo
640 1949 776 1990 fastigio

72 2003 261 2032 communis
280 2001 406 2032 Patriae
425 2001 619 2031 memoriam
634 2009 701 2030 non
719 2010 778 2040 po-

73 2051 219 2082 nendam
245 2052 411 2082 hortatur.
459 2050 553 2081 Infra
582 2052 644 2081 hoe
668 2051 774 2081 libro:

71 2103 81 2119 ⁴
97 2103 150 2133 Tu
167 2103 274 2133 civem
289 2102 498 2142 Patremque
514 2111 622 2140 geras.
648 2100 777 2131 Ceden-

72 2152 164 2184 tibus
182 2153 292 2183 Atrox
306 2152 466 2183 Partibus
480 2151 676 2183 infremuit!
701 2151 778 2181 Vic-

73 2207 127 2234 tor
153 2212 221 2234 non
252 2202 438 2233 secundum
464 2203 544 2232 iram
569 2207 679 2232 motus
696 2202 777 2232 civi-

72 2252 154 2285 lium
171 2254 336 2284 bellorum
353 2253 443 2283 ultus
458 2257 523 2283 est.
548 2252 662 2282 Infra:
676 2253 685 2268 ⁴
703 2252 775 2282 Diis

73 2304 246 2345 proximus
264 2303 319 2333 ille
337 2308 390 2334 est
405 2303 514 2335 Quem
544 2303 628 2332 ratio
646 2312 710 2332 non
728 2302 776 2332 ira

74 2358 201 2393 movet,
228 2354 284 2394 qni
315 2352 388 2384 fata
419 2353 610 2393 rependens
628 2352 777 2383 Consilio

72 2404 193 2445 punire
209 2403 353 2443 potest)
399 2403 518 2434 Barth.

117 2456 178 2485 112
206 2453 368 2492 Partibus]
414 2454 577 2483 Civilibus
605 2453 776 2493 praecipue

73 2503 169 2536 bellis
183 2505 296 2535 Partes
313 2504 473 2535 dicuntur
488 2504 638 2535 adversae
658 2503 776 2535 factio-

74 2563 145 2593 nes,
161 2556 304 2586 adversa
321 2555 465 2595 agmina.

119 2605 193 2635 Non
207 2606 357 2635 insultare
375 2603 512 2643 jacenti]
550 2605 593 2634 Et
609 2604 722 2634 divine
738 2604 776 2634 il-

74 2652 155 2684 lud:
171 2654 366 2693 ‘ignoscere
380 2656 533 2694 pulcrum
546 2654 623 2685 Jam
642 2654 775 2692 misero,

74 2712 254 2744 poenaeque
280 2713 396 2742 genus,
415 2703 539 2735 vidisse
559 2705 777 2745 precantem.'

76 2752 194 2785 Barth.

119 2806 181 2835 113
206 2802 301 2834 Mitis
318 2802 473 2844 precibus]
515 2803 644 2836 Preces
661 2806 775 2836 autem

1420 239 1530 282 1331

822 338 935 378 justas
952 338 1117 377 intellige,
1133 349 1209 370 nam
1232 339 1332 379 impia
1355 351 1372 371 a
1392 342 1455 379 piis
1474 354 1532 383 pe-

830 395 900 418 tere
918 389 1110 428 implentia
1129 389 1185 425 sit,
1204 389 1360 419 Plautino
1374 390 1531 424 ‹lieu-rio.

873 439 1008 469 Pietati*-
1023 439 1194 478 ubnnduus]
1243 441 1466 470 (filcineutiann
1483 442 1533 472 ‹li-

828 488 874 518 cit
910 489 1191 526 Misericordiam,
1245 490 1389 519 Deoium
1429 491 1534 521 cultui

819 539 987 578 junctam.
1036 541 1088 570 Dc
1119 541 1253 570 Pietate
1282 540 1466 570 'l'lwodosii
1495 550 1535 572 ea

828 595 992 619 memorat
1016 589 1227 629 Ambrosius,
1245 594 1281 620 ut
1308 589 1448 620 meliora
1468 600 1534 621 ma-

819 639 963 680 joraque
977 649 1017 670 ne
1036 640 1224 679 excogitari
1237 640 1372 680 quidem
1391 641 1533 680 possint.

827 690 980 729 Epistola
1008 698 1080 720 Lux.
1119 689 1161 720 de
1191 690 1293 720 Coede
1319 690 1536 721 Thessaloni-

826 740 928 769 censi.
976 740 1095 771 Barth.

871 793 931 820 111
957 790 1062 819 Poeuae
1092 789 1219 829 parcus]
1257 790 1304 820 Ut
1329 795 1532 821 exsecratus

826 840 928 872 fuerit
946 842 1077 871 nomina
1097 847 1318 880 t)'i·.¹ninoi·u¹n
1334 847 1410 880 post
1425 841 1535 871 victo-

827 893 890 922 rias
908 891 1027 921 civiles
1051 891 1163 920 omnia
1180 890 1407 921 vastantium:
1433 895 1534 921 notat

824 942 1121 980 Victorinns‚‹3um
1141 951 1205 971 non
1222 941 1447 972 crudeliorem
1473 941 1532 972 sed

825 992 992 1022 mitiorem
1009 996 1110 1022 aucta
1129 991 1280 1031 potentia
1297 992 1425 1023 factum
1444 1002 1533 1024 asse-

826 1051 961 1072 verans.

869 1092 948 1122 Paci
965 1102 1022 1122 non
1039 1092 1146 1122 intulit
1170 1091 1266 1130 iram]
1296 1091 1424 1121 Eodem
1440 1091 1534 1122 odio-

826 1151 899 1172 rum
916 1146 950 1172 et
967 1151 1134 1171 armorum
1153 1141 1308 1171 termino.
1354 1141 1472 1171 Barth.

873 1195 930 1222 115
958 1191 1050 1222 Odiis
1074 1192 1154 1222 idem
1178 1191 1230 1231 qui
1254 1190 1408 1221 terminus
1423 1190 1535 1230 armis]

825 1242 882 1273 Sic
904 1243 946 1273 de
963 1242 1081 1273 eodem
1099 1242 1157 1272 lib.
1184 1251 1223 1271 11.
1247 1241 1280 1271 in
1298 1240 1410 1271 Rufin.
1434 1241 1443 1258 ‘
1464 1240 1533 1270 ani-

827 1293 937 1333 mique
963 1292 1116 1323 recentia
1142 1296 1271 1332 ponunt
1288 1291 1451 1330 Vulnera,
1467 1301 1533 1322 non

827 1342 899 1372 odit
917 1342 1038 1382 victum,
1064 1343 1217 1373 victorve
1234 1342 1401 1382 supersit!
1447 1342 1534 1372 Con-

827 1397 878 1423 tra
906 1393 1040 1433 tyranni
1074 1392 1235 1423 vecordia
1267 1402 1327 1422 sua
1354 1401 1396 1423 eo
1427 1401 1532 1432 usqne

827 1442 1039 1483 auferuntur,
1058 1448 1094 1473 ut
1111 1443 1289 1482 ignoscere.
1307 1451 1370 1472 nec
1389 1442 1533 1481 possint,

826 1494 852 1524 si
869 1503 1011 1535 quorum
1029 1493 1105 1523 odio
1122 1493 1224 1523 semel
1238 1491 1393 1522 absurdae
1411 1491 1533 1522 crude-

826 1545 932 1575 litatis
946 1544 1047 1574 animi
1066 1544 1268 1574 inarserunt.
1316 1543 1413 1572 Idem.

872 1597 933 1625 116
959 1593 1084 1631 Profuit
1101 1594 1154 1623 hoc
1170 1593 1309 1623 vincente
1325 1591 1408 1632 cupi]
1443 1592 1532 1622 Sane

829 1654 917 1675 vero.
963 1644 1145 1674 Neminem
1163 1643 1252 1674 enim
1282 1642 1361 1672 odio
1386 1642 1532 1681 partium

828 1694 977 1733 adflixit,
1001 1699 1038 1725 ut
1056 1695 1130 1734 ipso
1148 1694 1277 1725 victore
1302 1702 1400 1722 nemo
1422 1692 1532 1727 victus

828 1750 1056 1786 compareret,
1081 1745 1174 1776 velut
1203 1743 1330 1774 diserte
1358 1743 1406 1774 ait
1424 1743 1533 1774 Paca-

829 1801 895 1827 tus.

876 1848 1023 1879 Vincente
1037 1846 1122 1888 capi]
1153 1847 1290 1878 Mutato
1309 1848 1342 1877 in
1357 1845 1530 1877 meliorem

827 1899 944 1938 priore
961 1903 1064 1928 statu.
1112 1897 1229 1928 Barth.

872 1950 932 1978 117
956 1948 1077 1987 Aspera
1103 1946 1230 1985 laturoe]
1276 1946 1349 1977 Imo
1379 1946 1532 1985 Prospera

828 2008 904 2030 cum
919 1998 1029 2038 prima
1043 1997 1205 2036 editione,
1218 1997 1327 2037 ‘priori
1344 1996 1439 2028 Leid.
1458 1996 1532 2028 Pri-

827 2058 945 2080 cceano
975 2047 1202 2086 scribendum,
1235 2052 1270 2078 et
1296 2047 1471 2087 Thuaneo,
1496 2046 1532 2079 id

827 2103 891 2137 est,
929 2107 1126 2138 prosperam
1157 2096 1326 2129 fortunam
1353 2097 1529 2128 allatnrae:

827 2159 946 2180 sensus
963 2149 1026 2179 hoc
1043 2147 1195 2188 requirit.
1240 2147 1357 2178 Infra:
1380 2148 1389 2164 ‘
1414 2147 1448 2179 Si
1467 2147 1531 2179 tibi

827 2201 1032 2231 Parthorum
1059 2200 1178 2230 solium
1202 2197 1340 2229 fortuna
1373 2197 1530 2230 tulisset?

826 2259 888 2290 pro
926 2249 1120 2280 attulisset:
1168 2249 1334 2289 quomodo
1367 2249 1527 2289 Isingrin.

825 2300 923 2331 liber.
938 2301 981 2330 Et
992 2301 1096 2337 mox‚‘
1106 2299 1185 2330 olim
1197 2298 1367 2329 domitura
1377 2299 1531 2339 gigantes

827 2352 871 2381 Et
888 2359 1008 2390 pacem
1026 2350 1137 2380 latura
1154 2348 1255 2389 polo,'
1280 2359 1341 2389 pro
1364 2349 1528 2380 allatura:

827 2406 927 2441 atque
956 2401 1005 2431 ita
1030 2409 1121 2439 saepe
1156 2405 1282 2430 noster.
1316 2398 1528 2438 Quandoque

827 2456 862 2481 et
875 2450 966 2488 ferre
995 2460 1056 2490 pro
1073 2448 1210 2480 auferre
1227 2449 1322 2489 ponit
1342 2460 1349 2480 :
1375 2454 1411 2480 ut
1427 2448 1484 2480 lib.
1503 2456 1529 2480 1.

827 2502 869 2531 de
887 2504 985 2540 ltapt.
1010 2502 1018 2517 ‘
1037 2501 1092 2532 Sic
1105 2499 1201 2531 nobis
1218 2500 1319 2530 noxia
1336 2499 1424 2530 vires
1443 2500 1527 2530 Cum

827 2552 912 2582 coelo
950 2550 1086 2581 fortuna
1124 2549 1232 2580 tulit?
1290 2550 1386 2581 Bene
1423 2548 1528 2588 igitur

828 2601 982 2641 Prospera
1012 2601 1135 2638 laturoe,
1163 2609 1239 2630 nam
1271 2603 1350 2629 ante
1382 2597 1526 2636 dixerat,

826 2654 834 2669 ‘
854 2651 989 2682 Profuit
1002 2651 1064 2681 hoc
1083 2651 1242 2681 vincente
1265 2647 1364 2688 capi‚'
1379 2646 1468 2687 quod
1483 2656 1525 2676 ex

826 2702 883 2732 illo
913 2701 1028 2732 Ovidii
1056 2700 1163 2740 Epist.
1209 2697 1357 2729 Briseid.
1388 2695 1525 2725 videtur

825 2751 997 2782 hausisse:
1022 2750 1031 2767 ‘
1049 2750 1143 2780 Utile
1159 2748 1295 2779 dicebas
1320 2747 1392 2786 ipse
1419 2743 1525 2776 fuisse

825 2801 926 2842 capi.'
971 2799 1120 2832 Rutilius
1136 2799 1294 2830 Itinerar.
1309 2795 1368 2828 lib.
1384 2805 1409 2828 1.
1437 2796 1447 2812 ‘
1463 2795 1525 2828 Fe-
