1851 3213
255 203 367 245 1400

252 309 354 341 corde.
376 310 422 341 D.
438 308 560 341 Heius.

299 361 398 391 Corde
410 359 546 398 remitti]
561 358 743 390 Sententia
753 356 859 388 flecti.
875 357 960 387 Sen-

253 411 395 443 tentiam
423 411 537 450 aliam,
568 408 659 440 aliud
687 418 746 439 cor
772 408 850 440 Diis
876 408 959 438 dare

252 461 439 493 Poetarum
457 469 527 491 mos
545 464 608 491 est.
632 459 750 490 Barth.

296 515 357 543 133
382 512 512 542 Sacrum
527 511 640 540 dextra
655 510 763 540 sedare
778 510 958 550 tumultum]

250 561 339 593 Vide
355 561 396 592 ad
410 571 435 592 1.
454 559 564 591 Rufio.
578 569 625 591 vs.
640 562 712 590 117.
734 559 959 591 Dicturoruin

249 622 333 652 mos,
348 622 446 643 mauu
465 615 628 652 protenta
641 611 769 651 populo
786 610 958 643 silentium

248 662 438 703 imponere.
463 662 563 693 Idem.

294 716 354 744 135
381 713 426 743 Et
441 715 567 744 contusa
580 711 692 751 genas]
714 711 844 752 Scripti
860 712 960 753 pleri-

248 775 312 807 que
330 775 485 804 concussa,
500 764 663 801 conscissa,
686 764 828 802 discissa,
852 764 959 801 confu-

246 826 294 856 sa,
312 822 347 847 et
363 817 504 848 similia:
521 817 580 847 sed
592 816 690 856 prim.
703 815 818 845 Vatic.
836 815 959 855 aliique

247 868 400 898 nonnulli
415 870 559 898 contusa:
577 866 674 896 bene.
690 865 818 896 Lucan.
835 865 891 896 lib.
904 874 957 896 lx.

245 919 255 936 ‘
269 919 409 958 planctu
426 922 569 949 contusa
585 915 732 957 peribit.’
765 915 862 946 Idem
876 916 899 947 l.
915 924 957 948 11.

245 969 254 986 ‘
271 968 406 1001 Effusas
432 969 561 999 laniata
591 976 719 1002 comm,
745 972 957 1008 contusaque

245 1024 370 1060 pectus
391 1017 605 1050 Verberibus
630 1016 780 1049 crebris!
817 1017 873 1049 Ita
887 1028 956 1050 me-

244 1070 347 1101 liores
363 1069 484 1109 scripti
498 1067 645 1099 maximo
657 1076 815 1099 numero:
834 1068 955 1100 eodem

244 1119 335 1151 libro
350 1123 454 1150 antea
471 1123 716 1159 praecesserat:
740 1118 750 1135 ⁴
766 1119 879 1157 Nunc,
896 1119 956 1159 ait,

245 1179 265 1201 o
277 1169 410 1200 miserae
429 1168 630 1200 contundite
648 1172 792 1208 pectora
806 1169 955 1202 matres!

242 1220 301 1251 lib.
319 1229 376 1251 111.
398 1219 408 1236 ⁴
426 1220 505 1251 Nou
531 1220 693 1259 laeryniae
721 1219 882 1251 cecidere
899 1231 954 1261 ge-

244 1270 310 1308 nis,
338 1279 406 1300 non
433 1273 577 1309 pectora
598 1267 735 1299 tundit!
765 1268 956 1310 Juvenalis,

242 1320 317 1352 Sat.
335 1329 418 1350 xm.
441 1319 449 1335 ‘
468 1319 572 1359 plana
595 1317 718 1350 faciem
741 1321 954 1353 contundere

242 1369 380 1410 palma.'
425 1369 558 1400 Seneca
586 1370 750 1409 Thyeste,
785 1380 832 1402 vs.
857 1374 953 1403 1046.

241 1421 250 1436 ⁴
269 1420 420 1451 Pectora
438 1420 526 1450 illiso
543 1425 664 1451 sonent
680 1424 824 1452 contusa
839 1422 955 1462 planc-

244 1471 307 1502 tu.'
342 1475 380 1502 ut
419 1471 506 1503 bene
543 1472 710 1503 Etruscus
749 1472 870 1504 codex.
908 1473 953 1508 D.

242 1522 356 1553 Heius.

286 1575 350 1604 136
383 1571 512 1611 Africa]
550 1572 741 1604 Simulacra
770 1572 855 1604 talia
883 1583 953 1605 non

242 1629 312 1655 tam
339 1623 500 1655 fictiones
527 1623 731 1663 Poetarum,
748 1634 847 1664 quam
876 1625 954 1655 Dae-

240 1684 377 1706 monum
394 1674 626 1714 praelusiones.
664 1673 818 1706 Africam
835 1675 953 1707 Curtio

242 1724 334 1756 Rufo
351 1723 506 1754 muliebri
523 1724 570 1754 ita
587 1734 622 1754 se
639 1724 755 1765 specie
776 1725 953 1767 obtulisse,

240 1774 401 1805 nunciam
437 1772 646 1812 futurorum,
685 1775 783 1805 testis
817 1774 951 1806 Plinius

242 1825 415 1863 Caecssius,
431 1825 453 1854 l.
471 1833 538 1855 vn.
559 1824 672 1864 Epist.
689 1826 743 1856 27.
767 1825 884 1857 Barth.

285 1877 346 1906 137
374 1873 531 1913 Crinales]
554 1873 610 1904 Sic
627 1873 714 1904 enim
732 1874 845 1914 Maro,
861 1875 949 1906 libro

242 1933 307 1956 vu.
339 1924 494 1955 ‘Solvite
522 1923 666 1954 crinales
695 1923 811 1964 vittas,
833 1925 949 1965 capite

240 1974 339 2015 orgia
356 1973 513 2005 mecum!
558 1973 730 2014 Intelligit
743 1979 857 2006 autem
874 1986 949 2007 nos-

240 2030 296 2056 ter
312 2024 486 2065 pectinem
503 2023 702 2062 eburneum,
726 2023 855 2056 Africae
873 2036 949 2066 ges-

240 2080 351 2107 tatum
367 2074 410 2106 ob
425 2074 508 2105 ebur
520 2074 692 2114 peculiare
708 2074 740 2105 ei
754 2076 950 2116 provinciae.

241 2126 287 2158 Et
303 2124 451 2166 alioquin
473 2125 620 2165 pectinis
644 2135 723 2156 usus
751 2124 951 2158 familiarior

242 2175 335 2206 Afris
352 2176 457 2207 fuerit
483 2175 526 2207 ob
551 2175 757 2217 crispitiem,
785 2181 821 2208 et
837 2176 950 2208 durio-

239 2235 312 2258 rem
326 2236 468 2257 comam.
491 2226 590 2258 Idem.

284 2279 347 2307 138
371 2275 552 2315 Effractum
573 2276 727 2317 pendebat
752 2277 840 2320 ebur]
868 2279 949 2311 Non

240 2330 286 2361 Et
305 2328 447 2367 fractum
473 2328 593 2368 scripti
621 2329 790 2361 meliores.
813 2330 948 2370 elegan-

240 2385 314 2412 ter:
339 2378 523 2418 ἐπεξήγησις
538 2383 604 2418 est,
620 2389 722 2420 quam
749 2390 839 2412 nunc
855 2391 949 2422 appo-

238 2431 382 2462 sitionem
398 2431 529 2461 dicunt.
545 2431 650 2460 dentes
671 2430 745 2461 ebur
769 2441 831 2471 pro
846 2433 949 2463 denti-

239 2482 295 2513 bus
311 2481 444 2520 eburnis,
460 2485 498 2511 ut
522 2479 647 2520 Idyllio
672 2479 715 2510 de
741 2481 822 2512 Nilo
838 2482 947 2523 loqui-

239 2538 309 2565 tur.
353 2533 409 2565 Sic
424 2532 482 2564 lib.
499 2541 540 2564 11.
556 2532 589 2562 iu
606 2531 719 2563 Rufin.
745 2534 755 2550 ‘
773 2533 947 2574 duplicem

239 2583 366 2616 fossam
392 2593 458 2614 non
485 2582 722 2622 exsuperabile
740 2584 863 2615 vallum
885 2584 946 2616 As·

239 2634 368 2676 perat:’
401 2637 440 2665 ut
465 2636 562 2664 recte
587 2632 634 2663 ibi
659 2632 862 2674 Vaticanus,
884 2644 946 2675 pro

232 2686 324 2725 fossa
338 2686 464 2716 vallata.
488 2684 550 2716 lib.
567 2692 594 2715 1.
621 2684 655 2714 in
681 2684 825 2725 Eun-op.
849 2685 858 2702 ‘
876 2685 945 2717 Au-

239 2747 351 2768 roram
367 2745 448 2768 sane
465 2744 539 2777 quae
562 2734 646 2766 talia
662 2733 754 2765 ferre
775 2735 945 2777 Gaudeat,

240 2793 394 2820 assuetas
422 2786 569 2829 sceptris
596 2784 815 2818 muliebribus
842 2787 944 2821 urbes

498 212 640 244 NOTAE
673 210 939 242 VARIORUM
975 209 1028 240 IN
1061 209 1135 240 cl..
1169 209 1353 239 CLAUD.
1387 208 1473 239 XV.

1010 303 1215 336 Possideaut
1228 305 1248 335 :’
1281 313 1343 344 pro
1371 303 1505 334 Auroroe
1530 302 1632 334 urbes.
1670 303 1719 334 sic

1010 360 1108 386 vetus
1124 356 1219 387 liber.
1234 355 1292 388 lib.
1308 364 1331 385 1.
1350 355 1384 385 in
1401 354 1532 386 Stilich.
1557 355 1567 372 ‘
1581 354 1720 386 stabant

1010 407 1104 438 rutili
1120 417 1202 447 grex
1219 417 1340 438 aureus
1357 404 1461 436 anni.5
1485 405 1655 446 quomodo
1671 405 1720 436 le-

1011 458 1171 498 gendum.
1195 458 1294 489 Pleni
1319 458 1412 488 hisce
1436 456 1567 488 deliciis
1591 456 1719 497 poetae.

1010 510 1129 551 Virgil.
1156 510 1274 550 Eclog.
1290 519 1345 540 111.
1374 509 1383 525 ‘
1401 507 1530 539 Infelix
1546 517 1565 538 o
1583 516 1719 548 semper

1011 570 1092 591 oves
1111 559 1237 601 pecus,'
1252 569 1313 599 pro
1327 559 1452 590 ovinum
1460 567 1567 598 pecus:
1588 557 1636 589 ita
1650 567 1719 589 me-

1010 611 1111 642 liores
1127 611 1216 642 libri.
1232 611 1351 650 Eclog.
1369 618 1420 640 lx.
1446 609 1455 625 ‘
1474 608 1593 649 Usque
1617 607 1659 639 ad
1684 618 1719 639 a-

1010 673 1111 703 quam
1124 667 1160 694 et
1175 666 1313 693 veteres
1324 662 1396 701 jam
1411 659 1524 690 fracta
1540 659 1721 690 cacumina

1009 712 1130 754 fagos‚'
1147 722 1212 743 non
1226 713 1338 743 veteris
1345 711 1430 750 fagi.
1455 710 1585 750 Ecloga
1599 719 1720 741 secun-

1010 764 1054 794 da
1076 764 1230 794 dixerat:
1255 764 1264 779 ‘
1285 763 1376 792 inter
1404 761 1526 792 densas
1555 759 1717 791 umbrosa

1009 814 1186 844 cacumina
1222 812 1318 852 fagos
1351 810 1498 842 Assidue
1535 809 1716 845 veniebat!

1009 874 1084 905 quae
1100 863 1239 904 egregie
1255 861 1459 893 confirmant
1472 860 1633 900 scriptam
1650 860 1718 892 lec-

1009 914 1137 944 tionem
1152 913 1338 954 superioris
1363 911 1441 943 loci.
1468 910 1562 941 initio
1582 910 1716 943 AEneid.

1008 965 1018 982 ‘
1036 965 1175 997 Italiam
1190 964 1264 996 fato
1280 962 1444 1005 profugus
1464 961 1609 993 Lavinia
1624 961 1718 993 venit

1007 1016 1167 1050 Littora!
1194 1025 1261 1046 non
1287 1014 1480 1054 Lavinaque.
1518 1013 1646 1054 Georg.
1674 1022 1716 1044 11.

1007 1067 1016 1083 ⁴
1038 1065 1088 1098 At
1111 1066 1240 1098 rabidae
1269 1065 1373 1105 tigres
1404 1064 1531 1095 absunt
1560 1068 1596 1095 et
1625 1073 1718 1095 saeva

1006 1117 1120 1148 leones
1135 1117 1295 1148 Semina.'
1319 1125 1384 1146 non
1410 1115 1540 1145 leonum.
1587 1113 1643 1145 Sic
1659 1113 1719 1145 tri-

1006 1167 1069 1198 bus
1095 1167 1161 1198 illis
1186 1167 1270 1197 locis
1298 1165 1448 1206 optimus
1464 1174 1504 1196 ac
1529 1163 1717 1195 vetustissi-

1006 1228 1079 1249 mus
1096 1217 1293 1248 Mediceus:
1327 1216 1454 1247 similes
1478 1214 1614 1245 mendas
1631 1215 1715 1246 etin

1007 1267 1136 1298 Ovidio
1152 1265 1451 1307 deprehendimus,
1472 1264 1514 1295 de
1532 1264 1655 1305 quibus
1671 1264 1715 1295 ad

1004 1318 1100 1348 illum
1117 1317 1271 1358 poetam.
1292 1325 1370 1346 mox
1399 1315 1555 1355 Irrumpit
1580 1323 1648 1345 non
1665 1314 1716 1345 Ir-

1004 1368 1092 1408 rupit
1106 1377 1174 1400 sec.
1190 1367 1350 1398 Vatican.
1365 1364 1610 1406 supernasfores
1627 1374 1713 1396 unus

1005 1419 1101 1450 Med.
1119 1429 1186 1450 non
1200 1417 1358 1459 superbas.
1372 1426 1519 1458 supernas
1529 1417 1642 1456 plagas
1657 1416 1718 1447 ali-

1004 1469 1038 1501 bi
1056 1469 1160 1500 etiam
1176 1469 1265 1500 dixit
1280 1478 1343 1509 pro
1366 1476 1501 1508 superas.
1518 1467 1582 1498 hoc
1599 1471 1714 1498 tamen

1004 1520 1080 1551 loco
1097 1520 1179 1551 nihil
1194 1524 1324 1550 temere
1337 1523 1477 1550 mutem.
1499 1517 1621 1558 Virgil.
1636 1517 1714 1549 AEn.

1005 1580 1086 1602 vin.
1110 1572 1119 1588 ‘
1138 1570 1337 1611 foribusque
1351 1568 1452 1600 affixa
1470 1568 1625 1608 superbis
1640 1567 1715 1600 Ora

1005 1621 1115 1652 virum
1132 1621 1225 1652 tristi
1244 1619 1442 1661 pendebant
1465 1619 1593 1660 pallida
1609 1618 1712 1651 tabo.'

1003 1672 1148 1711 Statius,
1163 1672 1272 1702 Theb.
1293 1680 1334 1702 11.
1351 1672 1359 1687 ‘
1378 1670 1575 1711 foribusque
1591 1671 1714 1701 immis-

1004 1732 1042 1754 sa
1067 1723 1222 1762 superbis
1248 1722 1350 1752 Unda
1372 1720 1488 1751 fremit
1505 1720 1618 1760 vulgi.'
1656 1721 1714 1752 Se-

1002 1783 1090 1804 neca
1103 1773 1254 1803 Hercule
1271 1771 1414 1802 Furenti
1430 1780 1564 1812 quoque
1582 1771 1717 1803 Statius

1001 1823 1232 1864 Epithalamio
1253 1822 1390 1853 Stellae:
1427 1822 1436 1838 ‘
1455 1821 1662 1862 thalamique
1680 1831 1713 1853 e·

1002 1884 1119 1914 gressa
1133 1874 1316 1914 superbum
1342 1871 1482 1903 Limen.’
1516 1871 1606 1902 Vide
1623 1872 1713 1903 Gro-

1001 1927 1138 1957 novium
1155 1926 1198 1957 ad
1213 1927 1350 1957 Senecae
1365 1923 1573 1965 Tragoedias,
1589 1934 1622 1964 p.
1636 1927 1710 1957 350.

1001 1977 1010 1993 ‘
1034 1977 1166 2017 Irrupit
1196 1977 1344 2008 clamore
1378 1975 1479 2006 fores'
1515 1975 1710 2006 Statianum

1000 2027 1251 2059 hemistichium
1267 2031 1321 2058 est
1337 2025 1445 2057 Theb.
1463 2033 1513 2056 Vl.
1536 2026 1583 2056 D.
1597 2026 1711 2058 Heins.

1047 2081 1109 2110 140
1131 2079 1248 2110 Arulso
1263 2077 1360 2117 nexu]
1395 2077 1526 2108 eatena
1551 2077 1710 2108 Elemen-

1002 2132 1127 2168 torum,
1154 2133 1190 2160 et
1207 2128 1354 2168 vinculo,
1377 2136 1443 2168 quo
1470 2127 1640 2158 attinetur
1656 2136 1711 2158 re-

1001 2188 1074 2209 rum
1105 2179 1255 2210 omnium
1286 2178 1381 2209 ordo.
1433 2177 1562 2209 Foedera
1593 2178 1710 2209 Mundi

1001 2234 1101 2262 vocat
1125 2230 1240 2271 priore
1265 2230 1300 2260 in
1322 2228 1494 2260 Rufinum.
1539 2228 1710 2269 Intelligit

998 2286 1111 2313 autem
1127 2279 1346 2312 irrefutabile
1371 2279 1552 2319 sapientiae
1578 2278 1702 2309 divinae

1000 2336 1253 2372 argumentum,
1264 2330 1367 2361 maris
1378 2328 1502 2361 fluctus
1515 2329 1631 2360 littora
1643 2338 1706 2360 sua

997 2391 1148 2413 servare.
1187 2380 1304 2412 Barth.

1041 2434 1103 2463 142
1132 2431 1266 2463 Veniunt
1287 2433 1449 2470 praerupta
1472 2429 1622 2470 Pachyno
1645 2432 1705 2462 AE-

997 2483 1109 2524 quoru]
1148 2483 1306 2521 Prorupta
1333 2480 1454 2520 opinor
1494 2480 1550 2510 vel
1588 2480 1705 2512 invitis

997 2530 1392 2572 membranis,quomodo
1405 2530 1494 2570 apud
1504 2531 1702 2563 Maronem:

997 2584 1006 2600 ‘
1023 2584 1124 2615 Unde
1135 2592 1198 2623 per
1210 2591 1270 2613 ora
1282 2591 1402 2612 novem
1416 2585 1513 2612 vasto
1524 2590 1601 2612 cum
1614 2592 1703 2613 mur-

997 2643 1093 2665 mure
1123 2633 1247 2664 montis
1277 2631 1313 2662 It
1350 2641 1443 2662 mare
1475 2632 1703 2672 proruptum?

997 2684 1176 2716 Adeantur
1191 2694 1269 2725 quae
1285 2687 1485 2714 annotamus
1508 2683 1594 2714 libro
1610 2692 1651 2714 11.
1667 2683 1703 2715 in

996 2735 1231 2773 Stilichonem,
1248 2744 1296 2764 vs.
1311 2736 1387 2766 462.
1410 2733 1455 2764 D.
1474 2733 1586 2765 Heins.

1039 2783 1202 2826 Pachyno]
1226 2783 1257 2815 A
1268 2783 1387 2815 Sicilia
1396 2793 1504 2825 usque
1515 2787 1703 2825 tempestas
