1852 3182
552 182 602 212 1N
643 182 934 214 EUTROPlUM
972 184 1065 214 LIB.
1100 186 1129 214 1.

112 274 231 306 Scribe
264 276 423 306 Carmani.
470 274 628 314 Καρμανία
650 274 735 315 χώρα
759 277 815 312 τῆς

109 326 236 362 Ἰνδικῆς
251 326 424 366 Stephano
441 326 483 356 de
502 326 659 356 Urbibus.
691 328 816 358 Noster

109 376 209 407 lande
225 376 375 414 Serenoe,
393 376 447 406 ubi
461 375 660 416 Hispaniam
676 378 815 417 alloqui-

110 431 178 465 tur,
196 426 371 467 apposite:
402 429 410 443 ‘
427 426 534 466 pr'nno
560 427 651 457 levat
678 438 813 468 a·qnore

107 477 212 508 solen·
242 476 354 515 India,
377 481 413 507 tn
453 475 558 506 fessos
582 482 706 508 exacta
737 479 813 509 luce

100 527 237 567 jugales
263 526 420 558 Proluis.'
457 527 656 568 Perlegetes
685 530 813 568 optime

109 577 153 608 ad
170 587 250 609 rem.
274 577 313 607 Ἤ
330 589 377 607 τοι
391 575 449 615 μὲν
464 577 546 617 παρὰ
562 578 664 616 χεῦμα
686 578 723 607 τὸ
738 583 814 618 Περ-

109 627 198 659 σικὸν
220 629 379 659 Ὠκεανοΐς
404 630 560 669 Καρμανοὶ
590 629 736 666 ναίουσιν,
765 630 813 660 ὑπ’

105 677 199 717 ἠελίῳ
213 678 339 710 ἀνιόντι.
376 680 461 712 Quae
487 679 640 710 Avienus
663 681 812 721 descrip-

105 729 199 760 tione
231 729 336 760 Orbis
368 730 416 760 sic
452 730 575 761 vertit:
623 731 714 761 ‘Sed
747 740 811 771 qua

104 779 284 810 caeruleam
312 780 402 810 sinus
430 779 534 811 infert
560 781 722 812 Persicus
750 791 810 812 un-

104 830 194 870 dam,
222 831 315 862 Gens
339 831 582 862 Carmanorunl
614 832 681 862 late
707 832 807 863 colit:

103 882 189 913 hanc
206 881 289 913 facis
307 887 399 913 ortus
418 883 495 914 Urit
511 883 670 914 Phoebeae
686 895 692 913 :
713 889 809 915 tanto

102 942 237 974 quoque
268 932 421 964 funditur
447 943 541 973 agro,
572 934 620 965 Ut
647 934 744 964 simul
774 940 809 967 et

103 983 216 1023 glauci
232 984 413 1024 contingat
438 985 584 1024 gurgitis
608 990 741 1023 aestum,
763 986 808 1016 Et

101 1033 222 1072 procul
240 1033 381 1064 inter-nze
402 1039 580 1074 pei-reptet
599 1034 724 1074 jugera
742 1041 808 1065 ter-

101 1085 182 1113 rae:’
206 1083 262 1113 ubi
292 1088 405 1115 tamen
434 1083 591 1124 antiquus
614 1083 737 1122 codex,
765 1085 808 1115 Ut

99 1133 187 1164 sinus
213 1137 243 1164 et
266 1135 460 1171 glauciffut
489 1134 531 1164 de
561 1135 636 1164 sinu
665 1134 808 1165 Persico

98 1192 168 1214 non
198 1184 374 1215 Carmanis
405 1184 472 1214 duo
503 1184 665 1223 postremi
693 1193 807 1215 versus

97 1233 346 1273 intelligantur.
380 1233 575 1264 Priscianus
602 1233 805 1274 Periegesi:

96 1286 106 1301 ‘
126 1284 272 1324 Respice
311 1293 399 1315 nunc
439 1284 588 1324 reliquas
622 1283 713 1315 Asiae
744 1285 805 1315 sub

97 1333 219 1365 finibus
232 1344 307 1365 oras
326 1334 476 1365 Persidis
494 1333 534 1364 ad
554 1339 708 1374 pontum,
725 1335 806 1366 Car-

96 1385 188 1416 mani
220 1385 299 1416 solis
329 1385 372 1416 ab
400 1384 511 1416 ortu:'
548 1385 596 1415 ita
623 1384 804 1426 distingue.

99 1435 142 1467 D.
160 1435 276 1466 Heius.

138 1486 214 1516 Jam
230 1484 382 1524 frugibus
408 1488 514 1525 aptum
540 1484 676 1525 AEquor]
723 1485 804 1516 Fac-

98 1540 169 1566 tum
190 1535 254 1567 hoc
272 1535 441 1577 quomodo
457 1540 574 1566 noster
590 1540 754 1566 memorat
771 1535 804 1566 in

96 1586 331 1627 descriptione
351 1586 433 1617 Nili.
458 1586 573 1616 Barth.

137 1639 199 1667 355
234 1638 364 1676 AEquw,
391 1640 422 1667 et
452 1635 620 1675 assuetum]
655 1636 801 1667 Lucens.

95 1690 241 1729 Gyrald.
258 1695 293 1720 et
309 1689 428 1730 viginti
446 1689 500 1719 alii
517 1698 593 1719 cum
612 1688 720 1728 prima
736 1687 803 1718 edi-

93 1739 185 1770 tione
202 1740 373 1770 adtectum.
399 1739 501 1768 Prior
525 1737 623 1768 Leid.
647 1739 802 1768 adactum.

96 1790 181 1830 Reg.
206 1790 388 1820 adductum.-
416 1789 511 1830 prior
534 1787 661 1818 Moreti
677 1787 802 1824 acijunc-

93 1843 170 1871 tum.
204 1840 252 1870 D.
270 1840 390 1871 Heius.

136 1893 200 1921 356
234 1889 346 1929 Inane]
392 1889 502 1919 Extra
524 1887 703 1918 veritatem
739 1887 800 1919 rei.

92 1939 200 1970 Inane
218 1949 310 1976 vero,
328 1939 402 1970 vivo
420 1938 615 1979 opponitur.
639 1938 687 1968 Ut
705 1938 800 1968 vacui

94 1991 222 2030 averni,
249 1989 376 2030 fictitii,
400 1994 434 2020 et
455 1989 608 2020 vivorum
627 1994 798 2028 expertes.

94 2041 214 2072 Barth.

135 2095 197 2123 357
225 2092 336 2122 Nutn‘t
350 2091 375 2120 J
378 2090 498 2121 udaieis
511 2100 578 2130 quoe
590 2089 733 2129 pingitur
746 2089 796 2119 In*

91 2143 143 2174 dia
152 2142 242 2182 velis]
256 2142 368 2172 Multa
381 2140 511 2181 probae
525 2139 670 2170 lectione
683 2139 798 2178 dispu-

92 2197 168 2224 tant
179 2192 392 2223 doctissimus
409 2190 568 2221 Bartbius
586 2194 621 2220 et
637 2189 695 2219 Vir
709 2198 798 2219 sum-

89 2253 165 2274 mus
186 2242 361 2274 ,lohannes
377 2240 542 2272 Seldenus
559 2239 601 2270 de
622 2239 707 2270 Jnre
730 2239 797 2270 Na-

92 2293 193 2324 turali
217 2292 400 2323 secundum
432 2291 612 2327 Hebraeos,
637 2290 694 2320 lib.
712 2298 750 2320 11.
767 2293 796 2320 9.

91 2343 167 2375 Nec
199 2352 251 2373 me
283 2341 441 2382 praeterit
474 2341 627 2371 Juda’z'cas
662 2349 795 2380 qnoque

88 2402 198 2434 capsas
212 2403 274 2434 pro
288 2391 522 2423 Orientalibus
539 2390 691 2430 posuisse
704 2390 796 2420 Mar·

91 2445 214 2476 cellum
230 2444 391 2476 Carmine
412 2442 455 2473 de
485 2442 679 2472 Medicina:
706 2442 714 2457 ‘
731 2440 795 2471 Vel

91 2504 167 2535 quae
190 2493 345 2526 Juda'i'cis
363 2492 518 2532 fragrant
544 2492 631 2522 bene
657 2490 796 2522 condita

91 2544 216 2584 capsis,
241 2544 345 2582 Thus,
371 2548 516 2582 costum,
545 2541 675 2579 folium,
705 2551 794 2581 myr-

90 2594 208 2626 rham!
257 2593 397 2625 Accedo
425 2599 538 2623 tamen
566 2593 632 2622 illis
665 2592 793 2632 potins,

90 2645 149 2687 qui
174 2645 284 2675 locum
301 2648 501 2683 corruptum
530 2648 682 2674 censent.
721 2642 793 2673 Hu-

90 2695 168 2736 goni
182 2694 319 2736 quidem
335 2693 470 2732 (notio,
487 2693 581 2733 cujus
597 2693 659 2724 viri
676 2697 794 2724 sancta

89 2746 187 2778 nobis
212 2744 354 2777 Batavis
389 2753 463 2776 esse
491 2743 598 2775 debet
621 2742 794 2783 memoria,

1457 178 1569 219 140·ss

867 278 1016 319 Lydiae-is
1043 279 1223 319 legendum
1254 282 1452 320 videbatnr;
1480 288 1569 315 textu

866 330 956 360 enini
984 331 1085 370 Lydia
1110 332 1304 362 notissima:
1329 334 1406 364 milii
1437 335 1570 365 Niliacis

860 379 933 417 jani
959 381 1035 410 olim
1069 381 1221 420 placuit3
1260 391 1322 412 nec
1349 384 1568 415 :nudior-riter

866 429 1002 460 laetatns
1028 440 1112 468 suin,
1136 441 1212 462 cum
1240 432 1324 462 Lilio
1352 433 1502 472 Gyraldo
1534 433 1567 463 id

865 479 974 518 ipsum
993 491 1126 521 quoqne
1144 482 1175 511 in
1193 486 1339 512 mentem
1359 483 1489 513 venisse
1513 483 1570 513 dc-

866 531 1042 570 prehendi.
1082 532 1135 562 Sic
1166 533 1322 563 nimirum
1349 533 1566 564 scribendum

865 581 972 611 videri
991 583 1023 612 in
1040 592 1098 612 ora
1123 583 1248 613 codicis
1270 584 1320 613 sui
1348 589 1503 615 notarat:
1530 589 1567 614 ut

864 632 940 662 vela
965 632 1196 663 Alexandrina
1222 633 1424 664 Claudianus
1448 634 1568 664 intelli-

863 687 942 721 gat;
968 692 1066 722 quem
1096 683 1216 723 patriae
1245 694 1312 713 suae
1339 684 1486 714 libenter
1510 683 1567 714 ad-

862 732 998 763 modum
1025 733 1217 764 meminisse
1241 733 1362 773 passim
1381 733 1567 773 deprehen-

862 782 943 820 das3
983 787 1019 812 ut
1047 784 1100 813 vel
1132 782 1209 812 binc
1239 783 1434 823 [Egyptinm
1461 781 1566 813 fuisse

862 833 1027 872 suspicari
1060 833 1180 873 possiS,
1204 833 1230 863 si
1256 837 1455 872 argumenta
1486 832 1566 862 vali-

861 882 956 914 diora
987 883 1113 921 desint,
1151 883 1271 924 quibus
1306 883 1338 913 id
1378 883 1564 914 evincatur.

860 934 1048 964 Patavinus
1065 938 1158 964 certe
1175 933 1262 964 liber
1280 933 1425 963 Indiacis.
1454 933 1565 963 Nilum

860 988 973 1015 autern
991 989 1025 1014 et
1046 985 1154 1014 Indum
1172 983 1250 1014 alibi
1268 993 1402 1024 quoque
1423 982 1454 1012 in
1477 982 1563 1013 anti-

859 1035 932 1074 quis
964 1034 1137 1065 codicibus
1167 1033 1327 1065 confundi
1366 1033 1455 1073 apud
1487 1042 1564 1063 nos-

858 1088 947 1113 trum
965 1083 1204 1113 animadverti.
1238 1083 1489 1113 Alexandrinos
1507 1092 1565 1112 va-

859 1131 908 1162 ria
934 1136 1087 1163 monstra
1115 1132 1293 1173 variasque
1322 1132 1454 1163 belluas
1479 1133 1563 1163 velis

858 1184 926 1213 suis
956 1184 1142 1214 intexuisse
1179 1184 1296 1214 Plauti
1334 1185 1429 1215 locus
1462 1184 1564 1215 docet

857 1233 1030 1264 Pseudolo
1049 1233 1127 1264 Act.
1145 1243 1169 1264 1.
1191 1243 1239 1264 sc.
1256 1236 1287 1264 2.
1315 1234 1323 1250 ‘
1342 1233 1396 1264 Ita
1413 1243 1475 1273 ego
1490 1244 1563 1265 ves-

857 1290 910 1315 tra
925 1286 1035 1316 latera
1053 1285 1133 1316 loris
1154 1284 1275 1315 faciam
1294 1289 1331 1315 ut
1351 1285 1450 1315 valde
1468 1285 1562 1316 varia

855 1335 944 1366 sint:
996 1336 1043 1366 L‘t
1075 1345 1116 1366 ne
1152 1335 1392 1374 peristromata
1424 1334 1560 1376 quidem

855 1394 951 1426 reque,
980 1386 1075 1425 picta
1099 1385 1167 1416 sint
1191 1384 1411 1425 Campanica,
1439 1385 1559 1426 Neque

855 1435 1090 1466 Alexandrina
1106 1435 1257 1466 belluata
1281 1435 1496 1475 conchyliata
1511 1440 1560 1465 ta-

853 1486 970 1526 petia.’
1007 1486 1157 1517 Martial.
1188 1486 1303 1516 ‘victa
1329 1490 1382 1516 est
1414 1485 1559 1516 Pectine

854 1536 988 1568 Niliaco
1005 1537 1076 1577 jani
1100 1536 1285 1577 Babylonis
1313 1536 1412 1567 acus!
1447 1536 1559 1567 Caete-

853 1597 925 1617 rum
954 1597 1014 1628 pro
1046 1587 1179 1618 Niliacis
1204 1587 1278 1616 velis
1297 1587 1418 1626 opinor
1441 1586 1560 1626 reponi

853 1637 995 1676 debere,
1021 1637 1110 1668 telis:
1158 1637 1206 1667 ita
1237 1637 1326 1666 enim
1358 1635 1558 1675 frequenter

853 1685 964 1726 poe'tae
983 1696 1044 1726 pro
1064 1686 1248 1725 tapetibus.
1295 1685 1336 1715 In
1358 1685 1467 1725 primo
1493 1685 1558 1715 Va-

853 1737 967 1767 ticano
1006 1737 1151 1767 ,Iudaicis
1186 1736 1366 1775 legebatur
1410 1735 1559 1776 quidem,

851 1786 908 1817 sed
925 1786 973 1817 sic
999 1792 1035 1816 ut
1061 1796 1127 1816 una
1152 1786 1250 1816 litera
1278 1784 1373 1815 initio
1398 1785 1489 1815 vocis
1512 1785 1559 1815 vi·

851 1835 972 1866 deatur
1000 1845 1095 1866 erasa
1120 1844 1211 1873 esse,
1236 1835 1349 1874 spatio
1380 1833 1473 1864 brevi
1504 1843 1555 1864 re-

850 1886 949 1917 licto:
975 1896 1035 1926 pro
1054 1886 1160 1925 prima
1177 1894 1309 1925 qnoque
1330 1885 1428 1915 litera
1452 1884 1462 1913 i
1488 1884 1554 1914 alia

850 1936 950 1967 litera
967 1946 1064 1966 manu
1082 1935 1195 1975 priore
1209 1935 1402 1973 exstiterat,
1418 1939 1454 1964 ut
1472 1939 1554 1974 pnto

849 1997 868 2017 a
880 1998 889 2016 .·
906 1987 1042 2027 quintus
1058 1986 1245 2016 Vaticanus
1260 1985 1406 2015 Iudaicis.
1431 1986 1552 2015 Forte:

849 2038 858 2053 ‘
877 2036 1035 2077 quicquid
1065 2035 1164 2066 inane
1191 2035 1321 2072 Nutrit‚
1338 2035 1369 2065 in
1394 2035 1553 2066 Attalicis

850 2097 924 2127 quae
958 2086 1111 2127 pingitur
1146 2086 1243 2116 India
1273 2085 1380 2116 telis?
1419 2085 1553 2116 ‘aulaea

849 2137 1010 2169 Attalica‘
1041 2137 1129 2177 apud
1157 2137 1388 2176 Propertium,
1413 2141 1448 2166 et
1474 2138 1482 2153 ‘
1503 2140 1552 2166 to-

849 2199 904 2220 rus
931 2189 1109 2220 Attalicus'
1139 2194 1174 2219 et
1202 2189 1210 2205 ‘
1230 2193 1339 2218 vestes
1367 2187 1551 2227 Attalica&

843 2240 856 2275 ‚‘
877 2240 1031 2271 Attalica
1059 2236 1335 2279 peripetasmata'
1376 2237 1466 2278 apud
1498 2237 1551 2269 Ci-

847 2299 1004 2320 ceronem
1032 2299 1078 2320 vr.
1100 2289 1263 2319 Verrina:
1289 2288 1378 2329 apud
1404 2288 1550 2328 Proper-

849 2340 930 2371 tium
950 2349 1083 2380 quoqnc
1109 2339 1194 2369 libro
1212 2348 1234 2369 1.
1264 2339 1360 2377 Eleg.
1382 2340 1431 2368 1⁴.
1458 2336 1549 2368 vidc-

849 2396 902 2420 tur
918 2389 1151 2420 scribendum:
1176 2391 1184 2404 ‘
1199 2388 1288 2420 Quid
1307 2388 1437 2427 prosint
1463 2387 1549 2417 Pha-

846 2440 903 2470 riis
919 2440 1028 2470 serica
1043 2438 1216 2468 textilibus
1230 2437 1251 2468 ?'
1275 2437 1347 2468 Etsi
1363 2436 1459 2467 variis
1472 2445 1548 2467 auc-

845 2491 986 2521 toritate
1008 2489 1156 2520 Plautini
1179 2488 1243 2518 loci
1265 2486 1400 2517 defendi
1418 2486 1544 2526 possit:

844 2541 964 2571 ruriam
1011 2539 1099 2569 enini
1147 2537 1340 2574 versicolor,
1376 2534 1546 2572 πολύμιτον

845 2590 996 2625 Graecis3
1020 2588 1110 2629 qnod
1131 2587 1306 2626 pra-cessit
1329 2585 1481 2625 proxime
1497 2594 1546 2615 co-

843 2641 916 2671 cleis
941 2639 1076 2669 homincs
1091 2638 1216 2675 junctos
1241 2634 1380 2666 Bartliio
1407 2643 1544 2675 suspec-

844 2696 914 2722 tum
931 2696 984 2720 est
999 2688 1120 2719 mendi.
1143 2688 1186 2718 D.
1204 2687 1316 2717 Heins-

889 2740 1023 2780 Nutrt't]
1047 2739 1133 2780 Alit,
1149 2738 1271 2780 pascit,
1286 2736 1399 2769 habet.
