1852 3182
493 203 558 232 DF.
592 204 769 235 MALLII
804 208 986 240 Timon.
1020 212 1158 245 CONS.

141 294 184 323 38
207 292 314 324 Sacroe
328 295 514 324 mandantur
525 294 610 334 opes]
636 296 804 330 Comitiva

90 351 266 374 sacrarum
282 345 508 385 largitionum.
534 346 630 378 Idem.

140 392 247 424 Sacroe
262 394 348 434 opes]
377 394 463 425 Haec
481 395 629 435 dignitas
646 398 802 430 Quaestu-

95 451 165 473 ram
189 444 347 484 seqnitur
364 445 397 475 in
423 446 574 477 Notitia:
610 454 661 479 est
685 455 800 481 autem

95 492 265 524 Comitiva
277 503 448 526 sacrarum
472 496 688 537 largitionum
708 510 714 530 :
739 501 799 531 sub

94 551 163 583 qua
190 543 357 576 Praesecii
385 545 632 586 thesaurorum,
649 549 798 581 Comites

92 594 328 635 metallorum,
344 602 379 627 et
397 597 465 628 alii.
503 600 625 630 Clurer.

139 644 288 685 Orbisque
313 647 448 687 tributu]
486 649 643 680 Universi
683 650 798 689 Orbis,

92 693 255 726 Romanis
271 696 413 737 devicti,
437 698 499 729 sul>
516 709 649 730 manum
668 702 797 733 ,Manlii

90 746 286 776 convenisse
303 748 397 779 dicit.
422 749 537 781 Barth.

132 797 171 825 41
199 796 316 828 Abdita
343 799 496 839 sollertia]
543 800 630 832 Aliis
662 802 795 841 populis

89 843 214 882 ignota.
246 848 389 888 Semper
406 849 494 879 enim
508 852 645 882 metallo
663 851 794 883 fodien-

88 893 132 924 do
165 900 288 926 natura
313 898 396 929 aiios
421 899 493 930 aliis
519 900 794 934 industriosiores

87 943 180 976 fecit.

131 996 303 1036 Pallentes]
329 998 524 1039 Perpetuus
553 1002 647 1032 color
675 1003 791 1034 talium

87 1054 283 1084 operarum.
323 1050 426 1081 Silius
444 1051 607 1082 italicus:
639 1055 648 1069 ‘
675 1054 719 1084 Et
742 1064 791 1085 re-

85 1094 135 1126 dit
148 1096 269 1128 infelix
287 1097 407 1130 effosso
421 1103 583 1132 concolor
597 1103 704 1134 auro.'

128 1145 236 1186 Bessi]
270 1148 359 1179 Mira
376 1151 527 1181 sollertia
547 1152 644 1192 hujus
673 1155 791 1194 populi

85 1195 126 1226 ad
144 1205 216 1227 rem
243 1199 449 1231 metallicam
474 1202 682 1243 celebratur,
709 1205 789 1234 alio-

84 1247 164 1288 quin
182 1246 336 1280 indomiti
356 1249 570 1292 barbarique.
610 1254 696 1284 Sunt
710 1264 788 1284 vero

81 1297 236 1329 Thraciae
274 1300 379 1330 medii
425 1302 629 1341 populorum
677 1303 787 1343 Bessi,

82 1351 172 1379 teste
190 1354 317 1389 praeter
344 1350 425 1381 alios
451 1351 561 1391 Livio,
577 1352 634 1384 lib.
654 1361 785 1385 xxxix.

81 1397 200 1429 Barth.

124 1448 234 1489 Bessi]
256 1450 331 1482 Lat.
358 1452 507 1484 Pacatus
525 1455 701 1495 eleganter
729 1466 784 1486 vo·

81 1503 138 1530 cat
155 1500 298 1532 Bessum
326 1504 531 1543 quoesitorem,
549 1506 638 1546 quod
667 1516 784 1537 aurum

78 1551 115 1583 in
131 1557 233 1584 terrae
251 1554 434 1586 visceribus
452 1557 621 1597 exquirat.
661 1559 783 1589 clm-er.

122 1606 164 1634 42
187 1605 236 1635 Ac
250 1606 333 1636 velut
349 1606 487 1646 exertus]
526 1607 612 1637 Haec
630 1615 784 1639 veterum

77 1653 243 1685 librorum
259 1655 372 1687 lectio.
418 1657 517 1687 Unde
543 1661 689 1697 expertus
704 1659 783 1689 olim

78 1704 337 1737 concinnabant.
363 1707 464 1738 Nunc
477 1708 556 1738 nihil
567 1715 671 1739 muto.
686 1710 784 1739 Glos-

79 1765 116 1786 sa
134 1754 351 1787 Ambrosiani
370 1758 464 1788 unius
477 1762 612 1797 exertus,
626 1759 784 1799 probatus.

77 1805 190 1846 Vulgo
205 1807 338 1838 excitus.
373 1809 581 1849 remigantes
598 1811 784 1842 exerebant

76 1854 236 1888 brachia:
261 1857 339 1888 hinc
364 1858 451 1890 bene
476 1860 587 1890 exerti
614 1860 783 1893 dicuutur.

75 1905 219 1946 Statius,
249 1906 355 1937 Theb.
387 1916 442 1938 rx.
469 1908 512 1938 de
541 1909 677 1940 Diana:
702 1912 783 1941 ‘no-

75 1959 214 1996 tamque
241 1956 407 1987 tremiscit
434 1957 527 1988 Silva
543 1958 664 1998 Deam,
681 1960 781 1990 saevis

75 2005 132 2036 ubi
150 2006 317 2046 quondam
343 2012 464 2039 exerta
480 2009 612 2048 sagittis
641 2012 781 2042 Foecun-

75 2055 151 2086 dam
170 2057 258 2087 lasso
276 2057 423 2088 Niobem
447 2067 702 2101 consumpserat
729 2072 781 2093 ar·

74 2106 139 2138 cu.'
162 2107 206 2137 D.
227 2107 338 2138 Heins.

117 2157 289 2188 Lencandis
318 2158 430 2200 tonsis]
473 2160 595 2190 'l‘onsae
614 2160 697 2192 dicti
729 2171 780 2192 re-

73 2206 120 2237 mi
162 2216 181 2237 a
223 2206 439 2239 decutiendis
478 2208 652 2249 fluctibus,
691 2211 782 2243 sicut

73 2260 230 2287 tonsores
256 2267 275 2288 a
302 2257 517 2290 decutiendis
535 2266 570 2291 et
599 2261 780 2294 tondendis

73 2307 218 2349 capillis.
273 2309 409 2340 Lentare
472 2314 574 2341 tonsas
622 2312 780 2344 dicuutur

73 2362 202 2398 nautae,
230 2359 308 2399 quia
333 2360 425 2391 lente
444 2361 648 2393 obluctando
677 2365 780 2405 majo-

70 2407 165 2439 ribus
189 2407 350 2440 fluctibns
369 2415 425 2441 aut
453 2413 550 2451 plane
569 2418 678 2444 strato
696 2415 779 2445 mari

70 2459 184 2490 navim
205 2460 421 2492 emoliuutur.
468 2462 509 2493 Id
533 2464 663 2494 indicat
681 2465 778 2496 Maro

70 2508 165 2549 ipse:
190 2510 200 2527 ‘
214 2516 249 2541 et
265 2510 297 2541 in
313 2511 406 2543 lento
423 2512 592 2544 luctantur
612 2524 778 2547 marmore

70 2560 203 2592 tonsae!
226 2561 345 2592 Barth.

111 2611 153 2640 43
178 2611 292 2642 Lateri
308 2611 422 2651 custos]
456 2612 640 2653 Inspector
658 2624 776 2655 opem-

69 2669 144 2690 rum
181 2661 419 2700 nauticarum3
473 2664 589 2704 quales
635 2666 776 2706 singulis

70 2708 237 2741 lateribus
291 2712 418 2752 navigii
471 2715 646 2754 appositos
695 2716 774 2747 hinc

1444 209 1558 252 1423

858 301 997 334 clarum.

902 353 1316 398 Tempestatesquesuttiras]
1350 360 1482 392 Sanora«
1495 374 1554 395 sex

854 403 985 443 scripti,
1012 411 1047 436 et
1075 408 1173 446 prim.
1203 408 1314 439 Vatic.
1344 420 1404 449 pro
1421 413 1555 444 diversa

854 452 1013 493 lectione,
1041 456 1230 496 Virgiliuno
1269 458 1489 492 hemistichii).
1519 469 1554 494 et

855 506 923 532 tum
947 505 1059 535 malim
1079 506 1239 538 Pradocet
1266 510 1421 550 sequenti
1448 521 1555 542 verbu.

853 552 901 581 D.
916 553 1029 586 Istius.

893 604 934 632 >14
964 603 1140 645 Temperat]
1165 607 1278 646 Regit.

895 652 1157 695 Tempestate-sque
1176 656 1321 699 suturas]
1366 659 1420 691 De
1447 661 1551 702 Prog-

850 704 989 734 nostieis
1005 714 1137 744 scrmo5
1162 708 1272 747 qualia
1290 708 1410 749 Arato,
1440 712 1552 742 Maro-

850 753 894 790 ni,
911 753 1068 793 Yegefio,
1085 756 1141 787 lib.
1159 765 1209 787 tv.
1229 758 1292 788 Rei
1318 759 1390 790 Mil.
1409 760 1551 802 aliisque

848 807 977 834 notata.
1003 804 1122 836 Barth.

889 858 929 885 45
959 856 1038 887 Cum
1063 858 1187 888 Dorida
1213 859 1322 890 vicerit
1350 861 1420 901 usu]
1458 862 1549 894 Pon-

847 908 928 943 tum,
952 907 1222 949 nmritimamque
1249 910 1430 942 Fortunam
1455 914 1549 945 velut

846 954 986 993 pedibus
1004 957 1197 996 subjecerit.
1220 959 1319 990 Doris
1336 967 1474 1001 pontum
1489 963 1548 994 de-

845 1010 953 1036 notat.
977 1006 1094 1038 Barth.
1543 1023 1546 1026 ⁴

887 1056 1024 1097 Dorida]
1053 1058 1123 1089 Pro
1151 1060 1247 1099 mari,
1273 1066 1309 1092 ut
1326 1067 1361 1092 et
1375 1063 1495 1104 virgil.
1512 1065 1547 1096 in

844 1106 957 1137 Gallo.

885 1159 927 1186 46
943 1155 1035 1188 Subit
1048 1159 1204 1200 torquere]
1228 1159 1386 1202 Orditur‚
1404 1163 1546 1205 Incipit.

841 1205 959 1236 Barth.

882 1257 924 1286 117
949 1256 1066 1287 Rerum
1091 1259 1288 1299 documenta]
1334 1261 1453 1294 Mentis
1482 1265 1546 1304 pri.

839 1304 952 1335 Vatic.
986 1306 1129 1339 Lucens.
1156 1313 1191 1339 et
1217 1319 1299 1340 nnus
1331 1312 1460 1344 Medic.
1498 1315 1544 1346 D.

840 1355 954 1386 mins.

878 1408 920 1436 *15
943 1407 982 1438 In
1009 1409 1090 1439 omni
1105 1419 1230 1450 corpore
1254 1412 1432 1453 imperium]
1459 1414 1544 1446 Cor-

839 1456 912 1495 pori
928 1458 1016 1487 enini
1032 1465 1233 1500 exaequatur
1247 1462 1438 1493 uuiversum
1457 1463 1542 1496 illud

838 1506 1034 1547 Imperium,
1082 1515 1381 1553 quantumcunque
1426 1514 1541 1546 etiam.

838 1558 919 1597 Ejus
938 1559 1046 1597 pluria
1062 1561 1214 1592 membra
1240 1563 1352 1602 plures
1375 1569 1452 1595 sunt
1468 1565 1542 1596 Ma-

837 1609 1011 1647 gistratus,
1029 1620 1170 1650 quorum
1193 1612 1330 1652 siugulis
1347 1612 1479 1644 diversa
1493 1613 1542 1645 of-

836 1657 924 1689 ficia.
949 1660 1067 1690 Barth.

878 1711 920 1738 49
945 1709 1199 1748 Cunctatellurc]
1235 1711 1380 1742 Minima
1406 1712 1540 1752 quidem

837 1763 935 1798 parte
952 1770 959 1796 ;
985 1760 1042 1790 sed
1057 1760 1129 1790 liaec
1148 1765 1200 1790 est
1216 1770 1260 1791 ex
1272 1761 1455 1793 ambitione
1475 1763 1540 1794 Ro-
1583 1800 1586 1803 ¹

834 1818 935 1840 mana
952 1810 1088 1841 locutio.
1116 1811 1211 1842 idem.

876 1862 918 1890 50
943 1860 1088 1899 Hispana
1112 1860 1169 1890 tibi
1187 1862 1403 1902 Germanaque
1426 1863 1539 1904 Tethys

837 1908 965 1948 Paruit]
1001 1909 1120 1940 Omnis
1151 1905 1316 1951 Hiepauia
1354 1917 1388 1943 et
1423 1912 1538 1945 Gallia

833 1969 939 2000 usque
969 1960 1010 1990 ad
1043 1960 1232 1992 Oceanum.
1284 1961 1537 1995 Praefecturam

833 2009 1002 2040 Praetorio
1031 2010 1219 2041 Galum-um
1257 2011 1429 2053 intelligit,
1454 2013 1539 2045 Ger-

833 2060 976 2090 maniam
996 2070 1057 2099 pro
1075 2061 1188 2092 Gallia
1205 2061 1342 2099 dicens3
1365 2072 1441 2093 nam
1459 2063 1536 2096 duae

831 2110 1024 2141 Provincia]
1057 2111 1270 2142 Germanicae
1303 2117 1373 2142 tum
1411 2114 1536 2154 populo

831 2161 984 2191 Romano
1007 2161 1184 2199 suberant,
1213 2171 1330 2203 eaeque
1356 2163 1445 2193 inter
1459 2173 1536 2204 sep-

831 2210 1014 2241 temdecim
1041 2211 1236 2242 Gallicanas
1261 2213 1535 2246 numerabantur.

830 2261 927 2291 Idem.

874 2311 1021 2351 Hispana
1045 2311 1105 2341 libi
1133 2312 1361 2352 Germanaque]
1386 2312 1535 2344 I’raefcc-

829 2365 938 2392 turam
968 2362 1073 2392 Praet.
1097 2361 1285 2392 Galliarum
1311 2363 1454 2403 accipio,
1471 2363 1532 2394 sub

829 2421 895 2452 qna
923 2411 1098 2451 Hispaniae
1125 2421 1188 2442 vn.
1217 2412 1421 2451 Provinciae,
1452 2413 1533 2443 Gal-

828 2462 949 2492 liarum
975 2471 1064 2493 xvu.
1093 2462 1212 2503 I’rov.,
1230 2464 1479 2494 Britanniarum
1496 2472 1532 2495 v.

831 2512 952 2543 Cluver.

871 2568 909 2596 51
940 2565 1056 2595 Nostro
1071 2565 1197 2596 diducta
1214 2565 1387 2595 Britannia
1403 2564 1528 2603 mundo]

828 2614 857 2645 Α
877 2615 985 2654 primo
1002 2615 1170 2646 domitore
1191 2615 1283 2647 Julio
1305 2616 1440 2645 cirsai-e
1456 2613 1528 2644 Bri-

827 2666 945 2696 tannia
974 2666 1036 2696 hoc
1066 2665 1194 2703 habuit,
1220 2669 1257 2695 ut
1280 2665 1374 2694 velut
1397 2663 1429 2693 in
1462 2663 1527 2694 alio

825 2716 950 2747 mundo
976 2715 1144 2747 collocata
1168 2718 1376 2754 censeretur,
1397 2713 1525 2755 quippe
