1851 3213
269 212 317 253 1]
327 210 383 254 82

760 224 835 256 GL.
869 225 1151 257 CLAUDIANI
1185 225 1228 255 C.

964 457 1031 505 C.

731 623 803 664 50.

876 622 949 664 IN
982 622 1271 665 SIRENAS.

269 742 446 785 DULcE
467 745 635 785 malum
654 744 813 798 pelago
835 745 973 794 Siren,
994 745 1285 797 volucresque
1304 744 1480 798 puellae,

269 811 484 866 Scyllaeos
505 812 615 851 inter
636 812 845 857 fremitus,
869 812 1131 864 avidamque
1156 811 1424 865 Charybdin,

269 877 449 918 Musica
468 891 580 917 saxa
599 877 721 918 fretis
741 879 1000 919 habitabant
1019 878 1169 919 dulcia
1186 882 1396 928 monstra,

269 943 443 985 Blanda
465 946 630 998 pericla
649 947 782 987 maris
800 960 810 998 ;
843 950 976 987 terror
997 959 1173 1000 quoque
1195 950 1342 998 gratus
1362 946 1408 986 in
1428 944 1579 986 undis.

269 1010 444 1053 Delatis
465 1012 568 1054 licet
587 1013 674 1053 huc
696 1014 968 1056 incumberet
987 1026 1095 1055 aura
1116 1014 1292 1062 carinis,
1711 1013 1739 1054 5

317 1118 423 1158 Siren,
449 1121 563 1151 malum
579 1120 750 1160 jucundum
766 1122 799 1152 in
820 1124 940 1162 pelago,
963 1126 994 1153 et
1010 1122 1149 1161 virgines
1171 1123 1263 1153 alatae
1286 1122 1370 1153 inter
1391 1132 1549 1153 murmura
1571 1121 1695 1164 Scylla,
1710 1126 1741 1154 ot

275 1161 452 1203 Charybdis
467 1164 588 1203 rapacis
602 1164 775 1195 incolebant
788 1175 879 1205 rupes
901 1169 1079 1196 resonantes
1090 1166 1123 1195 in
1132 1165 1220 1203 freto
1231 1176 1241 1195 .-
1263 1165 1316 1195 bae
1341 1165 1476 1196 Sirenes
1493 1171 1590 1196 erant
1604 1169 1743 1196 monstra

268 1208 377 1246 grata,
388 1206 527 1246 pericula
543 1207 644 1237 dulcia
657 1208 773 1247 pelagi,
798 1208 891 1238 timor
914 1209 1009 1238 etiam
1033 1209 1176 1239 amabilis
1198 1209 1230 1239 in
1246 1207 1344 1248 aquis.

889 1292 1005 1303 ιιιιιι

1392 1207 1543 1243 Quamvis
1557 1211 1665 1239 ventus
1672 1207 1742 1245 fer-

1008 1292 1124 1303 eeeeee

315 1331 393 1363 Hoc
410 1333 631 1373 Epigramma
661 1339 737 1366 erat
767 1335 800 1365 in
828 1335 970 1366 Schedis
995 1335 1175 1375 Gudianis,
1199 1335 1259 1366 sed
1285 1335 1319 1365 in
1336 1335 1420 1365 Mss.
1443 1334 1612 1375 omnibus,
1635 1340 1670 1366 et
1687 1334 1740 1366 ed.

272 1373 389 1405 Parm.
408 1375 635 1407 desideratur.

314 1419 329 1446 1
356 1417 478 1448 Sirenae
506 1428 569 1458 pro
592 1418 686 1450 Siren
717 1419 796 1451 edd.
823 1419 904 1451 Ald.
930 1420 1054 1461 Isingr.
1079 1419 1281 1460 Gryph.—4
1305 1422 1463 1460 terrorque
1474 1423 1586 1459 gratus
1601 1420 1635 1450 in
1649 1420 1742 1451 undis

936 1512 967 1543 N
976 1511 1078 1543 0⁷1*AE

315 1586 331 1614 1
357 1583 456 1616 Dulce
472 1585 599 1625 malum]
642 1585 980 1629 Nautisjucundum,

273 1632 332 1664 sed
351 1634 455 1665 etiam
471 1635 654 1668 inimicum.

316 1683 424 1725 Siren]
442 1686 494 1716 De
510 1687 762 1728 Sirenibusjam
777 1699 880 1729 supra
892 1699 980 1730 quae-

271 1732 347 1764 dam
377 1734 546 1767 diximus:
583 1737 642 1767 sed
670 1738 735 1769 hoc
763 1739 908 1770 addatur
936 1750 979 1771 ex

271 1783 394 1815 diebus
413 1784 614 1817 Genialibus
641 1788 770 1820 laudati
786 1790 859 1829 jam
875 1790 980 1821 Alex·

271 1833 367 1864 andri
379 1834 421 1865 ab
435 1834 654 1868 Alexandro:
678 1839 811 1871 aiebat‘
827 1840 981 1872 Theodo-

272 1894 330 1916 rus
346 1884 451 1926 Gaza,
470 1887 520 1916 vir
541 1887 667 1919 Graeca
680 1888 839 1923 facundia
855 1891 979 1932 clarus,

271 1940 308 1967 et
337 1936 569 1977 Philosophiae
609 1941 792 1981 praeceptis
828 1941 978 1973 imbutus

272 1986 523 2026 egregie...cum
541 1987 573 2017 in
588 1988 831 2029 Peloponneso
849 1996 979 2031 ageret,

271 2041 308 2068 et
323 2034 414 2067 soeda
429 2039 528 2068 maris
547 2044 752 2079 tempestate
771 2041 893 2072 oborta
918 2042 978 2072 du-

270 2087 400 2118 rissimo
422 2092 579 2128 tempore
609 2091 698 2131 anni,
725 2094 887 2124 nonnulla
911 2093 978 2133 pis-

273 2138 361 2168 cium
385 2144 534 2170 monstra
562 2142 720 2181 procellae
743 2142 785 2174 ad
803 2143 899 2175 littus
916 2145 978 2175 illi-

271 2188 407 2229 sissent,
433 2190 523 2220 inter
550 2197 669 2223 cetera
701 2193 824 2225 vidisse
857 2194 979 2225 Nerei-

272 2238 348 2269 dem
377 2240 408 2269 in
439 2240 552 2271 littore
584 2240 746 2275 fluctibus
774 2245 978 2286 expositam,

270 2289 445 2320 viventem
472 2291 544 2330 jam
574 2297 610 2323 et
645 2294 845 2336 spirantem,
882 2297 979 2327 vultu

270 2339 358 2371 haud
377 2340 524 2372 absimili
551 2342 712 2384 humano,
738 2344 827 2376 facie
843 2356 979 2387 quoque

272 2390 410 2430 deeora,
428 2401 536 2432 neque
555 2394 737 2426 invenusta
758 2397 888 2437 specie,
905 2407 978 2429 cor-

272 2450 356 2481 pore
373 2442 520 2482 squamis
538 2443 625 2475 hirto
639 2445 681 2475 ad
699 2446 825 2486 pubem
842 2457 980 2489 usque...

270 2492 339 2523 Sed
366 2501 453 2530 eam,
473 2502 548 2523 cum
571 2494 652 2524 sein
669 2496 760 2528 sicco
781 2496 980 2529 destitutam

272 2542 419 2583 videret,
432 2553 502 2584 prae
519 2544 635 2575 dolore
650 2546 795 2585 gemitus
808 2548 979 2588 spirantes

273 2597 310 2624 et
325 2593 494 2634 lacrymas
513 2594 636 2625 uberes
655 2595 813 2628 dedisse!
841 2598 889 2630 At
902 2609 978 2631 cum

273 2644 369 2685 aquis
397 2643 532 2675 admota
556 2650 659 2685 esset,
677 2652 854 2678 crescente
870 2647 978 2681 fluctu

273 2703 316 2724 ex
343 2694 450 2726 oculis
476 2695 669 2727 mirantium
694 2698 843 2730 evanuit.
888 2700 978 2731 Sire-

273 2754 332 2775 nes
358 2749 473 2777 autem
495 2751 529 2777 et
552 2747 722 2779 Nereides
746 2748 837 2781 inter
860 2760 897 2781 se
914 2751 978 2782 dis-

273 2801 428 2836 crepant.
482 2797 650 2830 Nereides
689 2808 756 2830 non
795 2804 873 2831 sunt
912 2802 978 2833 ala-

1036 1592 1079 1619 tae
1095 1598 1102 1618 :
1127 1597 1224 1619 secus
1241 1587 1284 1618 de
1309 1586 1494 1626 Sirenibns,
1521 1596 1598 1628 quae
1615 1586 1659 1618 ab
1676 1586 1744 1618 Eu-

1034 1637 1148 1679 ripide
1189 1638 1350 1670 dicuntur
1385 1637 1573 1679 Πτεροφόροι
1610 1637 1744 1669 νεανίδες

1035 1688 1196 1731 Παρθένοι,
1213 1691 1306 1721 alatae
1318 1690 1427 1729 puella>
1447 1689 1607 1728 Virgines.
1631 1689 1742 1720 Porro

1033 1740 1169 1771 Sirenes
1190 1740 1353 1771 dicuntur
1380 1749 1446 1770 non
1472 1738 1533 1769 ἀπὸ
1547 1740 1605 1769 τοῦ
1627 1737 1742 1780 σύρειν,

1033 1791 1171 1829 trahere,
1199 1790 1264 1821 etsi
1291 1794 1396 1820 cantu
1419 1794 1538 1820 nautas
1569 1790 1742 1821 attrahere

1028 1840 1220 1881 jactentur,
1257 1840 1383 1881 alioqui
1428 1844 1551 1871 contra
1588 1844 1742 1871 veterem

1034 1890 1206 1922 scribendi
1235 1891 1414 1931 rationem,
1436 1891 1621 1922 dicendum
1651 1896 1744 1923 esset

1033 1940 1187 1982 Syrenes:
1211 1941 1271 1972 sed
1297 1942 1346 1972 sic
1363 1941 1581 1982 appellantur
1604 1941 1666 1972 ἀπὸ
1687 1943 1744 1980 τῆς

1033 1993 1147 2033 σειρᾶς,
1175 1992 1262 2034 quod
1292 1993 1447 2023 vinculum
1477 1995 1524 2024 est
1553 1996 1584 2023 et
1621 1996 1741 2034 catena,

1034 2043 1124 2084 quod
1142 2043 1210 2074 suis
1223 2042 1447 2074 concentibus
1459 2043 1590 2074 vinctas
1604 2043 1744 2075 audien-

1036 2094 1119 2125 tium
1136 2103 1235 2124 aures
1262 2098 1382 2124 tenere
1405 2098 1509 2135 atque
1526 2093 1666 2126 irretire
1681 2093 1743 2125 fin-

1035 2150 1170 2185 gantur.

1083 2194 1414 2235 Volucresquepuelloe]
1430 2194 1487 2226 Ita
1500 2194 1742 2237 pingebantur,

1034 2249 1073 2275 ut
1099 2245 1250 2285 pulchrae
1278 2245 1370 2276 inter
1396 2245 1524 2285 puellas
1556 2246 1742 2285 pulcherri-

1035 2305 1118 2333 mas,
1134 2298 1236 2326 cantu
1254 2299 1361 2335 gratae
1388 2295 1480 2326 inter
1503 2305 1583 2327 aves
1599 2306 1741 2328 canoras

1033 2345 1255 2376 haberentur.

1077 2398 1097 2426 2
1121 2394 1279 2435 Scyllaeos,
1297 2395 1473 2436 Carybdz’n]
1508 2397 1518 2414 ‘
1537 2396 1629 2429 Hinc
1644 2396 1741 2429 fabu-

1033 2446 1075 2476 1ae
1094 2445 1301 2486 Charybdim
1320 2452 1356 2477 et
1379 2446 1531 2487 Scyllam
1548 2457 1739 2489 peperere3

1032 2496 1112 2527 hinc
1138 2496 1281 2527 latratus
1310 2496 1469 2535 auditus3
1493 2498 1570 2529 hinc
1597 2495 1740 2529 monstri

1034 2547 1168 2579 credita
1201 2547 1381 2578 simulacra
1420 2547 1498 2578 dnm
1541 2550 1740 2589 navigantes

1033 2598 1163 2639 magnis
1190 2598 1377 2629 vorticibus
1408 2598 1520 2639 pelagi
1551 2599 1739 2633 desidentis

1033 2650 1191 2681 exterriti
1218 2650 1346 2680 latrare
1370 2654 1490 2690 putant
1515 2650 1632 2690 undas,
1656 2661 1738 2693 quas

1034 2701 1204 2732 sorbentis
1220 2705 1323 2732 aestus
1340 2709 1466 2741 vorago
1482 2700 1663 2732 condidit)

1076 2754 1094 2782 3
1120 2752 1226 2782 Fretis
1240 2751 1437 2792 habitabant]
1459 2752 1595 2783 Sirenes
1609 2752 1740 2783 habita-

1033 2800 1117 2833 bant
1133 2811 1214 2833 saxa
1230 2801 1262 2833 in
1280 2800 1368 2833 freto
1393 2801 1520 2844 Siculo,
1535 2802 1596 2834 sed
1613 2802 1738 2834 Μιιεὶοιι
