1851 3213
303 224 415 268 1364

305 339 383 361 num
409 328 628 368 Siculumque
653 323 804 356 fretum!
851 322 1013 354 Bai-thius

307 382 478 422 vulgatam
510 379 712 417 scripturam
744 374 912 405 immerito
942 378 1015 403 tue-

307 437 373 463 tur.
422 430 525 471 Apud
538 427 801 459 Constantinum
819 423 1015 463 Porphyre-

307 486 488 522 gennetem
519 480 551 510 in
580 476 798 509 Thematibus
826 475 950 511 Γοθῆνοι
967 473 1017 504 di-

309 537 444 564 cuntur.
471 531 516 561 D.
534 528 649 559 Heius.

352 585 415 614 624
442 581 481 611 In
509 578 631 609 lintreis
651 576 780 615 fregere
806 573 925 613 nemus]
956 573 1019 603 Co-

246 673 256 679 ,
306 633 401 674 piam
420 631 557 662 navium
569 628 733 667 designat.
758 627 886 658 Lucan.
909 623 968 654 lib.
993 632 1018 653 1.

309 685 318 701 ‘
339 685 377 715 In
418 684 560 714 classem
596 678 691 710 cadit
734 686 832 708 omne
876 672 1019 705 nemus!

313 735 431 767 Barth.

354 788 417 817 627
444 782 602 823 Incipiens
632 779 725 820 setas]
764 776 936 809 Honorius
964 784 1022 804 na-

313 842 368 868 tus
403 839 454 866 est
496 828 797 868 Constantinopoli
835 835 924 856 anno
960 826 1023 854 384

311 883 518 927 Septembri,
562 880 744 912 Ricomere
783 881 819 907 et
858 875 1024 907 Clearcho

314 940 409 970 Coss.
446 934 505 966 sed
537 938 619 964 tunc
651 931 764 962 verius
789 929 1025 961 renunciatum

314 993 375 1019 aut
388 985 605 1025 designatum
623 982 780 1013 arbitror.
808 981 932 1011 Clarer.

361 1038 491 1068 Primus
506 1034 619 1074 annus]
654 1033 789 1064 Primus
816 1030 1026 1068 consulatus,

317 1097 384 1119 non
412 1086 524 1118 aetatis
542 1094 661 1123 annus,
693 1091 797 1123 quare
813 1085 848 1112 et
864 1080 1027 1120 incipieu—

318 1142 389 1169 tem
407 1141 545 1168 aetatein
561 1133 745 1174 separavit.
769 1131 886 1163 Barth.

367 1187 519 1219 Contudit
550 1183 664 1223 annus]
711 1183 766 1213 Sic
801 1180 952 1212 nonnulli
985 1189 1028 1210 ex

318 1239 455 1277 nostris,
472 1235 639 1277 quomodo
656 1232 794 1263 Delrius
820 1229 1029 1270 aliiquejam

320 1286 572 1320 emendandum
595 1283 769 1314 viderunt.
814 1280 927 1319 Vulgo
943 1279 1030 1308 male

319 1338 462 1370 contulit.
496 1335 586 1365 bello
609 1334 690 1364 Get.
715 1333 724 1349 ‘
741 1335 838 1362 tanta
853 1339 916 1360 nec
932 1328 1030 1359 clade

322 1388 508 1428 superbum
533 1383 757 1416 Contudimus
779 1378 940 1411 Tanaim!
971 1378 1031 1408 lib.

324 1447 350 1469 1.
369 1438 403 1468 in
418 1435 549 1467 Stilich.
567 1435 576 1451 ‘
594 1443 658 1464 non
676 1433 791 1463 Marte
805 1432 931 1461 Suevos
948 1429 1034 1460 Con-

321 1486 496 1520 tudimus.’
537 1494 586 1516 vx.
611 1485 714 1515 Cous.
755 1483 887 1513 Honor.
926 1480 935 1496 ‘
952 1480 1034 1510 Ret-

323 1539 417 1572 tudit
433 1538 573 1569 hostiles
592 1534 741 1574 animos‚'
764 1539 801 1564 ut
829 1533 899 1564 illic
922 1532 1035 1572 legen-

324 1592 416 1622 dum.
462 1589 586 1620 Posset
612 1592 647 1618 et
668 1587 736 1626 legi
756 1584 915 1624 Incipiens
931 1586 1034 1613 aestus.

325 1640 485 1681 sequenti
516 1648 618 1669 versu
651 1646 714 1677 pro
750 1635 915 1666 submersoe
952 1642 1036 1663 unus

327 1689 510 1721 Pulmanni
537 1697 698 1719 succensae.
737 1686 865 1726 placet,
900 1692 960 1724 pro
988 1683 1036 1712 in·

327 1750 451 1772 censae.
476 1740 522 1769 D.
542 1737 654 1768 Heius.

369 1793 433 1821 630
448 1787 636 1827 Corporibus
641 1784 797 1826 premitur
814 1782 928 1822 Peuce]
945 1782 1038 1813 Stra-

328 1849 404 1882 gem
418 1838 571 1870 omnibus
583 1836 718 1867 omnino
731 1833 906 1864 navalibus
924 1832 1038 1872 copio-

328 1892 451 1923 siorem
469 1892 617 1919 testatur
629 1885 733 1916 fuisse
750 1883 917 1914 Zosimus.
938 1883 1039 1912 Peuce

331 1946 446 1973 autem
474 1938 584 1969 insula
600 1934 754 1966 Danubii
770 1932 906 1973 populis
934 1932 1039 1970 culta,

331 1991 389 2033 qui
406 1988 585 2030 speciatim
609 1985 744 2016 Peucetii
761 1982 1039 2025 perhibebantur.

334 2040 453 2073 Barth.

376 2095 439 2123 632
467 2087 627 2128 Odothoei]
659 2087 842 2118 Promotus
863 2084 931 2115 dux
947 2083 1039 2123 pedi-

333 2148 405 2175 tum
431 2142 465 2173 in
493 2140 640 2171 Thracia
666 2136 871 2169 Odothaemn
897 2133 1040 2174 navigiis

334 2202 524 2234 aggressus,
564 2189 700 2221 Zosimo
727 2190 879 2225 auctore,
913 2189 1041 2216 tantam

334 2249 483 2282 stragem
496 2241 618 2277 edidit,
631 2244 667 2270 ut
679 2237 802 2270 flumen
816 2235 1042 2268 cadaveribus

334 2293 546 2333 oppleretur.
573 2292 662 2321 Clav.

379 2344 442 2372 633
463 2341 549 2380 Tibi]
573 2339 728 2372 Geminis
747 2337 812 2368 tuis
829 2335 945 2376 primis
957 2334 1044 2364 Con-

336 2392 515 2425 sulatibus.

379 2441 528 2473 Secundis
540 2441 698 2480 auspiciis]
721 2438 908 2470 Consulatu
927 2444 1044 2466 secun—

338 2493 393 2524 do.
417 2492 534 2522 Barth.

379 2545 441 2573 635
464 2539 657 2581 Tyrannum]
681 2538 881 2577 Eugenium,
898 2545 973 2566 cum
987 2544 1045 2565 suo

338 2593 506 2633 Magistro
527 2590 730 2629 Arbogaste.
756 2588 851 2617 Idem.

379 2645 445 2674 636
469 2643 551 2672 Ister
578 2640 762 2678 sanguineos
784 2636 848 2675 egit
874 2642 904 2666 te
926 2635 1046 2665 consule

339 2691 472 2731 montes]
494 2692 551 2722 Ita
564 2691 681 2731 primae
699 2687 866 2719 editiones
883 2690 917 2715 et
927 2684 1047 2724 scripti

340 2753 468 2775 omnes.
514 2741 655 2781 Vulgati
673 2740 755 2770 duos
768 2747 884 2768 versus
903 2746 963 2776 pro
981 2744 1046 2765 uno

340 2794 441 2826 uobis
457 2791 664 2823 obtrudunt:
691 2790 772 2820 Ister
783 2786 966 2826 sanguineos
982 2785 1047 2823 egit

340 2849 372 2877 te
384 2845 504 2878 consule
504 2843 634 2885 fluctus,
642 2841 775 2882 Alpinos
784 2838 909 2880 genitor
921 2837 1006 2878 rupit
1017 2839 1048 2867 te

539 231 683 264 NOTAE
716 228 981 261 VARIORUM
1016 225 1068 257 IN
1103 226 1178 257 CL.
1211 223 1397 254 CLAUD.
1431 220 1540 251 V111.

1063 320 1183 351 consule
1196 321 1320 350 montes.
1337 316 1434 357 cujus
1450 313 1483 345 id
1499 308 1700 345 liberalitati
1711 308 1770 341 de·

1066 371 1215 410 beamus,
1225 365 1477 406 incertum,nisi
1491 363 1581 406 quod
1594 366 1772 403 suspectus

1066 422 1120 452 hic
1137 420 1339 460 Isingrinus.
1384 415 1545 448 Bartbius
1570 418 1684 444 tamen
1710 420 1773 451 pro

1066 470 1215 511 vulgatis
1228 466 1479 508 exemplaribus
1493 462 1679 504 praefracte
1690 469 1774 502 pug-

1068 524 1140 551 nat.
1163 518 1248 551 Quis
1265 527 1330 548 non
1347 516 1443 546 videt
1459 512 1685 555 posteriorem
1702 519 1776 540 ver-

1069 580 1141 601 sum
1163 568 1345 609 languere?
1369 575 1447 597 nam
1464 573 1525 596 cur
1540 562 1672 603 Alpinas
1684 569 1778 601 rupes

1071 631 1137 652 non
1153 620 1253 659 dixit,
1269 623 1306 650 ut
1323 617 1434 659 po'etae
1447 613 1657 656 loquuntur?
1679 613 1689 630 ‘
1704 620 1778 642 sau-

1072 671 1186 712 guinei
1222 667 1366 700 montes’
1400 664 1570 708 quomodo
1604 661 1780 702 Virgilius,

1070 722 1079 737 ⁶
1095 723 1289 761 praeruptus
1312 727 1409 758 aquae
1426 713 1547 746 mons.'
1571 716 1607 744 et
1623 710 1714 752 apud
1731 709 1779 741 0-

1073 770 1141 800 vid.
1163 770 1172 785 ‘
1190 767 1307 808 quanti
1334 769 1467 797 montes
1483 763 1666 795 volvuntur
1681 768 1782 801 aqua·

1075 818 1172 850 rum.'
1190 817 1358 848 cadavera
1373 815 1407 846 in
1422 815 1550 845 Istrum
1564 809 1782 853 praecipitata

1076 868 1252 908 intelligit.
1276 867 1320 897 D.
1342 865 1454 895 Heius.

1120 917 1218 957 Ister]
1262 914 1481 946 Horrendum
1518 912 1582 943 Rei
1618 912 1782 942 Romanae

1078 978 1201 1000 nomeu
1230 965 1337 1006 fluvii,
1364 964 1407 996 ob
1436 966 1489 994 tot
1504 962 1536 994 ei
1551 960 1679 992 infusas
1703 969 1785 1001 geu-

1079 1025 1143 1052 tes.

1123 1064 1456 1109 Sanguineosfluctus]
1490 1062 1594 1095 Caede
1619 1059 1790 1093 Barbaro-

1080 1131 1165 1159 rum,
1181 1119 1281 1150 modo
1298 1118 1402 1148 dicta.
1427 1115 1546 1146 Barth.

1123 1176 1186 1203 638
1204 1172 1330 1211 Semper
1341 1178 1448 1199 venere
1462 1165 1614 1206 triumphi
1629 1165 1709 1195 Cum
1723 1166 1789 1194 tra-

1061 1248 1063 1251 .
1080 1223 1159 1262 heis]
1182 1223 1238 1254 Sic
1256 1231 1314 1252 suo
1338 1220 1467 1257 Marte,
1492 1215 1653 1257 auspiciis
1672 1218 1788 1245 autem

1082 1272 1224 1304 Honorii
1241 1271 1303 1301 filii
1320 1270 1410 1300 bella
1435 1267 1591 1308 gessisse,
1605 1265 1790 1304 hostesque

1083 1331 1259 1364 superasse
1273 1318 1511 1356 Theodosium,
1532 1316 1622 1347 dixit
1637 1314 1791 1355 superio-

1084 1384 1134 1412 re,
1149 1378 1185 1403 et
1202 1373 1293 1403 circa
1308 1369 1475 1410 principia
1487 1367 1591 1398 etiam
1606 1365 1708 1406 hujus
1731 1374 1790 1395 no-

1084 1422 1241 1455 bilissimi
1258 1418 1482 1460 Panegyrici.
1505 1417 1606 1448 Idem.

1129 1476 1192 1504 639
1215 1471 1424 1511 Sequiturque
1439 1467 1524 1507 tuos]
1556 1464 1661 1500 Quasi
1678 1463 1791 1496 affixa.

1086 1525 1182 1556 Idem.

1129 1578 1193 1606 640
1217 1574 1270 1605 Sis
1282 1581 1393 1613 precor
1405 1570 1546 1602 assiduus
1561 1567 1689 1607 Consul]
1713 1566 1794 1599 Non

1086 1627 1206 1658 assidue
1229 1624 1359 1666 scripti.
1404 1623 1510 1654 Forte
1535 1620 1704 1652 assiduum.
1748 1616 1792 1648 D.

1089 1678 1212 1709 Heius.

1133 1727 1249 1766 Marii]
1266 1724 1401 1766 Septies
1414 1722 1555 1760 Consul,
1567 1719 1701 1762 quoties
1715 1723 1794 1750 ante

1089 1789 1164 1810 eum
1182 1786 1293 1808 nemo.
1316 1774 1433 1805 Barth.
1531 1800 1534 1805 ‚

1132 1830 1191 1859 641
1220 1824 1347 1856 Gaudia
1362 1822 1483 1863 mnndi]
1514 1821 1635 1852 Mundo
1650 1820 1796 1851 Lucens.

1090 1882 1126 1908 et
1142 1876 1271 1908 Medic.
1288 1883 1373 1904 unus
1390 1882 1465 1904 cum
1482 1871 1592 1902 tribus
1608 1869 1796 1901 Vaticanis.

1090 1929 1229 1958 rectius.
1254 1926 1298 1956 D.
1316 1923 1427 1954 Heius.

1134 1980 1197 2008 642
1220 1976 1350 2014 Lanugo
1366 1983 1434 2004 cum
1447 1980 1569 2011 serpere
1583 1970 1708 2010 coeperit
1728 1968 1798 2009 ora]

1093 2029 1179 2060 Cum
1196 2027 1305 2058 virum
1330 2030 1364 2055 te
1389 2026 1552 2063 agnoscet
1576 2020 1732 2060 mundus,
1743 2030 1799 2051 cu-

1086 2080 1145 2120 jus
1162 2077 1295 2109 tantilla
1312 2080 1395 2106 aetas
1409 2073 1564 2105 omnibus
1576 2071 1685 2103 modis
1699 2071 1799 2102 deco·
1850 2105 1851 2109 Ἰ

1093 2130 1182 2160 ravit
1197 2126 1393 2167 Imperium.
1418 2124 1543 2155 Primae
1560 2121 1727 2162 lanuginis
1741 2130 1800 2162 po-

1094 2181 1171 2212 sitio
1202 2178 1327 2209 festum
1355 2176 1474 2215 ingens
1507 2173 1670 2205 Romanis
1699 2171 1802 2202 mori·
1850 2177 1851 2214 J

1094 2230 1370 2268 bus‚summaque
1385 2229 1464 2255 vota
1475 2226 1668 2263 parentum.
1684 2221 1801 2253 Barth.

1135 2282 1199 2310 643
1241 2279 1320 2308 Cum
1350 2275 1410 2306 tibi
1439 2271 1631 2314 prodiderit]
1677 2271 1800 2311 Isingr.

1095 2328 1235 2370 Gyrald.
1253 2332 1289 2357 et
1305 2324 1409 2366 aliqui
1425 2333 1468 2354 ex
1485 2322 1608 2353 nostris
1621 2321 1801 2362 protulerit.

1095 2380 1182 2422 quod
1201 2377 1340 2409 alterius
1357 2375 1535 2415 glossema.
1557 2373 1687 2412 prodere
1712 2371 1801 2402 enim

1097 2427 1263 2470 proferre.
1306 2424 1426 2465 Virgil.
1450 2423 1526 2454 AEn.
1558 2431 1599 2452 ιι.
1632 2421 1802 2462 ‘laetique

1096 2490 1180 2512 cavo
1206 2489 1241 2509 se
1271 2477 1394 2508 robore
1423 2473 1597 2515 produnt!
1632 2473 1801 2514 quomodo

1094 2531 1173 2562 libri
1213 2526 1395 2559 veterrimi.
1457 2525 1533 2554 Val.
1572 2523 1686 2554 Flacc.
1719 2532 1804 2555 vur.

1096 2582 1105 2598 ‘
1122 2579 1268 2611 Condita
1284 2574 1450 2607 lethiferis
1478 2574 1593 2614 prodit
1610 2573 1802 2604 medicami-

1097 2642 1140 2662 na
1169 2628 1285 2661 cistis!
1316 2628 1365 2657 sie
1392 2625 1564 2656 Carrionis
1588 2623 1686 2654 liber.
1711 2622 1803 2663 quod

1095 2683 1153 2713 ille
1170 2691 1235 2712 non
1252 2677 1433 2710 intellexit.
1458 2676 1622 2716 Avienus,
1637 2673 1721 2706 Fab.
1735 2683 1803 2705 xn.

1096 2735 1104 2749 ‘
1123 2733 1225 2763 Nunc
1242 2731 1380 2760 inventa
1404 2727 1487 2758 meis
1512 2736 1578 2757 non
1600 2724 1715 2766 prodis
1731 2733 1802 2754 mu-

1098 2793 1180 2814 nera
1196 2780 1310 2821 cistis‚’
1332 2789 1409 2811 cum
1426 2777 1536 2808 veteri
1552 2775 1651 2807 libro.
1697 2773 1803 2805 Ovid.

1100 2834 1192 2865 Fast.
1208 2842 1241 2864 v.
1263 2832 1272 2848 ‘
1289 2829 1413 2863 Prodit
1436 2827 1586 2860 formoso
1602 2825 1741 2859 condita
1755 2824 1803 2856 vi-
