1851 3213
267 193 384 237 1426

312 301 353 330 71
389 297 455 329 Hic
483 297 610 340 confidit
639 294 742 336 aquis]
789 291 980 325 Notissima

269 350 421 381 Thaletis
436 349 603 380 doctrina.
637 349 729 387 Lege
746 343 982 382 Plutarchum,

272 401 462 441 Diogenem
481 399 666 436 Laertium,
685 398 706 428 l.
726 405 751 426 1.

315 451 467 482 Procreat
483 450 584 479 omnia
600 445 757 488 flammis]
793 443 847 474 Ita
865 442 981 480 docet,

273 505 312 531 ut
329 500 501 540 procreari
516 498 622 529 videri
641 497 735 527 velit.
769 493 983 525 Heraclitum

274 550 343 581 dici
359 551 499 581 clarum.
531 548 644 579 Barth.

317 605 359 633 72
387 601 422 631 In
439 602 581 631 AEtmeas
606 608 733 630 casurus
756 600 861 637 sponte
883 595 984 634 favil—

276 650 339 691 las]
363 651 549 682 Notissima
572 650 642 679 sive
660 647 817 678 Historia
833 646 904 675 sive
922 645 985 675 Fa-

275 701 356 733 bula
372 701 415 731 de
433 699 651 740 Empedoclis
670 703 777 728 morte
792 708 800 735 ;
825 696 880 736 qui
897 696 986 725 inter

277 750 404 782 deliros
432 750 612 789 Sophistas
643 749 755 778 locum
789 745 986 784 Principem

277 801 431 832 ambiens
471 799 624 837 nuspiam
666 795 812 836 reperiri
857 794 988 833 maluit,

280 860 381 891 quam
392 849 539 879 humano
556 856 647 877 more
661 844 835 877 tumulari.
881 844 989 874 Hora-

279 900 347 932 tius
371 899 531 938 frigidum
555 902 656 928 vocat
680 897 713 927 in
738 896 810 936 ipso
837 895 896 925 illo
921 894 989 925 Im-

279 950 501 982 mortalitatis
528 950 631 984 saltu„
642 949 764 989 dogma
790 948 894 979 etiam
918 946 990 976 illu-

280 1002 365 1033 dens
380 1013 387 1032 :
413 1002 421 1018 ‘
440 1001 537 1032 Deus
553 999 750 1030 immortalis
763 997 882 1029 haberi
897 998 991 1028 Dum

281 1052 379 1092 cupit
397 1051 624 1092 Empedocles
648 1050 826 1080 ardentem
845 1047 990 1088 frigidus

281 1102 420 1134 AEtnam
438 1102 598 1133 Insiluit!
623 1102 723 1132 Idem.

326 1155 368 1184 73
386 1152 554 1192 Dispergit
570 1155 752 1191 revocatque
764 1150 882 1189 Deum]
894 1149 993 1179 Men-

282 1207 355 1234 tem
371 1212 501 1233 sacram
519 1202 669 1232 docebat
688 1200 915 1240 Empedocles
932 1207 993 1238 per

283 1253 444 1284 universa
460 1250 616 1282 diffusam
633 1259 768 1280 movere
779 1254 815 1280 et
831 1254 993 1289 vegetare

287 1302 412 1333 omnia.
460 1302 511 1332 Ex
528 1311 569 1332 ea
586 1300 743 1341 opinione
760 1299 872 1330 hausit
894 1299 994 1329 Maro

284 1352 417 1384 divinos
432 1353 506 1383 illos
522 1361 650 1390 versus,
663 1351 784 1392 quibus
797 1349 913 1381 mundi
927 1350 996 1379 ani-

284 1412 374 1433 mam
390 1403 505 1433 Deum
521 1401 647 1432 cecinit
661 1412 668 1432 :
694 1402 702 1417 ‘
718 1405 893 1441 totamque
910 1399 995 1430 int‘u—

287 1462 324 1484 sa
338 1462 400 1493 per
424 1456 519 1483 artus
545 1452 646 1483 Mens
675 1452 783 1491 agitat
809 1451 944 1491 molem,
961 1456 996 1482 et

285 1513 408 1543 magno
427 1513 460 1534 se
478 1512 622 1543 corpore
638 1503 783 1534 miscet.'

334 1554 546 1595 Revocatque]
592 1554 632 1585 In
664 1553 794 1594 singula
831 1552 997 1584 videlicet

287 1609 459 1636 creaturae
477 1614 638 1645 corpora,
662 1614 682 1635 a
697 1614 779 1635 cura
797 1614 908 1635 rerum
926 1603 999 1634 uni-

287 1665 476 1692 versarum,
490 1656 665 1696 totiusque
681 1659 863 1686 creaturae.

332 1705 528 1745 Revocatque
545 1705 665 1744 Deum]
698 1706 776 1745 Vel,
800 1705 880 1736 diem
897 1704 998 1745 prim.

286 1755 449 1786 Vatican.
475 1755 563 1796 quod
582 1760 618 1785 et
641 1755 674 1785 in
690 1755 804 1786 multis
828 1755 901 1784 aliis
917 1754 999 1795 legi-

288 1810 358 1838 tur.
383 1805 492 1836 minus
509 1805 609 1835 bene.
637 1806 681 1836 D.
700 1805 811 1836 Heius.

333 1856 530 1895 Rursumque
546 1856 693 1895 receptis]
729 1854 894 1885 Abundat
923 1864 1000 1886 vox.

287 1906 380 1938 Satis
393 1906 482 1937 enim
499 1905 602 1946 foret,
613 1906 639 1936 si
651 1906 782 1946 receptis
793 1906 998 1946 scripsisset.

290 1957 412 1989 Barth.

334 2010 376 2039 74
402 2008 511 2038 Nectit
526 2008 674 2038 amicitiis
689 2007 830 2048 quicquid
845 2007 1001 2038 discordia

290 2057 398 2098 solvit]
448 2058 764 2089 Vetustissimorum
814 2059 1001 2098 Sopliorum

291 2107 464 2140 sententia
479 2113 546 2147 est,
562 2108 674 2138 onmia
695 2108 882 2139 secundum
906 2107 1002 2138 litem

290 2157 380 2198 fieri,
403 2158 559 2198 principe
583 2163 786 2190 assertorum
811 2158 1002 2189 Heraclito.

292 2208 391 2240 Idem
422 2209 544 2249 dogma
570 2210 802 2250 Empedoclis,
832 2209 1004 2240 contraria

293 2258 451 2289 nimirum
491 2260 672 2291 Elementa
728 2259 1002 2298 considerantis3

292 2307 488 2339 inimicitias
506 2314 541 2339 et
564 2310 728 2340 amicitias
745 2310 857 2340 omnia
873 2308 1003 2349 facere,

294 2358 357 2389 has
373 2359 622 2398 connectendo,
637 2359 712 2390 illas
730 2359 946 2390 dissolvendo
969 2360 1004 2390 in

295 2407 401 2439 vitam
424 2412 460 2438 et
487 2414 628 2439 mortem
653 2409 813 2451 quicquid
833 2410 943 2450 spirat
967 2414 1004 2441 et

295 2457 391 2490 vivit.
418 2459 516 2488 Idem.

338 2510 358 2539 7
361 2511 379 2538 5
406 2507 553 2547 Corporis
568 2507 618 2538 hic
633 2509 759 2539 damnat
773 2509 894 2549 sensus]
918 2511 1004 2551 Sup-

297 2557 451 2599 putando
465 2567 504 2588 eo
521 2556 621 2588 facile
635 2558 775 2589 devenit
791 2560 936 2590 humana
953 2571 1004 2592 ra-

296 2608 361 2649 tio,
377 2612 427 2648 ut,
442 2618 520 2649 quae
538 2609 689 2639 sensibus
713 2610 1005 2651 comprehendun-

298 2662 368 2699 tur,
385 2659 520 2690 incerto
536 2659 616 2690 sciri
632 2665 667 2690 et
682 2660 857 2700 cognosci,
874 2660 1004 2701 perspi-

300 2718 379 2741 cere
396 2709 519 2741 valeat.

349 2759 521 2801 Verumque
536 2758 637 2791 videri
663 2760 840 2802 Per-negat]
873 2761 928 2793 De
954 2760 1004 2793 iu-

495 201 642 234 NOTAE
676 196 948 231 VARIORUM
985 193 1037 225 IN
1072 193 1148 224 cI..
1182 191 1368 223 GLAUD.
1399 190 1528 221 XVII.

1032 288 1239 320 certitudine
1257 295 1416 318 sensuum
1430 284 1519 325 quod
1538 282 1619 324 dixi,
1635 283 1745 323 plena,

1032 342 1110 368 sunt
1140 338 1264 369 omnia.
1309 335 1396 366 Vide
1423 335 1626 365 Ciceronem
1651 332 1739 364 Aca-

1033 389 1186 420 dem.1v.
1234 388 1279 418 At
1297 387 1337 417 ‹ie
1362 385 1559 426 cognitione
1588 382 1742 414 veritatis

1033 439 1067 470 iu
1085 439 1183 470 rebus
1201 440 1351 479 loquitur
1375 436 1604 467 Claudianus:
1629 433 1663 464 in
1677 434 1740 464 hac

1035 489 1278 520 certitudinem
1289 497 1354 518 non
1369 496 1456 524 esse,
1466 495 1540 516 cum
1552 485 1620 515 Ens
1631 483 1741 524 ipsum

1036 538 1278 580 comprehendi
1306 543 1469 578 nequeat,
1500 535 1604 566 docet
1634 533 1744 565 Ploti-

1036 599 1109 621 nus.
1136 590 1253 620 Barth.

1078 644 1120 671 76
1144 640 1210 671 Hic
1235 649 1354 678 semper
1369 639 1502 677 lapsuroe
1520 636 1656 676 pondera
1682 637 1744 665 ter-

1036 691 1097 730 roe]
1126 691 1307 730 Eleganter
1333 689 1524 719 hominibus
1540 695 1678 727 operam
1696 686 1746 726 ip-

1037 751 1106 771 sam
1133 740 1298 770 adscribit
1322 749 1446 776 rerum‚
1465 749 1546 778 quas
1563 738 1650 768 tales
1672 745 1749 768 con-

1040 791 1250 828 siderabant,
1274 794 1332 819 aut
1359 789 1543 819 docebant.
1591 787 1748 818 Celebris

1040 846 1154 872 autem
1182 841 1295 881 opinio
1323 839 1543 879 rapiditatem
1562 838 1751 868 circumvo-

1040 893 1178 924 lutionis
1195 892 1344 923 coelestis
1361 891 1434 930 ipso
1452 899 1512 920 suo
1529 889 1660 928 impetu
1677 899 1748 919 sus-

1041 943 1152 974 tinere
1169 951 1294 982 corpus
1322 946 1496 978 terrestre,
1524 939 1555 969 in
1574 938 1654 970 aere
1671 948 1751 980 pen·

1043 992 1141 1029 dens,
1156 1001 1198 1022 ne
1215 991 1362 1022 labatur.
1388 990 1489 1021 Idem.

1085 1046 1127 1074 78
1148 1042 1360 1083 Accenditque
1380 1040 1476 1080 diem]
1500 1041 1612 1072 Solem
1638 1039 1723 1072 dicit
1741 1051 1751 1080 3

1043 1105 1144 1136 quem
1162 1095 1305 1125 Patrem
1329 1092 1399 1123 diei
1415 1092 1599 1123 Pindarus.

1087 1145 1250 1184 Proerupti
1266 1144 1388 1174 turbine
1404 1142 1491 1182 suxi]
1517 1141 1680 1172 Futilium
1692 1140 1753 1172 ba-

1043 1194 1237 1225 lathronum
1265 1192 1361 1224 fuere.
1379 1192 1483 1233 aliqui
1501 1192 1556 1233 qui
1574 1191 1687 1222 Solem
1704 1191 1754 1221 in-

1046 1254 1129 1284 gens
1166 1254 1284 1275 saxum
1318 1254 1392 1275 esse
1431 1246 1754 1274 commentaremur.

1046 1296 1166 1327 Barth.

1088 1349 1131 1377 79
1159 1346 1285 1386 Unoque
1309 1345 1376 1384 tegi
1391 1355 1451 1376 non
1470 1354 1582 1385 passus
1600 1342 1752 1385 Olympo]

1047 1397 1221 1437 Vagorum
1253 1396 1425 1427 homiuum
1452 1396 1640 1426 vanitatem
1667 1395 1755 1425 scite

1047 1448 1173 1487 arguit.
1218 1448 1282 1478 Tot
1299 1446 1443 1477 mundos
1462 1445 1658 1476 sciscebant
1673 1453 1756 1476 non-

1048 1498 1142 1538 nulli,
1154 1502 1238 1538 quot
1251 1501 1363 1528 essent
1379 1497 1500 1528 stellae.
1526 1496 1624 1526 Idem.

1091 1550 1130 1579 81
1156 1549 1302 1587 Augusto
1326 1551 1450 1587 pectore
1474 1546 1619 1586 mundos]
1660 1544 1756 1576 Scite

1042 1598 1144 1639 juxta
1182 1598 1293 1638 posito
1338 1597 1501 1637 Epitheto
1549 1595 1755 1627 sententiam

1050 1661 1143 1682 suam
1156 1650 1359 1690 declaravit,
1372 1649 1528 1680 nimirum
1542 1648 1684 1679 hominis
1700 1656 1755 1679 co-

1049 1705 1150 1731 natus
1167 1700 1328 1732 ridiculos
1345 1709 1419 1731 esse
1436 1699 1477 1730 ad
1497 1699 1616 1730 talium
1641 1707 1756 1730 rerum

1051 1750 1255 1781 doctrinam.
1280 1750 1379 1781 Idem.

1095 1802 1136 1831 82
1165 1800 1253 1839 Vaga
1279 1798 1468 1839 primordia]
1507 1797 1650 1830 Atomos
1676 1798 1756 1830 doc-

1053 1850 1142 1881 trina
1159 1850 1339 1890 Leucippi,
1370 1849 1577 1889 Democriti,
1592 1849 1757 1890 Epicuri;

1052 1911 1154 1932 caecae
1184 1901 1292 1941 plagae
1318 1909 1426 1930 nexus
1443 1904 1478 1930 et
1499 1900 1626 1930 hamuli
1641 1899 1760 1931 deliris

1051 1951 1242 1982 hominibus
1272 1950 1355 1981 ficti.
1418 1950 1499 1980 Vise
1539 1951 1757 1983 Lucretium:

1053 2001 1272 2034 Lactantium
1290 2001 1332 2031 de
1348 2000 1405 2031 Ita
1421 2000 1502 2039 Dei,
1518 2009 1547 2031 c.
1565 2008 1600 2030 x.
1625 2000 1725 2031 Idem.

1096 2055 1136 2083 83
1163 2052 1302 2083 Numina
1340 2050 1529 2082 constituunt
1566 2049 1641 2090 alii]
1684 2050 1759 2082 Fir-

1055 2108 1162 2143 mant,
1185 2103 1386 2144 expediunt,
1412 2106 1450 2132 ut
1473 2101 1543 2132 sint
1559 2101 1666 2142 velut,
1681 2110 1757 2142 quae

1054 2160 1155 2186 antea
1170 2165 1237 2186 non
1252 2153 1387 2185 fuerant
1411 2157 1518 2185 certa.
1562 2152 1679 2183 Irrisio
1696 2152 1759 2183 sal·

1054 2217 1103 2245 sa,
1118 2211 1155 2237 ut
1172 2210 1280 2237 totum
1297 2205 1360 2235 hoc
1376 2213 1526 2243 comma,
1542 2203 1586 2234 de
1605 2202 1759 2234 Philoso-

1055 2258 1141 2298 phis.
1185 2256 1369 2288 Dubitatio
1393 2255 1466 2286 haec
1481 2255 1571 2285 inter
1591 2263 1704 2285 casum
1721 2257 1758 2284 et

1055 2307 1147 2338 Deos
1184 2307 1336 2347 tangitur
1372 2305 1485 2346 priore
1519 2305 1556 2335 in
1586 2302 1756 2335 Rufinum.

1056 2358 1156 2389 Idem.

1098 2411 1140 2440 84
1166 2408 1336 2439 Graiorum
1361 2405 1516 2445 obscuras]
1553 2404 1641 2438 Quia
1671 2405 1759 2436 Con-

1055 2459 1163 2489 sulem
1201 2458 1392 2488 Romanum
1429 2456 1559 2494 laudat,
1596 2455 1758 2496 deprimit

1056 2509 1204 2540 Graeciae
1231 2517 1295 2547 res,
1310 2507 1409 2538 modo
1439 2507 1627 2547 literarum,
1655 2516 1760 2547 supra

1056 2568 1235 2589 armorum.
1285 2558 1338 2588 De
1365 2557 1576 2588 obscuritate
1601 2557 1758 2598 ejusdem

1056 2609 1168 2649 gentis
1188 2608 1393 2648 scriptorum
1410 2608 1499 2639 idem
1523 2608 1676 2649 queritur
1693 2608 1758 2639 Lu-

1055 2664 1140 2690 cret.
1170 2658 1230 2691 lib.
1255 2668 1278 2690 1.
1315 2658 1420 2689 ‘Non
1449 2668 1503 2689 me
1535 2657 1639 2689 animi
1669 2656 1761 2691 fallit

1056 2710 1240 2741 Graiorum
1265 2709 1411 2741 obscura
1439 2714 1579 2751 reperta
1607 2708 1759 2741 Difficile

1055 2760 1224 2793 illustrare
1237 2760 1367 2793 Latinis
1383 2761 1539 2794 versibus
1553 2760 1650 2792 esse!
1683 2785 1686 2788 .
