1851 3213
325 215 439 257 1268

325 319 427 361 genio
444 319 609 360 intelligit
624 331 632 351 ε
658 320 810 351 meminit
827 319 980 360 ejusdem
995 319 1028 350 iu

323 379 383 402 111.
412 374 448 402 et
477 380 525 402 lv.
553 371 737 402 Consulatu
763 370 921 410 Houorii,
941 370 1029 401 aliis-

324 431 389 463 que
405 421 642 462 Panegyricis.

366 472 563 513 Defensaque
579 483 674 511 regna
688 472 868 511 Hesperioe]
896 471 950 502 Ab
964 470 1028 501 Ar-

322 523 479 565 bogasto,
497 533 553 554 111.
571 524 672 554 Cous.
694 523 703 539 ⁴
722 523 815 553 Proh
832 523 958 553 crimen
976 532 1027 552 su-

323 583 456 614 perum,
481 574 571 613 longi
589 573 672 614 proh
689 572 839 604 dedecus
857 573 932 612 aevi,
946 573 1030 603 Bar-

323 623 423 656 barus
441 624 628 664 Hesperias
647 624 740 654 exsul
757 623 956 663 possederat
975 633 1027 654 ur-

324 674 408 713 bes,’
424 677 488 705 &a

365 729 385 756 2
410 726 546 766 Merita]
579 725 739 756 Victoriis
755 725 843 755 enim
862 725 948 755 adiri
961 734 1026 755 οω-

322 775 427 806 lestes
455 775 552 805 sedes
584 775 728 814 gentiles
763 774 960 813 censebant,
984 783 1026 802 ex

323 836 465 866 qnorum
496 824 663 863 dogmatis
698 824 823 863 ubique
852 823 955 852 etiam
985 822 1027 852 de

321 876 459 916 optimis
481 879 516 904 et
541 872 834 915 Christianissimis
860 871 1028 911 Principi-

321 925 385 956 bus
408 924 561 964 loquitur
583 922 803 953 Claudianus.
848 921 903 952 De
933 921 1028 961 Sapi-

321 975 458 1006 entibus
490 974 581 1004 idem
609 977 682 1003 erat
705 971 888 1012 judicium,
915 971 1027 1002 studio

321 1024 412 1056 enim
428 1023 612 1064 Sapientiae
638 1022 763 1053 mereri
779 1021 933 1052 coelestia
945 1025 1027 1053 tem-

320 1077 379 1117 pla
395 1075 614 1116 putabantur.
638 1073 756 1104 Barth.

363 1130 382 1157 3
405 1125 530 1165 Sidere]
547 1124 762 1165 Apotheosin
778 1123 940 1164 intelligit
952 1123 1026 1154 Cla-

322 1174 454 1215 verius;
473 1177 567 1217 cujus
581 1175 771 1215 opinionem
790 1179 903 1205 tamen
926 1174 1026 1214 vulgo

320 1228 458 1259 haesisse
473 1227 584 1267 potius
608 1236 708 1266 quam
723 1225 930 1256 ceremonias
943 1225 1026 1264 pris-

321 1287 377 1309 cas
395 1288 455 1308 usu
470 1277 706 1317 frequentatas
733 1276 794 1306 sub
817 1274 1027 1314 principibus

321 1329 409 1358 serio
428 1327 629 1358 Christianis
642 1325 805 1356 credibile
822 1330 888 1356 est.
917 1325 1027 1354 Theo-

321 1379 416 1409 dosio
433 1383 546 1408 autem
562 1377 754 1407 decedente
774 1376 847 1415 jam
863 1375 1027 1405 Basilicas

321 1429 500 1469 plerasque
519 1437 634 1458 omnes
655 1427 818 1457 tenebant
842 1426 1028 1457 Antistites

321 1479 515 1518 Christiani,
530 1488 593 1509 nec
610 1478 805 1518 superstitio
820 1477 1029 1508 consecrati-

320 1539 419 1561 onum
436 1531 652 1570 Paganarnm
669 1533 861 1568 supererat.
887 1527 982 1559 Idem.

364 1580 495 1618 Adjecto
510 1579 626 1619 sidere]
651 1580 765 1609 Valer.
783 1577 1028 1618 praefat.paler—

319 1642 359 1662 πο
375 1632 518 1672 avitoque
544 1630 639 1661 sideri
659 1640 719 1670 par
742 1629 878 1667 ridetur,
901 1628 935 1658 id
963 1633 1028 1667 est,

321 1683 476 1722 Augusto
503 1681 780 1721 Caesariqiiejam
800 1680 877 1710 diis.
922 1679 1026 1709 Theo-

320 1732 407 1763 dosii
422 1737 565 1763 mortem
590 1731 770 1771 significat,
799 1731 855 1772 qui
871 1731 1026 1761 Stilicho-

319 1792 396 1813 nem
422 1782 576 1813 Honorio
596 1781 792 1821 pra³posuit.
837 1781 947 1811 Sidere
970 1791 1026 1811 au-

319 1838 402 1872 tem,
415 1832 458 1863 ad
474 1833 576 1862 ritum
590 1831 826 1872 apotheoseos,
842 1840 917 1861 nam
935 1831 1025 1871 prin-

319 1884 413 1923 cipes
430 1893 522 1921 suos,
535 1883 640 1912 bonos
658 1882 818 1920 malosve,
835 1882 978 1920 gentiles
993 1882 1025 1911 in

321 1934 416 1964 Deos
430 1932 646 1963 referebant:
673 1936 789 1961 noster
801 1932 833 1960 in
851 1931 939 1961 bello
952 1930 1026 1960 Gil-

319 1984 460 2015 donico:
486 1985 495 2000 ‘
512 1983 597 2013 Tum
616 1983 738 2023 siquos
757 1983 864 2012 Roma
881 1982 1026 2021 recepit,

319 2041 377 2067 aut
392 2036 487 2066 dedit
501 2036 573 2075 ipsa
590 2033 708 2065 Deos?
725 2034 819 2065 Serv.
838 2033 878 2064 ad
896 2034 1024 2074 Geor-g.

319 2098 344 2119 1.
374 2087 452 2118 fine.
479 2087 602 2117 Horat.
620 2087 678 2118 lib.
697 2095 759 2116 11.:
784 2088 792 2102 ‘
807 2086 968 2116 Romulus
989 2090 1024 2116 et

319 2138 422 2169 Liber
438 2147 500 2168 nec
525 2147 592 2167 non
619 2147 694 2168 cum
714 2137 853 2167 Castore
872 2136 1023 2175 Pollux,’

318 2192 395 2229 post
418 2187 569 2228 iugentia
586 2186 679 2218 facta
693 2187 830 2217 deorum
846 2187 877 2216 in
895 2187 1024 2227 templa

317 2239 428 2269 relati.
472 2238 698 2269 Theodosium
730 2247 812 2278 ergo
839 2237 949 2268 Poeta
980 2238 1022 2268 ob

317 2287 483 2327 insignem
502 2289 661 2318 virtutem
690 2288 722 2318 in
741 2288 891 2318 Deorum
909 2297 1023 2318 uume-

318 2347 390 2368 rum
416 2338 559 2368 relatum
580 2338 648 2377 ait,
676 2343 711 2368 et
744 2348 824 2368 vero
848 2347 1022 2368 ascensum

318 2388 388 2428 ejus
405 2388 437 2418 in
453 2388 571 2418 carlum
588 2389 764 2428 eleganter
788 2388 963 2427 describit,
980 2388 1021 2418 de

318 2446 375 2469 111.
389 2438 490 2469 Cous.
509 2438 595 2467 Hon.
611 2437 643 2467 in
662 2437 739 2468 fine.
769 2439 912 2477 Dempst.

330 2506 332 2508 v
360 2488 513 2527 Blandus]
551 2488 693 2518 Divinas
723 2488 848 2519 animas
873 2489 1020 2519 mortali-

316 2549 372 2571 um
389 2538 516 2569 virtute
541 2538 762 2577 praeditorum
792 2549 810 2569 e
838 2540 943 2569 stellis
958 2540 1022 2572 ori,-

317 2587 435 2628 undas,
472 2592 508 2618 et
547 2587 577 2616 iu
606 2597 720 2617 eorum
758 2597 935 2618 numerum
970 2598 1021 2619 re-

318 2629 402 2678 dire,
415 2638 587 2678 persuasio
598 2637 826 2676 Philosophiae
841 2638 1020 2669 Humanae.

317 2688 467 2720 Mundus
484 2688 604 2718 coelum
624 2693 733 2718 sonat.
778 2688 834 2718 Sic
860 2688 1019 2719 Manilius

317 2736 479 2768 mundum
509 2737 669 2767 meruisse
704 2736 792 2767 dixit
826 2736 1019 2777 Augustum

317 2781 396 2828 post
433 2788 614 2828 Caesarem,
643 2786 737 2828 cujus
775 2785 863 2818 filius
901 2786 1018 2818 audire

590 225 734 258 NOTAE
766 226 1031 256 VARIORUM
1066 226 1117 255 IN
1151 225 1225 255 cL-
1258 225 1442 256 CLAUD.
1474 226 1518 255 V.

1081 319 1259 360 gestiebat.
1286 320 1402 351 Barth.

1122 373 1142 400 4
1164 371 1296 411 Jamque
1313 371 1387 410 tuis,
1411 370 1557 409 Stilicho,
1576 368 1715 400 Romana
1727 379 1784 410 po-

1079 420 1178 451 tentia
1194 421 1286 460 curis,
1310 422 1356 451 Et
1378 430 1480 451 rerum
1502 419 1679 450 commissus
1691 418 1787 460 apex]

1080 469 1227 500 Dubium
1242 471 1296 501 vix
1310 476 1374 509 est,
1387 481 1429 501 ex
1443 469 1581 510 Imperii
1599 469 1785 510 partitione

1080 524 1115 549 et
1132 530 1294 551 consensu
1315 522 1555 561 plerorumque
1568 521 1786 560 scriptorum,

1079 571 1303 602 Theodosium
1325 571 1551 603 decedentem
1569 570 1692 602 Rufino
1709 570 1788 601 Ori-

1079 623 1178 662 cutis,
1204 624 1380 654 Stilichoni
1408 633 1486 654 vero
1512 622 1716 654 Occidentis
1732 631 1789 652 cu·

1080 681 1165 711 ram,
1182 673 1244 703 sub
1262 673 1537 705 adolescentibus
1555 671 1787 712 Principibus,

1079 724 1345 755 commendasse.
1392 724 1598 755 Claudianus
1618 732 1697 754 vero
1724 722 1787 753 soli

1080 773 1256 804 Stilichoni
1282 780 1463 815 utrumque
1479 775 1594 805 orbem
1612 771 1788 811 adscribit,

1081 823 1160 863 quia
1188 829 1332 854 noverat
1359 825 1422 854 hoc
1447 834 1523 854 eum
1538 823 1728 862 adfectare,
1751 826 1787 853 et

1079 871 1258 903 Theodosii
1275 873 1360 903 hanc
1375 878 1521 904 mentem
1535 874 1637 904 fuisse
1650 882 1788 914 persua-

1082 932 1154 953 sum
1168 923 1313 953 voluisse
1332 924 1469 964 populo.
1497 925 1596 954 Idem.

1123 977 1141 1003 5
1167 973 1285 1005 Rerum
1301 974 1475 1004 commissus
1487 974 1583 1014 apex]
1613 973 1787 1005 Credibile

1079 1032 1159 1053 sane
1187 1024 1250 1054 hoc
1275 1030 1342 1063 est,
1366 1034 1442 1055 nam
1466 1029 1502 1055 et
1528 1023 1697 1055 Arcadius
1715 1028 1787 1056 tum

1080 1077 1195 1103 tutore
1225 1083 1431 1114 magnopere
1470 1074 1513 1105 ob
1551 1078 1692 1105 aetatem
1719 1084 1788 1106 non

1079 1124 1218 1163 egebat,
1246 1125 1440 1155 vicennium
1474 1125 1547 1165 jam
1576 1135 1704 1165 agens;
1747 1130 1786 1158 ut

1079 1173 1185 1205 ferme
1219 1175 1384 1204 assentiar
1405 1175 1582 1206 Illustriss.
1624 1175 1789 1216 Barouio,

1081 1225 1136 1264 qui
1154 1224 1290 1255 Suidam
1309 1229 1344 1255 et
1361 1225 1441 1254 alios
1459 1224 1502 1255 de
1522 1224 1656 1263 Rufino,
1671 1230 1787 1257 tutore

1079 1274 1144 1313 ipsi
1160 1274 1202 1304 ab
1225 1274 1415 1304 Theodosio
1433 1275 1565 1313 relicto,
1585 1275 1776 1307 scribentes

1080 1325 1202 1355 erroris
1233 1325 1337 1355 etiam
1362 1325 1440 1356 hinc
1465 1326 1649 1357 convincit.

1079 1383 1243 1404 summam
1283 1375 1486 1414 dignitatem
1522 1380 1630 1406 notat.

1080 1435 1117 1455 us
1143 1425 1287 1456 Victor:

1080 1474 1189 1506 Idem.

1121 1529 1142 1556 6
1170 1526 1310 1566 Utraque
1326 1526 1486 1566 majestas]
1523 1526 1689 1567 Majestas
1721 1527 1788 1558 Im-

1080 1578 1253 1617 peratoria
1271 1579 1343 1618 jam
1358 1579 1438 1609 olim
1452 1588 1516 1618 pro
1540 1579 1612 1619 ipso
1630 1579 1788 1620 principe

1080 1633 1202 1665 sumta,
1228 1629 1323 1659 velut
1348 1629 1514 1659 nominari
1540 1629 1649 1669 ipsum
1674 1629 1785 1660 minus

1078 1684 1177 1710 esset.
1193 1679 1304 1709 Tacit.
1322 1679 1445 1710 Aunal.
1464 1688 1497 1709 v.
1512 1680 1520 1696 ‘
1538 1684 1676 1720 questus
1695 1680 1786 1720 apud

1078 1729 1217 1767 Patres,
1234 1730 1321 1769 quod
1349 1730 1524 1760 Senatoris
1551 1730 1649 1761 unius
1665 1729 1787 1761 fraude

1078 1779 1308 1819 Imperatoria
1338 1780 1499 1819 majestas
1529 1781 1623 1811 elusa
1648 1780 1787 1820 publice.

1078 1828 1192 1860 foret.'
1236 1829 1329 1860 Ante
1343 1829 1478 1870 quidem
1497 1830 1621 1870 Populi
1642 1831 1785 1861 Romani

1078 1885 1135 1910 aut
1163 1880 1322 1920 Reipubl.
1352 1884 1440 1919 erat,
1468 1884 1505 1910 ut
1529 1885 1645 1911 notum
1673 1881 1726 1910 vel
1744 1890 1786 1911 ex

1076 1929 1231 1970 formula,
1245 1932 1254 1947 ‘
1271 1931 1492 1970 Majestatem
1510 1930 1598 1970 Pop.
1615 1931 1712 1962 Rom.
1730 1940 1787 1962 co-

1077 1979 1179 2010 miter
1204 1980 1432 2011 conservare)
1477 1980 1560 2020 Ejus
1577 1990 1657 2010 vero
1675 1986 1787 2020 potes-

1078 2036 1150 2062 tate
1167 2036 1201 2062 et
1219 2032 1422 2062 auctoritate
1436 2032 1525 2062 omni
1539 2032 1571 2062 in
1585 2032 1785 2073 Principem

1077 2083 1212 2121 collata,
1237 2083 1302 2113 hoc
1329 2092 1465 2123 quoque
1489 2082 1660 2122 splendidi
1678 2083 1784 2114 nomi·

1076 2133 1127 2163 nis
1143 2134 1241 2173 hujus
1260 2143 1412 2173 personae
1426 2133 1581 2164 accessit.
1620 2133 1677 2164 Sic
1693 2134 1702 2151 ‘
1716 2133 1787 2165 Au-

1076 2185 1218 2223 gustalis
1236 2183 1412 2224 Majestas'
1438 2184 1528 2224 apud
1542 2184 1786 2226 Justinianum,

1076 2244 1150 2275 cap.
1172 2237 1202 2266 3.
1226 2235 1312 2266 Cod.
1350 2236 1413 2266 Est
1426 2235 1569 2272 majestas
1585 2236 1787 2267 venerabili·

1076 2290 1128 2315 tas
1146 2285 1315 2325 quaedam,
1335 2285 1409 2324 ipso
1423 2289 1567 2324 aspectu
1591 2286 1720 2316 animos
1736 2286 1785 2316 in-

1075 2336 1213 2372 vadens,
1231 2340 1357 2374 praetes
1375 2336 1546 2374 vulgarem
1562 2334 1705 2366 formam
1718 2346 1784 2367 coe-

1073 2385 1160 2415 leste
1186 2385 1263 2425 quid
1288 2390 1323 2415 et
1348 2385 1548 2415 inusitatum
1575 2394 1644 2425 prae
1668 2396 1704 2417 se
1734 2386 1782 2418 fe-

1073 2445 1162 2466 rens.
1189 2436 1287 2466 Idem.

1122 2486 1259 2525 Utraque
1273 2485 1435 2525 majestas]
1450 2486 1617 2526 Majestas
1634 2496 1697 2517 nou
1711 2491 1782 2518 tau-

1074 2541 1145 2567 tum
1173 2536 1337 2574 Deorum,
1371 2535 1429 2566 sed
1458 2541 1492 2567 et
1518 2536 1722 2576 principum.
1759 2538 1781 2568 l.

1073 2585 1154 2617 7.ff.
1172 2585 1214 2616 de
1232 2585 1360 2625 captiv.
1386 2586 1422 2616 L.
1451 2585 1484 2615 in
1511 2585 1674 2625 pluribus.
1701 2595 1780 2626 pen.

1693 1301 1789 1368 Apesi

1680 1377 1788 1408 Mari-

1330 1425 1376 1455 Τιι
1401 1426 1513 1464 victor,
1543 1425 1673 1456 virtutis
1696 1436 1789 1467 apex.

1072 2635 1106 2666 ff.
1130 2635 1264 2675 dejust.
1283 2635 1424 2675 etjure:
1449 2636 1565 2676 itaque
1597 2636 1606 2652 ‘
1622 2632 1799 2676 majestas‘

1071 2686 1105 2716 in
1121 2686 1210 2716 omni
1227 2685 1367 2725 imperio
1383 2685 1461 2716 est!
1505 2685 1594 2716 Tull.
1613 2696 1674 2726 pro
1690 2685 1780 2717 Aulo

1072 2736 1243 2767 Cluentio.
1279 2736 1397 2768 Quint.
1432 2745 1497 2766 vn.
1521 2739 1552 2767 3.
1568 2735 1646 2767 fine.
1662 2740 1781 2766 noster

1070 2787 1105 2818 in
1132 2787 1276 2828 Eutrop.
1309 2786 1367 2818 lib.
1394 2796 1419 2818 1.
1464 2787 1608 2818 ‘tenero
1636 2785 1779 2819 tractari
