1852 3182
493 204 556 233 DF.
591 203 766 233 MALLH
802 207 983 237 THEOD.
1017 208 1154 239 CONS.

96 296 354 337 tranquillitatis
371 307 389 328 a
406 295 599 328 fluminibus
613 298 801 339 profundis,

96 354 162 376 non
178 347 316 387 rapidis.
342 347 467 378 Bur-tle(

138 396 318 438 Lenefluit]
341 398 417 430 Qua
441 398 578 436 regione
607 399 682 429 lene
706 399 800 439 ssuat,

95 445 197 477 docet
210 447 299 478 Pliu.
311 448 448 479 Curtius
462 457 540 478 vero
555 448 669 487 docet,
683 451 691 465 ‘
707 450 799 480 altis-

94 495 178 526 sima
195 507 339 538 quaeque
350 496 487 528 flumina
501 498 638 529 minimo
652 509 732 530 sono
742 500 799 530 de—

93 543 188 576 1abi.’
211 546 300 577 vide
317 547 465 578 Diodor.
504 548 627 579 elaver.

137 597 200 626 233
229 597 362 636 Utilior]
401 597 591 629 Quotannis
624 600 712 630 enim
747 601 798 631 ΙΕ-

95 649 239 685 gyptum
272 646 432 686 irrigans,
469 658 511 678 ue
558 648 721 680 imbribus
759 661 799 681 ea

92 699 207 735 egeat,
231 701 291 727 aut
312 697 371 727 ulli
390 702 554 729 terrarum
574 699 798 732 foecunditate

94 745 275 785 concedat,
285 745 402 779 efficit.
426 748 598 780 Tibullus:
614 750 623 765 ⁴
635 751 682 781 Te
698 761 797 792 prop-

92 797 146 825 ter
160 795 270 826 nullos
288 797 388 827 tellus
411 802 469 827 tua
497 799 646 838 postulat
661 799 798 840 imbres,

93 842 202 875 Arida
227 854 290 877 nec
327 847 440 886 pluvio
482 849 653 888 supplicat
695 851 799 881 herba

92 893 194 927 Jovi.’
236 895 325 926 Illud
351 896 393 927 de
425 898 505 928 Nilo
536 901 698 931 memoria
727 902 797 941 dig-

91 954 171 976 num
188 946 230 976 ab
251 946 382 977 AEliano
412 955 707 990 commemoratur,
725 952 797 991 ejus

93 1004 215 1036 aquam
256 1006 323 1027 nou
370 999 529 1030 mulieres
566 1001 678 1039 modo,
708 1003 796 1043 quod

93 1045 299 1077 Aristoteles
340 1049 503 1088 prodidit,
552 1051 610 1081 sed
650 1054 798 1091 pecudes

91 1095 194 1126 etiam
214 1096 389 1129 foecundas
416 1100 578 1130 reddere:
604 1107 713 1141 quare
728 1108 799 1133 tau-

94 1149 140 1176 tae
185 1146 345 1178 utilitatis
376 1147 499 1179 flumen
539 1151 640 1180 variis
675 1151 796 1183 Po'etae

90 1195 252 1236 epithetis
269 1196 500 1230 decorarunt:
520 1200 599 1240 quin
616 1200 681 1231 imo
694 1202 796 1233 Silius

90 1254 212 1276 sacrum
239 1248 446 1287 u01ninavit;
483 1251 536 1280 vel
558 1251 637 1291 quia
664 1252 795 1283 AEliano

92 1299 196 1335 teste,
213 1297 328 1329 Nilum
351 1299 508 1339 eundem,
534 1311 632 1341 quem
655 1303 794 1343 Osyrim

91 1346 303 1386 credebant;
328 1349 381 1379 vel
403 1350 482 1390 quia
506 1351 620 1382 Nilum
644 1354 795 1394 AEgyptii

92 1405 348 1430 consecrarunt.
372 1400 493 1432 Delrio.

146 1449 259 1478 Nullas
301 1449 455 1487 confessas
499 1463 655 1484 marmure
698 1455 794 1495 vires]

90 1497 197 1529 Prim.
216 1499 326 1531 Vatic.
343 1501 445 1532 nullo:
472 1503 609 1535 rectius.
627 1506 794 1545 superiori

92 1559 193 1582 versu
219 1560 280 1592 pro
296 1555 349 1584 scd
373 1556 492 1586 cunctis
515 1557 665 1595 amnibus,
692 1558 794 1596 idem,

91 1602 210 1632 cunctis
239 1604 292 1634 sed
321 1605 517 1636 amantibus:
543 1605 648 1647 forte,
678 1610 796 1639 cunctis

89 1652 142 1681 sed
157 1656 187 1682 et
198 1653 349 1685 amnibus.
375 1655 418 1685 D.
437 1656 559 1688 Heius.

134 1705 198 1734 234
220 1703 334 1735 Acrior
363 1709 394 1735 et
422 1707 566 1747 rapidus]
597 1707 653 1738 Ita
675 1709 795 1749 scripti

94 1756 185 1783 octo.
211 1753 311 1793 prim.
341 1755 530 1786 Vaticanus
556 1760 591 1787 et
619 1758 716 1789 multi
739 1759 795 1789 alii

92 1813 138 1833 ac.
160 1803 276 1834 Acrior
295 1815 330 1835 ac
346 1806 475 1846 rapidus
488 1807 618 1838 tacitas:
647 1808 711 1839 duo
731 1813 795 1841 aut.

93 1862 178 1884 unus
205 1856 252 1885 ut.
276 1855 440 1886 Lucensis
463 1858 514 1887 ad.
539 1857 587 1888 Cl.
612 1859 794 1890 Gevartius

88 1902 204 1934 Acrior
225 1903 251 1934 it
269 1905 486 1945 conjiciebat.
520 1907 561 1937 In
579 1908 794 1949 Claveriano,

90 1953 205 1983 Acrior
230 1956 263 1984 at
290 1954 475 1986 Rhodanus.-
502 1956 591 1997 quod
615 1967 794 1999 perperam

90 2002 206 2034 arrisit
222 2003 376 2036 Barthio.
408 2006 504 2036 Duos
521 2007 609 2037 enim
632 2009 794 2040 maximos

91 2050 211 2084 fluvios
227 2053 419 2094 conjunxit,
445 2055 561 2086 Nilum
584 2062 618 2088 et
646 2058 791 2091 Istrum:

92 2103 195 2144 idque
226 2105 384 2145 exemplo
411 2106 537 2136 Lucani
574 2117 613 2138 ac
639 2108 792 2141 aliorum.

90 2164 151 2195 pro
182 2158 272 2186 excat
308 2156 562 2188 Mazarinianus
592 2159 669 2190 exit.
704 2161 793 2200 quod

90 2206 199 2236 malo:
230 2216 292 2246 pro
321 2207 435 2237 tacitas
464 2208 558 2247 ripas,
586 2207 712 2240 frustra
738 2210 794 2241 alii

88 2259 190 2286 tactas
207 2257 258 2287 vel
276 2259 394 2288 tractas
410 2258 461 2288 vel
469 2257 594 2295 fractas
609 2260 660 2289 vel
676 2264 794 2300 raptas.

89 2307 242 2339 Maronis
256 2308 311 2338 illa
326 2308 462 2338 videtur
474 2309 684 2348 respexisse:
701 2312 709 2326 ‘
722 2311 793 2341 Ceu

89 2362 222 2398 septem
238 2368 378 2397 surgens
393 2358 521 2389 sedatis
536 2359 687 2390 amnibus
704 2361 793 2392 altus

91 2407 163 2439 Per
178 2409 318 2440 tacitum
336 2409 488 2449 Ganges,
508 2415 566 2440 aut
591 2411 707 2450 pingui
733 2410 794 2442 flu-

89 2458 180 2489 mine
192 2459 292 2490 Nilus
306 2460 391 2491 Cum
406 2458 519 2490 refluit
534 2461 683 2500 campis!
708 2462 794 2492 Liris

91 2508 181 2549 apud
210 2509 340 2549 Silium,
366 2510 424 2540 lib.
455 2519 502 2541 lv.
531 2510 649 2541 ‘fonte
677 2512 792 2552 quieto

90 2559 310 2600 Praestringit
326 2560 446 2591 tacitas
462 2562 643 2600 gemmanti
659 2563 792 2602 gurgite

91 2607 203 2647 ripas!
237 2608 369 2639 Statius
390 2618 438 2639 1v.
457 2610 548 2650 Sylv.
573 2612 582 2627 ‘
601 2612 717 2643 Qualis
739 2613 792 2644 Ci-

90 2658 232 2698 nyphias
249 2664 386 2690 tacente
403 2660 477 2700 ripa
493 2661 618 2693 Poenos
636 2663 793 2703 Bagrada

89 2708 198 2748 serpit
212 2708 303 2739 inter
315 2710 436 2749 agros.'
459 2710 501 2742 de
518 2713 598 2743 Nilo
615 2714 741 2745 Lucan.
757 2722 792 2745 x.

90 2759 100 2776 ‘
117 2768 200 2802 quos
216 2758 305 2791 inter
321 2759 355 2791 in
370 2760 441 2792 alta
456 2761 491 2793 It
507 2763 660 2795 convalle
678 2768 793 2796 tacens

1443 205 1553 245 11:37

848 299 920 339 jam
956 300 1103 330 moribus
1132 301 1220 332 unda
1251 305 1422 344 receptis)
1451 318 1549 347 quam

854 359 966 379 veram
994 350 1061 380 illie
1094 351 1275 382 lectionem
1300 362 1373 382 esse
1405 357 1456 386 alii
1479 358 1550 396 jain

852 399 1020 431 viderunt.
1063 404 1071 417 ⁸
1091 402 1187 440 pigra
1219 402 1304 432 vado
1342 404 1467 442 Langia
1505 414 1552 438 ta-

852 451 952 482 centi‘
970 453 1058 491 apud
1076 454 1237 494 Statium,
1257 455 1423 488 Thebaid.
1450 468 1498 489 iv.
1519 466 1552 490 et

850 513 948 535 mox:
974 506 981 521 ‘
1002 506 1078 535 Una
1096 511 1208 536 tamen
1230 508 1364 547 tacitas,
1381 510 1437 539 sed
1456 511 1551 549 jussu

851 554 1008 592 numinis,
1033 556 1151 593 undas,
1170 557 1241 587 Has
1264 568 1396 598 quoque
1421 566 1552 592 secreta

850 604 958 634 nutrit
992 605 1117 642 Langia
1153 606 1213 636 sub
1240 608 1382 639 umbra.'
1411 609 1466 640 lib.
1498 619 1552 642 111.

849 653 857 668 ‘
874 657 989 685 tacent
1007 655 1161 685 exhausti
1177 657 1301 687 solibus
1320 660 1458 690 amnes.'
1485 662 1553 692 Na-

849 713 897 742 so,
913 705 1005 736 Fast.
1025 714 1079 736 111.
1105 707 1113 722 ‘
1131 706 1303 738 Sustinuit
1328 710 1450 740 tacitas
1473 721 1552 741 con-

849 755 936 785 scius
959 757 1065 786 amnis
1091 758 1219 797 aquas.'
1253 758 1353 790 Pont.
1378 769 1426 790 iv.
1452 761 1501 791 El.
1520 770 1552 792 x.

847 804 856 820 ‘
873 805 915 834 Et
934 806 1038 835 tacite
1064 815 1230 846 peragens
1256 808 1332 839 lene
1355 809 1551 841 Melanthus

849 853 937 884 iter.'
961 854 1056 885 Idem.

892 903 1015 933 Tacitus
1032 908 1230 944 praetermeat
1252 907 1375 947 ingens]
1400 910 1550 941 Danubii

848 953 1028 992 placiditas
1067 955 1202 993 grandis
1230 957 1353 997 alioqui
1390 964 1423 988 et
1456 960 1549 990 velut

848 1004 978 1041 gravidi
1006 1006 1111 1035 amnis
1134 1004 1219 1037 fecit
1246 1009 1458 1047 proverbium
1483 1011 1551 1039 vul-

849 1063 929 1093 gare
959 1059 1056 1085 vetus
1075 1055 1278 1094 Germanis;
1304 1067 1375 1087 esse
1401 1059 1548 1090 omniunt

847 1105 993 1134 amnium
1018 1114 1172 1143 uxorem,
1192 1111 1230 1136 ut
1250 1107 1291 1136 ob
1310 1109 1548 1139 strenuitatem

848 1153 1006 1184 maritum
1026 1154 1192 1185 Rhenum.
1218 1156 1335 1186 Barth.

890 1206 951 1233 235
979 1205 1152 1235 Clementia
1176 1207 1250 1236 soevz'
1282 1206 1445 1247 Gara-itis]
1472 1208 1550 1240 Sani

848 1254 967 1294 scripti
995 1255 1169 1295 plerique:
1206 1256 1253 1286 sic
1282 1262 1400 1287 contra
1433 1258 1551 1289 insanoe

845 1314 932 1343 aqua?
958 1304 1048 1344 apud
1075 1305 1216 1345 poetas:
1243 1311 1417 1337 assecutus
1446 1308 1548 1339 etiam

847 1357 900 1383 est
925 1354 1131 1390 elegantiam
1157 1355 1252 1395 hujus
1280 1357 1435 1388 lectionis
1464 1359 1549 1390 Bar-

845 1403 933 1434 thius
950 1405 1040 1435 curis
1057 1406 1312 1444 posterioribus.
1337 1408 1379 1437 D.
1399 1408 1510 1440 Heius.

891 1455 1009 1485 Eadem
1034 1457 1195 1487 clemenlia
1224 1456 1306 1496 sani]
1330 1458 1437 1489 Sanus
1458 1459 1547 1490 enim

846 1515 982 1545 gurges,
1000 1507 1096 1547 cujus
1115 1507 1375 1539 immensitatem
1401 1509 1548 1540 clemen-

846 1556 891 1586 tia
907 1556 939 1585 in
957 1557 1046 1587 ostia
1062 1557 1213 1588 deducit.
1239 1558 1354 1588 Barth.

888 1609 951 1636 236
976 1607 1134 1646 Gangem]
1159 1609 1298 1638 Flumen
1321 1609 1401 1639 illud
1426 1618 1548 1649 magno

847 1667 922 1688 cum
962 1657 1098 1698 fragore
1131 1659 1211 1699 ipsis
1240 1660 1352 1690 statim
1379 1660 1550 1690 montibus

847 1709 1016 1748 erumpit:
1050 1709 1128 1739 (lein
1171 1709 1227 1739 ubi
1266 1710 1375 1740 mollis
1405 1709 1550 1749 contigit

847 1758 1021 1796 planities,
1035 1758 1066 1787 in
1087 1758 1230 1798 quodam
1243 1759 1319 1789 lacu
1333 1759 1526 1799 hospitatur
1540 1770 1548 1798 ;
1585 1800 1588 1803 Ι

848 1807 926 1837 inde
945 1807 1028 1837 lenis
1045 1805 1131 1838 fluit.
1160 1809 1279 1840 Clau-er.

889 1860 951 1888 237
986 1858 1156 1897 Lapsisque
1193 1858 1348 1888 minentur
1381 1858 1548 1899 Pontibus]

848 1907 1013 1947 Collapsis
1050 1905 1221 1939 minentur
1252 1907 1414 1939 diluvium
1445 1909 1548 1948 agris.

847 1957 962 1988 Barth.

889 2007 1059 2048 Lapsisque
1074 2009 1230 2040 minentur
1240 2009 1409 2049 Pontibus]
1427 2009 1548 2040 Melior

845 2057 1048 2097 scriptorum
1075 2068 1153 2098 pars
1173 2059 1339 2099 lassisque:
1374 2059 1461 2100 quod
1491 2068 1548 2089 ve-

848 2117 941 2138 rum:
977 2108 1121 2139 diximus
1152 2110 1301 2139 nonnihil
1331 2109 1388 2139 lib.
1419 2118 1474 2140 11¹.
1503 2109 1546 2140 de

848 2158 948 2198 Rapt.
966 2168 1011 2189 VS.
1029 2161 1101 2190 352.
1126 2160 1282 2190 Bartliius
1298 2164 1412 2190 tamen
1435 2159 1549 2199 vulga-

848 2212 914 2238 tam
933 2209 1034 2239 malit.
1059 2211 1137 2239 lassa
1151 2211 1293 2249 procellis
1314 2210 1394 2240 ralis
1410 2210 1497 2240 libro
1513 2210 1548 2241 in

834 2257 958 2288 Rufin.
979 2267 1000 2289 1.
1019 2269 1065 2289 vs.
1084 2262 1157 2289 276.
1176 2265 1213 2290 ut
1229 2260 1298 2290 illic
1316 2259 1546 2291 emendamus.

846 2307 890 2337 D.
910 2308 1020 2338 Heius.

888 2359 951 2388 239
977 2358 1064 2397 I’ax]
1103 2359 1295 2389 Communis
1325 2357 1481 2389 fluctibus
1510 2362 1545 2389 et

845 2408 995 2439 humanis
1013 2410 1143 2440 animis.

890 2459 962 2488 Pax
984 2460 1101 2496 majora
1122 2459 1222 2499 decet]
1248 2461 1412 2491 Notatum
1430 2468 1547 2498 supra,

844 2508 1017 2540 divinitati
1035 2509 1184 2540 homines
1199 2510 1377 2541 admovere
1389 2509 1547 2550 tranquil·

845 2559 977 2590 litatem
994 2561 1252 2600 magnanimum.

889 2610 1012 2648 Majora
1029 2611 1128 2650 decet]
1152 2610 1386 2640 'l'rauslatione
1409 2618 1427 2638 a
1444 2607 1544 2638 rebus

844 2672 947 2703 supra
971 2664 1112 2700 Lunam,
1133 2672 1208 2702 qua*
1231 2663 1262 2692 in
1280 2669 1407 2691 summa
1421 2658 1542 2689 floren-

844 2713 1041 2752 tissimaque
1053 2721 1134 2751 pace
1144 2715 1221 2741 suut
1234 2714 1412 2749 perpetuo.
1427 2708 1543 2739 Barth.

886 2765 949 2794 243
972 2762 1122 2801 Largitor·
1136 2760 1261 2800 facilis]
1283 2759 1352 2791 Alii
1378 2759 1542 2800 Largitur.
