1852 3182
535 206 584 236 [N
621 203 851 235 RUFINUM
891 203 982 234 [AB.
1017 204 1047 233 1.

112 311 170 340 161
212 304 360 344 Penates]
397 303 515 343 Ipsum
547 299 766 338 domicilium,

67 360 159 399 ipsos
185 361 310 398 postes.
342 352 462 391 virgil.
495 350 554 381 lib.
586 358 666 380 vni.
699 350 708 366 ‘
727 358 765 378 ac

67 408 191 440 uostris
222 403 365 438 succede
400 400 582 443 penatibus
618 397 765 440 hospes.’

68 459 183 490 Barth.

113 510 173 540 163
211 504 355 544 Metalla]

69 557 185 590 Barth.

113 609 174 639 164
197 605 300 636 Avaro
327 603 476 634 Pascitur
506 599 639 642 intuita]
673 601 769 632 Sum-

67 666 154 689 mam
176 655 403 696 cupiditatem
429 654 517 685 oculi
536 653 630 684 velut
660 651 770 693 praeli·

66 709 170 740 bant:
195 710 230 738 et
254 711 387 747 partem
414 714 457 736 ex
483 714 520 737 re
551 703 670 745 cupita
694 703 770 744 ipso

66 756 192 790 intuitu
207 756 377 787 hauriunt.
410 754 526 786 Barth.

113 810 173 839 165
213 807 362 838 Pascitur
388 804 523 845 iutuitu]
561 803 705 845 Gyrald.
736 807 772 834 et

68 859 212 890 Lucens.
227 860 362 898 aspectu.

112 912 174 940 165
198 908 250 940 Aa
262 906 380 948 prima]
396 905 656 938 Graecanicum:
676 901 717 933 εἷς
732 900 773 932 τὰ

401 501 454 533 Au
460 511 496 532 ro
540 501 608 531 κατ’
641 498 766 540 ἐξοχὴν.

71 961 189 1001 πρῶτα,
223 960 334 1001 primo.
370 958 483 995 Maro,
507 957 564 987 lib.
594 965 625 986 v.
667 954 773 985 ‘Non

65 1012 137 1052 jam
151 1011 260 1052 prima
277 1015 358 1051 peto
376 1007 581 1040 Mnesteus.’
613 1007 658 1036 Et
684 1004 775 1043 alibi,

68 1066 78 1081 ‘
97 1064 214 1095 Prima
241 1067 337 1094 tenet
366 1062 555 1101 plausuque
584 1058 688 1096 volat,
710 1055 775 1087 sre-

69 1113 224 1154 mitnque
239 1110 411 1142 secund0.’

117 1161 282 1201 Tumebat]
307 1161 426 1192 Elatus
453 1158 624 1200 superbia,
654 1157 698 1189 ob
724 1166 776 1187 ac·

71 1212 259 1244 cessionem
276 1215 449 1242 tantarum
465 1219 580 1250 opum.
618 1209 734 1240 Barth.

115 1266 178 1296 166
200 1262 372 1302 Moeonius]
386 1262 499 1293 Midas
514 1262 587 1292 Rex
598 1260 780 1300 Phrygiae3

72 1315 252 1356 Lydiaeve,
269 1318 308 1344 ut
334 1313 401 1344 alii.
435 1312 501 1343 Vel
525 1311 718 1352 utriusque,
741 1314 779 1340 ut

74 1366 232 1398 Ovidius.
265 1364 381 1395 Barth.

119 1418 179 1446 167
195 1413 376 1453 Retiuctos]
393 1412 488 1443 Idem
503 1416 556 1442 est
570 1420 608 1441 ac
623 1410 649 1441 si
662 1410 780 1440 tinctos

76 1465 230 1496 dixisset.
265 1463 388 1504 Vin-gil.
415 1462 471 1493 lib.
499 1470 567 1492 xu.
599 1461 607 1477 ‘
626 1459 779 1491 recalent

74 1520 191 1547 nostro
206 1514 370 1545 Tiberina
386 1512 517 1543 fluenta
533 1511 704 1551 Sanguine
723 1509 780 1540 ad-

75 1565 163 1597 huc!
189 1565 305 1596 Barth.
336 1562 425 1604 quod
442 1561 655 1593 tantumdem
671 1564 724 1591 est
741 1568 780 1590 ae

78 1617 104 1648 si
121 1617 220 1647 calent
237 1614 389 1645 dixisset.
412 1613 529 1644 Barth.

121 1670 183 1698 168
210 1667 325 1698 Munus
350 1663 507 1703 acerbum]
536 1663 698 1701 Noxium,
724 1670 782 1692 no-

78 1729 193 1758 cuum,
210 1717 417 1749 contrarium
434 1715 506 1746 sibi.
537 1714 653 1745 Barth.

121 1771 184 1800 169
221 1769 325 1800 Invi-3⁰
362 1770 465 1797 votum
498 1763 674 1804 damnavit]
705 1762 783 1794 Ful-

80 1820 231 1861 gentius,
261 1818 453 1859 Mytholog.
481 1816 538 1847 lib.
563 1824 603 1846 Π.
629 1825 703 1855 cap.
732 1816 783 1845 14.

80 1874 90 1890 ‘
121 1871 219 1903 Mida
256 1871 332 1902 Rex
370 1868 564 1909 Apollinem
593 1867 709 1908 petiit,
747 1870 786 1896 ut

81 1921 242 1963 quicquid
281 1919 468 1960 tetigisset,
516 1927 635 1949 aurum
676 1916 785 1948 fieret.

83 1972 236 2012 Cumque
255 1970 513 2011 promeruisset,
536 1978 658 1999 munus
681 1967 713 1997 in
737 1967 786 1997 ul-

84 2022 211 2053 tionem
228 2030 429 2051 conversum
453 2024 518 2059 est,
545 2019 718 2059 coepitqne
736 2018 787 2048 sni

84 2072 156 2102 voti
174 2070 299 2102 effectu
316 2071 480 2111 torqueri.
519 2069 607 2099 Nam
625 2067 787 2110 quicquid

82 2121 261 2162 tetigerat,
286 2130 404 2151 aurum
423 2119 537 2151 statim
554 2118 788 2156 efficiebatur-3

85 2176 159 2203 erat
182 2181 263 2211 ergo
287 2171 470 2202 necessitas
487 2179 600 2206 aurea,
625 2168 791 2209 locuples-

86 2232 152 2265 que
166 2223 332 2263 penuria:
354 2223 418 2252 ἃς.

130 2274 236 2305 Inriso
264 2273 354 2313 auro]
391 2272 627 2312 Ovidinsque:
653 2271 662 2287 ‘
682 2270 790 2301 ‹lives-

87 2334 154 2366 que
170 2325 340 2366 miserque
353 2322 517 2363 Effugere
534 2326 632 2362 optat
645 2329 738 2360 opeS‚
756 2324 792 2351 et

87 2385 162 2417 quae
178 2375 279 2408 modo
296 2379 446 2414 voverat,
463 2373 548 2411 odit,
572 2372 679 2412 Copia
701 2373 793 2402 nulla

87 2424 209 2456 famem
241 2425 386 2463 relevat,
418 2424 492 2454 sitis
535 2421 630 2452 arida
673 2426 792 2461 guttur

89 2476 183 2517 Urit,
205 2480 242 2507 et
258 2475 366 2506 inviso
388 2475 530 2506 meritus
555 2477 734 2513 torquetur
751 2472 791 2502 ab

89 2525 194 2558 auro)
240 2526 336 2557 Scite
365 2534 445 2556 vero
477 2524 622 2565 glaciem
651 2522 792 2560 fulvam,

92 2586 209 2608 aurum
225 2587 267 2608 ex
283 2586 371 2618 aqua
386 2576 508 2607 vinove
521 2574 650 2606 factum
664 2583 792 2604 nuncn-

92 2631 166 2667 pat,
181 2631 220 2658 ut
234 2627 381 2658 niveam.

135 2677 238 2708 Invisa
248 2681 351 2709 votum
362 2676 519 2709 damnavit
530 2676 563 2707 in
573 2674 665 2715 auro]
677 2674 793 2714 Scrip-

95 2727 122 2758 ti
140 2725 276 2768 quidam
291 2728 388 2758 invito
399 2738 409 2758 .·
426 2736 616 2768 perperam.
633 2724 737 2756 Ovid.
750 2724 793 2755 de

95 2775 216 2809 eodem
231 2776 342 2817 Mida,
363 2776 372 2794 ‘
388 2781 424 2808 et
445 2777 553 2808 inviso
569 2776 710 2808 meritus
725 2779 795 2806 tor-

1407 192 1521 234 1245

819 302 944 340 quetur
960 298 994 328 in
1011 298 1112 327 auro.’
1146 295 1191 327 D.
1209 295 1322 326 Heius.

863 350 924 379 170
951 349 1037 387 Ergo
1049 346 1146 377 animi
1160 345 1273 384 victae]
1292 345 1437 375 Animum
1447 346 1526 378 Pri.

821 408 979 430 caeanns:
1005 397 1143 428 frustra.
1169 395 1291 436 virgil.
1317 395 1325 410 ‘
1343 394 1526 427 Immemor

821 449 899 488 lien,
915 449 1092 489 victusque
1108 446 1210 477 animi
1227 444 1402 486 respexit.’
1437 445 1527 478 Ade-

823 506 924 531 antur
955 510 1030 540 qna»
1048 499 1137 530 bello
1165 496 1347 529 Gildonico
1373 500 1527 529 notamus

822 560 855 582 v.
879 553 954 581 281.
991 550 1040 580 Id.

865 600 974 631 Animi
996 597 1111 638 victus]
1135 598 1375 629 Mnronianum
1400 596 1527 638 Georg.

823 660 872 682 ιν.
903 651 912 668 ‘
929 650 1113 681 Immemor
1128 649 1207 687 heu,
1228 649 1408 688 victusque
1426 646 1528 677 animi

823 700 998 742 respexit!
1009 701 1066 732 Sic
1078 699 1259 740 Apuleius,
1270 698 1357 729 libro
1371 706 1421 728 ιν.
1437 698 1445 714 ‘
1461 698 1530 728 ani—

824 752 870 784 mi
886 751 1023 783 saucia?

869 803 1035 844 Sequimur
1051 811 1224 842 quocunque
1250 799 1386 839 vocabis]
1412 800 1532 830 Excla-

825 855 929 886 matio
960 854 1060 885 victa:
1091 852 1288 890 voluntatis,
1326 851 1451 891 Vin-gil.
1479 859 1532 881 iv.

825 905 834 921 ‘
856 905 1028 946 sequimur
1048 909 1094 943 te,
1118 908 1234 934 sancte
1251 902 1415 940 Deorum,
1432 901 1532 935 Quis-

827 956 901 998 quis
918 965 968 996 es,
986 955 1196 997 imperioque
1224 955 1346 986 iterum
1375 963 1534 995 paremus

827 1007 1003 1038 ovanteis.’

873 1059 933 1087 173
959 1055 1181 1095 Iustabilesque
1197 1055 1284 1094 olim]
1315 1053 1466 1084 Diudno
1480 1062 1536 1083 ve-

828 1111 930 1147 teres,
953 1111 1022 1138 tres
1049 1105 1168 1137 vocaris
1198 1115 1258 1145 pro
1285 1104 1405 1134 vocabis
1433 1103 1535 1143 paulo

830 1162 920 1189 ante.
946 1157 1111 1188 Instabiles
1133 1156 1233 1196 prim.
1261 1155 1375 1186 Vatic.
1405 1159 1440 1185 et
1467 1158 1536 1184 tres

830 1208 898 1239 alii.
931 1209 975 1239 D.
1000 1208 1112 1239 Heius.

874 1259 1098 1299 Instabilesque
1116 1258 1187 1288 olim
1209 1255 1446 1297 Symplegades]
1473 1255 1537 1295 Cy-

831 1311 906 1342 anei
928 1310 1072 1350 scopuli,
1096 1308 1174 1350 qnia
1201 1307 1422 1348 fingebantur
1447 1307 1538 1338 colli-

832 1361 879 1400 di,
923 1358 1193 1400 Symplcgadnm
1236 1367 1358 1388 nomen
1411 1362 1539 1388 nactae.

832 1410 968 1448 Strabo,
993 1409 1050 1440 lib.
1065 1418 1119 1440 111.
1152 1409 1208 1439 De
1224 1407 1369 1448 Cyaneis
1382 1407 1539 1447 Symple-

834 1460 977 1500 gsadibus
995 1460 1071 1490 vide
1090 1458 1308 1499 Apollonium
1325 1458 1395 1488 late
1422 1457 1480 1488 lib.
1497 1466 1538 1488 Π.

833 1511 1009 1542 Valerium
1040 1510 1212 1548 Flaccum,
1250 1512 1286 1538 et
1325 1507 1541 1538 Sclioliastas.

835 1561 952 1593 Barth.

879 1611 1102 1650 Instabilesqne
1117 1607 1204 1648 olim]
1237 1608 1327 1639 Ante
1354 1607 1542 1647 navigatio-

834 1671 911 1693 nem
929 1660 1220 1702 Argonautarum,
1248 1657 1392 1689 testibus
1417 1657 1457 1687 iis
1485 1658 1543 1697 qui

835 1710 1070 1752 Argonautica
1086 1708 1375 1748 conscripserunt.
1416 1707 1543 1738 Deli-io.

880 1765 943 1793 174
980 1758 1177 1798 Thessalicis]
1230 1758 1438 1797 Minyarum,
1477 1766 1542 1798 quo

836 1813 972 1845 nomine
989 1815 1150 1843 censetur
1173 1808 1235 1840 flos
1262 1807 1432 1839 universae
1447 1807 1544 1838 Gra·-

837 1864 900 1896 ciae
917 1873 959 1894 ea
975 1864 1194 1902 tempestate.
1228 1858 1402 1890 Catullus:
1427 1859 1435 1874 ‘
1460 1858 1544 1889 Cum

836 1915 917 1946 lecti
935 1915 1093 1955 juvenes,
1122 1910 1261 1951 Argivae
1280 1908 1405 1940 robora
1430 1908 1544 1948 pubis,
1577 1932 1580 1935 .

838 1966 924 1997 Ausi
941 1968 1020 1996 sunt
1042 1963 1130 1993 vada
1155 1962 1244 1992 salsa
1272 1960 1343 1991 cita
1360 1959 1546 1990 decurrere

841 2015 974 2057 puppi.'
1019 2014 1127 2046 Jason
1163 2015 1279 2043 autem
1317 2009 1546 2050 expeditionis

841 2070 962 2097 auctor
988 2063 1184 2095 Thessalus.
1238 2061 1353 2092 Valer.
1384 2060 1547 2090 Flaccus:

838 2117 848 2132 ⁴
865 2115 1012 2146 Debitus
1029 2114 1107 2144 Eois
1122 2111 1191 2143 dux
1206 2110 1389 2143 Thessalus
1415 2109 1550 2150 appulit

841 2164 931 2197 oris.'

886 2217 976 2247 Celsa
1009 2215 1167 2254 Bosporus
1194 2211 1284 2252 urbe]
1326 2211 1496 2252 Bosporus,
1529 2220 1548 2241 a

841 2266 936 2297 bovis
953 2264 1088 2296 meabili
1115 2263 1262 2294 transitu
1285 2262 1333 2293 sic
1358 2261 1484 2301 dictus,
1510 2265 1548 2290 ut

843 2318 891 2348 ait
908 2317 998 2347 Plin.
1018 2315 1077 2347 lib.
1094 2324 1144 2346 Vl.
1162 2324 1236 2355 cap.
1256 2317 1284 2345 1.
1309 2312 1437 2353 duplex
1460 2315 1548 2350 erat,

844 2366 1044 2398 Cimmerius
1075 2370 1110 2395 et
1135 2363 1317 2401 Thracius;
1353 2363 1406 2393 hic
1434 2365 1547 2392 autem

826 2412 885 2448 'de
904 2417 1103 2457 posteriore,
1129 2415 1187 2456 qui
1205 2414 1319 2445 Asiam
1343 2413 1386 2444 ab
1409 2413 1550 2451 Europa

843 2468 1001 2508 sejungit.
1040 2465 1125 2497 Isid.
1153 2465 1195 2496 de
1225 2474 1264 2495 eo
1291 2464 1349 2496 lib.
1368 2471 1449 2494 xxu.
1474 2471 1550 2501 cap.

844 2521 895 2550 16.
918 2525 954 2548 et
971 2517 1152 2548 Petronius
1170 2517 1283 2556 Satyr.
1318 2515 1328 2532 ⁶
1354 2514 1548 2544 veneratus

843 2573 918 2599 erat
928 2567 1094 2598 submissa
1103 2567 1275 2606 Bosporus
1287 2563 1402 2595 unda!
1420 2562 1549 2600 Othry-

842 2619 899 2650 siae
928 2628 995 2649 orae
1024 2624 1103 2649 sunt
1131 2617 1290 2655 Europa:
1325 2623 1401 2645 nam
1431 2610 1551 2650 Othrys

843 2679 940 2700 mons
981 2673 1036 2699 est
1090 2666 1291 2705 Thessaliae,
1327 2661 1550 2702 Lapitharum

844 2721 954 2761 sedes,
978 2719 1070 2750 Plin.
1098 2718 1156 2748 lib.
1182 2725 1230 2747 lv.
1265 2724 1338 2754 cap.
1367 2715 1398 2742 8.
1435 2709 1551 2741 Valer.

845 2773 960 2804 Flacc.
977 2769 1106 2812 Argon.
1132 2767 1192 2799 lib.
1210 2776 1233 2798 1.
1255 2765 1298 2797 de
1314 2763 1435 2796 Pelia:
1456 2761 1466 2779 ‘
1484 2761 1549 2794 Ille
