1852 3182
429 225 492 256 DE
521 225 668 255 NUPT.
704 227 892 258 IIONOR.
925 230 985 259 ΕΤ
1019 231 1141 262 MAR.

55 320 103 352 dii
127 319 446 360 Metamorphoseis,
475 318 554 349 rosis
578 327 620 349 ex
645 320 756 350 veteri

53 371 142 402 libro
161 371 257 411 legit,
281 375 317 401 et
344 373 480 400 secutus
496 372 548 399 est
566 369 755 408 Raplielen-

53 423 149 464 gius:
174 422 340 464 quomodo
362 425 395 451 et
420 421 454 450 iu
476 420 572 459 prim.
597 420 753 452 vatican.

52 483 92 505 ac
110 473 266 505 undecim
287 472 360 502 aliis
385 469 511 501 nostris
540 472 753 510 praestantio-

51 524 96 555 ris
111 528 199 555 uotae
212 527 343 554 exstat:
362 520 426 550 duo
442 520 547 550 comis.
572 522 752 560 Vulgatam

50 574 255 614 scripturam
283 571 457 602 Claverius
486 575 623 602 tuetur:
661 573 753 603 Toros

52 632 115 663 pro
142 622 252 653 stratis
277 621 403 662 posuit,
431 626 468 652 ut
493 622 525 652 in
559 623 676 662 Epigr.
708 624 750 655 de

48 673 143 714 Equo
170 671 338 703 Honorii:
373 673 381 688 ‘
402 672 445 702 Et
475 673 580 711 'l'yrio
613 673 750 712 dignum

47 726 147 762 terga
171 721 292 752 rubere
314 723 421 752 (οι-σι’
449 722 496 752 sic
519 723 607 752 cuim
632 724 750 763 scripti

47 771 216 813 plerique,
233 781 298 801 nou
314 781 410 802 croco.
440 773 449 789 ‘
473 773 750 815 l'iirpureuiuto-

45 821 130 853 mm’
153 821 297 853 Ovidius
323 831 456 862 quoque
484 822 569 852 dixit
598 824 749 862 Epistola

47 871 209 903 OEnones.
248 872 411 902 Rosarum
440 872 647 902 mentionem
671 883 747 904 cum

43 920 156 952 denuo
169 920 273 952 faciat
292 922 390 961 paulo
406 928 479 961 post
497 928 625 959 noster,
639 923 746 963 primo

44 970 192 1002 Claverii
215 970 420 1002 sententiam
448 971 645 1010 probabam.
665 973 746 1003 niliil

42 1021 242 1052 mutandum
260 1030 335 1051 esse
358 1022 550 1052 censentis:
578 1032 666 1053 nunc
690 1023 749 1053 ali-

43 1074 98 1101 ter
114 1071 259 1102 videtur.
282 1071 328 1101 sic
351 1071 578 1110 Epithalamio
604 1073 748 1103 Palladii

42 1119 86 1151 de
99 1121 233 1151 Venere
249 1131 256 1151 :
273 1121 282 1137 ‘
297 1120 453 1151 Floribus
467 1121 657 1152 exstruitur
673 1132 747 1152 cui·-

41 1170 211 1210 rus:juga
226 1169 365 1200 floribus
383 1169 515 1200 halant:
539 1171 657 1201 Florea
670 1181 746 1211 pur-

37 1227 165 1261 pureas
195 1223 382 1250 annectunt
414 1218 510 1250 frena
538 1221 745 1252 columbas2’

39 1274 77 1302 et
99 1269 224 1302 ibidem
242 1271 286 1302 de
311 1270 460 1301 thalamo
484 1272 642 1308 Veneri&
671 1274 679 1289 ‘
695 1282 745 1303 ro-

39 1320 173 1363 seisque
211 1320 337 1352 cubilia
371 1328 514 1361 surgunt
553 1323 708 1354 Floribus
723 1323 744 1354 ι’

37 1379 119 1402 mox
135 1379 199 1411 pro
216 1380 257 1401 eo
274 1370 366 1411 quod
381 1371 535 1411 sequitur
547 1371 602 1402 hoc
617 1373 745 1412 navigat

39 1423 142 1461 antro,
168 1430 346 1461 perperam
376 1420 464 1452 idem
493 1422 745 1464 Raphelengius

40 1479 118 1501 cum
131 1470 269 1511 scriptis
292 1471 459 1501 nonnullis
475 1482 566 1502 arcu.-
592 1482 664 1512 qua>
680 1483 744 1504 vox

37 1520 140 1562 paulo
163 1525 243 1552 ante
266 1526 508 1561 praecesserat:
541 1522 595 1552 hoc
616 1523 745 1562 navigat

38 1571 101 1602 alte
127 1580 189 1611 pro
209 1570 344 1602 diversa
366 1571 512 1602 lectione
537 1571 744 1604 Oiselianus.

37 1621 208 1654 Junianus
222 1625 257 1652 et
270 1621 336 1652 duo
350 1622 541 1652 Florentini
558 1632 635 1653 cum
651 1624 746 1663 quin-

38 1675 74 1703 to
95 1671 275 1711 Vaticano,
289 1675 391 1702 ostro.-
416 1681 483 1712 qua
499 1672 646 1703 lectione
663 1673 744 1703 nihil

37 1721 151 1753 verius
166 1733 173 1752 :
193 1722 240 1752 sic
258 1726 385 1752 ostrum
404 1731 466 1761 pro
483 1732 654 1762 purpureo
667 1728 742 1754 toro

38 1771 205 1812 Princeps
222 1771 400 1812 poetarum
418 1781 483 1802 nou
501 1773 602 1802 semel
618 1773 742 1812 posuit.

41 1822 168 1854 Omnia
194 1823 226 1853 in
250 1826 364 1853 nostro
381 1822 508 1862 optime
527 1831 614 1853 nunc
633 1832 668 1852 se
684 1823 742 1853 ha-

38 1872 130 1905 bent.
165 1873 272 1905 Rosas
292 1873 452 1903 instratas
477 1872 624 1902 Tritonis
643 1878 741 1913 tergo

36 1923 157 1954 ostrini
183 1922 248 1953 tori
269 1922 376 1953 vicem
392 1922 520 1952 Veneri
542 1923 741 1962 praestitisse

34 1973 212 2014 designat:
238 1973 318 2003 nihil
332 1973 441 2012 potuit
456 1973 524 2004 dici
541 1973 739 2013 elegantius.

36 2023 132 2056 Fulta
143 2026 238 2061 θείω,
250 2028 286 2053 ut
298 2023 386 2053 bello
399 2023 592 2061 Gildouico‚
605 2034 653 2054 vs.
665 2028 738 2056 327.

33 2074 44 2093 ⁸
61 2078 260 2113 castumque
277 2073 389 2103 cubile
410 2073 617 2112 Ingreditur,
638 2074 738 2113 Tyrio

35 2133 103 2164 qua
126 2121 229 2153 fultus
251 2122 423 2153 Honorius
451 2127 542 2152 ostro
567 2123 739 2163 Carpebat

34 2178 170 2206 teneros
194 2173 306 2203 Maria
327 2182 402 2203 cum
420 2172 566 2212 conjuge
582 2173 737 2204 somnos!

35 2223 92 2255 Ita
115 2223 203 2254 enirn
230 2228 264 2254 et
283 2223 351 2253 illic
370 2223 401 2252 iu
417 2223 553 2262 optimis
576 2223 738 2254 membra-

34 2273 85 2305 nis
112 2273 278 2313 scriptum
310 2271 453 2303 offendi:
496 2277 607 2302 tamen
640 2273 738 2313 prim.

36 2323 221 2356 Vaticanus
246 2323 370 2364 aliique
393 2333 457 2353 nou
484 2323 582 2362 pauci
601 2324 738 2355 Pulchra

43 2373 150 2412 Venus,
166 2383 232 2405 non
252 2373 357 2403 Futta.
390 2373 433 2403 D.
453 2373 573 2403 Heius.

79 2423 249 2464 Purpureis
277 2423 395 2454 mollita
425 2423 516 2462 toris]
548 2424 737 2456 Pulviuari-

35 2471 112 2513 bus,
126 2477 184 2505 aut
202 2478 296 2505 veste
320 2474 482 2513 stragula,
497 2474 655 2513 qualibus
673 2476 735 2506 tori

38 2523 145 2554 sterni
161 2530 421 2555 consueverunt.
446 2524 563 2556 Barth.

76 2573 194 2614 Anti-o]
239 2576 418 2615 Ποιητικῶς,
457 2585 476 2606 a
514 2575 735 2608 similitudine

34 2622 148 2656 Antri.

80 2675 144 2703 152
161 2673 309 2704 Delibant
328 2685 452 2715 aequora
464 2677 596 2718 plantoe]
615 2677 734 2709 Qualis

38 2721 187 2763 alioquin
221 2732 357 2762 gressus
391 2725 535 2758 Veneris
560 2736 661 2768 super
690 2737 734 2759 ae-

36 2781 155 2816 quora.
180 2772 296 2804 Barth.

119 2825 240 2867 Delph.
258 2828 289 2857 et
308 2826 382 2859 Var.
396 2828 481 2861 clus.

717 2831 829 2863 Claud.

1401 229 1511 272 1377

854 324 913 352 153
939 322 1141 364 Prosequitur
1165 326 1332 366 volucrum]
1367 330 1420 361 Sic
1443 334 1509 372 pri.

807 380 870 401 mae
887 371 1052 403 editiones
1067 380 1102 404 ct
1121 374 1268 415 quinque
1289 378 1418 417 scripti.
1453 382 1509 411 l'o.

807 422 903 452 lucres
915 434 1033 454 artiores
1050 432 1216 465 perpetuo
1234 428 1386 466 epitheto
1399 432 1507 470 po'ctis

806 471 986 504 dicuutur:
1013 476 1178 515 exemplis
1204 477 1285 507 uiliil
1314 488 1408 517 οριις,
1433 491 1507 520 quae

805 521 913 552 obvia.
943 524 1051 560 Vulgo
1070 526 1198 556 volucer.
1215 528 1294 557 rotis
1308 538 1374 559 sec.
1390 530 1503 562 Vatic.

805 570 848 601 D.
870 572 981 602 Heius.

848 623 906 651 1⁵1
945 623 1213 665 Tranquillumque
1238 628 1337 658 choris
1363 631 1507 669 qualitur

802 672 900 711 mure]
926 673 1016 703 Nota
1046 684 1180 706 versum
1208 687 1289 706 sono
1317 680 1508 717 exprimen-

803 725 869 750 tem
889 722 1067 754 verborum
1087 727 1302 766 tranquillam
1329 734 1362 757 ct
1390 729 1506 768 pacifi-

801 780 872 800 cam
885 773 1052 811 quandam
1065 777 1362 807 succussationeui.
1388 779 1505 811 Bar‘h.

846 822 908 852 Per
923 833 1037 854 omnem
1057 825 1195 865 Neptuni
1215 829 1351 866 dispersu
1367 830 1504 870 domum]

801 871 878 901 Nou
893 883 993 903 omues
1008 875 1120 904 domos.
1144 877 1242 915 prim.
1263 878 1375 910 vatio.
1394 884 1427 910 et
1446 889 1505 911 no-

800 930 873 951 veni
900 923 976 953 alii:
1003 928 1036 953 et
1064 934 1138 954 mov<
1159 927 1304 957 :illst-mis
1322 938 1382 967 pro
1400 931 1504 961 Aller-

798 972 846 1001 m's
862 972 975 1010 prima*
994 973 1071 1003 edd.
1091 984 1129 1003 ac
1158 976 1277 1014 scripti
1301 988 1437 1008 omnes:
1465 984 1502 1010 ut

798 1019 839 1049 ad
856 1022 999 1051 Statium
1015 1022 1219 1061 Gronovius,
1234 1035 1264 1055 c.
1276 1030 1306 1056 9.
1333 1028 1375 1058 Ι).
1390 1028 1501 1060 Heius.

843 1075 900 1101 155
929 1073 1093 1112 Cadmeia]
1119 1075 1193 1113 Ino,
1209 1076 1327 1106 Cadmi
1344 1078 1421 1109 filia.

842 1123 902 1151 156
929 1122 1114 1162 Fraeriutque
1129 1125 1220 1164 rosis]
1241 1126 1350 1157 Sei-tis
1371 1127 1404 1157 in
1431 1128 1501 1159 vin-

797 1170 874 1200 cula
890 1169 992 1201 factis
1009 1182 1049 1202 ex
1067 1173 1160 1204 rosis.
1191 1175 1306 1206 Barth.

841 1223 902 1251 160
926 1222 1042 1252 Audito
1064 1223 1200 1263 rumor-e]
1237 1225 1308 1255 Nos
1332 1231 1501 1269 putamus,

796 1275 832 1301 et
848 1271 971 1310 saepius
997 1271 1189 1311 fingendum
1217 1275 1370 1307 auditum
1389 1278 1500 1309 Trito-

795 1329 883 1357 nem,
908 1326 944 1351 ut
971 1331 1037 1351 non
1063 1323 1154 1353 illico
1180 1324 1411 1364 Nympharum
1433 1337 1502 1360 om-

795 1370 844 1400 nis
862 1370 983 1400 chorus
1005 1371 1138 1402 excitus
1167 1372 1283 1405 fuerit.
1324 1376 1400 1407 Hoc
1418 1387 1499 1409 vero

795 1430 927 1451 rumore
959 1420 1076 1452 audito
1120 1424 1240 1453 merito
1279 1433 1356 1455 eum
1396 1435 1498 1466 super

795 1472 937 1512 aequoris
950 1482 1087 1513 campos
1105 1484 1178 1504 sese
1195 1475 1370 1506 extulisse.
1400 1477 1499 1510 Idem.

837 1522 954 1553 Audito
983 1524 1120 1564 rumore]
1164 1524 1219 1554 Sic
1245 1534 1322 1555 cum
1357 1527 1499 1558 Scliotto

792 1571 882 1602 idem
908 1572 1102 1604 Gronovius
1131 1574 1163 1604 in
1181 1573 1498 1617 observationibus,

795 1626 828 1652 et
846 1623 1005 1653 Bartliius
1023 1624 1111 1654 curis
1127 1624 1304 1654 secundis:
1322 1634 1384 1655 nec
1398 1627 1497 1657 aliter

793 1671 911 1711 scripti
935 1682 1061 1703 omueS.
1093 1682 1140 1704 vi.
1165 1674 1265 1704 Cous.
1293 1674 1383 1706 Hori.
1402 1677 1410 1691 ‘
1428 1676 1498 1707 Au·

794 1721 866 1751 dito
896 1721 1053 1760 perfecta
1077 1732 1195 1753 recens
1228 1733 1361 1754 rumore
1388 1725 1496 1757 Geta-

794 1770 890 1801 ruin.’
915 1772 1024 1810 Vulgo
1043 1772 1187 1802 Tritone:
1210 1782 1287 1802 mox
1297 1773 1380 1812 pisce
1395 1775 1496 1806 voluto

794 1821 892 1860 prim.
909 1822 1066 1852 Vatican.
1081 1827 1116 1852 et
1139 1828 1218 1852 octo
1244 1823 1299 1852 alii
1326 1833 1394 1854 non
1416 1834 1497 1856 con-

794 1872 984 1901 temuendae
1002 1878 1102 1902 uotae.
1139 1872 1308 1903 Caeterum
1334 1884 1393 1913 pro
1419 1875 1495 1906 Tar-

792 1922 885 1950 tessia
910 1921 1005 1959 tigris
1029 1922 1126 1961 prim.
1155 1922 1269 1953 Vatic.
1292 1933 1311 1953 a
1332 1934 1432 1955 mauu
1448 1934 1498 1956 se-

792 1970 902 2000 cunda
915 1981 989 2001 cum
1006 1972 1078 2001 aliis
1093 1972 1411 2011 vigintis'archesia:
1428 1974 1495 2006 duo

795 2021 980 2051 Tarcliesia:
1019 2022 1158 2052 totidem
1194 2024 1368 2054 Carthesia.
1394 2025 1494 2065 prim.

791 2071 903 2101 Oxou.
924 2071 1080 2102 Tracesia.
1098 2077 1174 2102 tert.
1196 2073 1307 2102 vatio.
1333 2074 1495 2106 Curchei'a.

790 2130 858 2151 sec.
881 2121 1011 2152 Medic.
1031 2121 1188 2152 Turchei'a.
1228 2122 1328 2152 F‹)·te
1348 2124 1495 2155 Carteia:

790 2171 879 2211 quod
910 2170 982 2202 fere
1011 2172 1116 2202 idem:
1159 2172 1286 2202 Carteia
1303 2173 1391 2204 euim
1417 2174 1494 2204 Tur-

788 2223 884 2251 tessus
895 2221 1061 2260 antiquis:
1081 2222 1133 2251 vel
1153 2228 1265 2261 posset
1279 2228 1314 2253 et
1331 2223 1396 2263 legi
1416 2224 1494 2254 Car-

786 2273 883 2312 pesia.
900 2272 1077 2303 Adeantur
1091 2273 1192 2304 Notae
1207 2280 1332 2305 nostrae
1346 2275 1388 2305 ad
1404 2275 1493 2308 Met.

790 2333 862 2366 xnj.
891 2324 1050 2360 Nasonis,
1067 2334 1112 2354 vs.
1129 2327 1202 2355 416.
1227 2324 1273 2354 D.
1291 2324 1404 2356 Heius.

835 2376 893 2405 161
925 2373 1067 2403 Tartesia
1084 2373 1204 2413 Tigris]
1221 2375 1378 2405 Monstra
1394 2375 1492 2406 maris

788 2423 1041 2454 similitudinem
1058 2424 1204 2465 aliquam
1219 2425 1381 2456 habentia
1397 2425 1491 2466 tigri-

788 2473 878 2505 dum.
916 2474 1031 2505 Barth.

832 2527 894 2555 162
922 2524 1096 2564 Rapturus]
1135 2525 1297 2565 Loquitur
1325 2525 1366 2555 de
1397 2525 1490 2565 pisce

788 2574 887 2604 arieti
903 2575 1033 2604 bellicae
1049 2575 1212 2605 inavliinae
1231 2575 1340 2605 simili.
1370 2575 1467 2605 Idem.

833 2626 1106 2665 Rupturussronle
1118 2625 1253 2664 carinas]
1273 2626 1321 2655 lin
1344 2627 1486 2655 Lucens-

788 2677 884 2716 prim.
912 2676 1023 2707 Vativ.
1057 2682 1090 2706 et
1119 2676 1174 2705 alii
1206 2676 1375 2714 pli-rique:
1406 2684 1486 2713 quo-

785 2727 885 2757 modo
908 2731 944 2757 et
965 2736 1041 2756 cum
1069 2725 1298 2764 Raphelengio
1317 2724 1485 2755 Barthius.

786 2781 932 2816 quatuor
951 2775 1133 2812 fracturus.-
1162 2775 1263 2805 eiiam
1291 2783 1357 2804 non
1386 2774 1487 2806 male.

1339 2828 1359 2856 4
1376 2825 1398 2856 S
