1851 3213
284 233 397 277 1122
774 232 849 261 cl„
881 222 1162 260 CLAUnlANl
1200 221 1242 250 L.

287 338 536 384 Dissimiles
557 344 698 375 annos
719 327 894 371 solertia
914 325 1137 376 temperat
1159 317 1282 360 artis.

346 408 472 450 Alter
491 406 537 446 in
559 400 737 443 alterius
756 394 948 437 redditur
969 404 1041 431 ore
1061 398 1238 442 parens.

289 477 348 518 Et
367 488 485 517 nova
507 467 722 525 germanis
742 463 922 519 paribus
943 456 1197 499 discrimina
1216 449 1438 506 praebenS‚
1697 435 1756 478 25

348 543 517 586 Divisit
536 538 684 580 vultus
707 545 806 574 cum
825 530 990 584 pietate
1011 524 1146 565 faber.

292 613 331 653 Ο
353 613 464 652 bene
487 607 673 649 Naturae
695 608 926 645 memores,
947 592 1214 635 documenta
1232 593 1432 638 supernae

351 678 564 724 J11stitiae,
582 674 795 728 juvenum
812 664 1007 712 numina,
1029 663 1140 700 vota
1162 666 1312 697 senum
1331 651 1340 692 ἒ

297 747 387 799 Qui
409 744 566 799 spretis
589 740 752 793 opibus
772 733 942 775 medios
964 723 1234 783 properastis
1255 722 1301 761 in
1320 720 1456 771 ignes,

355 813 436 855 Nil
455 812 615 864 praeter
636 807 833 845 sanctam
850 798 1003 838 tollere
1024 790 1248 834 canitiem.

300 879 440 924 Haud
460 875 669 930 equidem
690 866 908 911 immerito
927 864 1046 904 tanta
1064 859 1225 901 virtute
1245 859 1471 906 repressas

359 943 574 989 Enceladi
593 941 748 982 fauces
768 931 1016 986 obriguisse
1036 938 1147 968 reor.

304 1108 427 1142 dustria
440 1107 521 1137 artis
533 1104 711 1135 moderatur
722 1097 840 1129 animos
855 1093 1014 1132 dispares.-
1030 1091 1159 1126 uterque
1171 1090 1283 1124 parens
1291 1076 1456 1110 exhibetur
1469 1073 1503 1105 in
1514 1072 1601 1103 vultu
1609 1068 1772 1107 utriusque

305 1152 376 1184 filii.
425 1150 467 1180 Et
491 1146 611 1185 artifex
634 1145 710 1175 daus
738 1136 950 1181 differentiam
974 1141 1083 1164 novam
1103 1126 1264 1168 fratribus
1291 1120 1456 1157 similibus,
1484 1113 1642 1156 separavit
1667 1111 1773 1142 vultus

306 1203 423 1227 eorum
438 1202 506 1223 cum
520 1192 649 1230 pietate.
699 1186 728 1215 0
744 1183 866 1213 fratres
881 1178 1043 1209 reddentes
1058 1171 1171 1204 eximie
1194 1171 1316 1199 natura:
1331 1162 1421 1205 quod
1439 1160 1598 1196 debetur,
1615 1154 1673 1196 qui
1688 1151 1775 1184 estis*

306 1239 492 1277 argumenta
498 1233 637 1272 justitia>
650 1226 790 1263 caelestis,
802 1224 858 1265 qui
875 1221 956 1252 estis
973 1218 1153 1249 ornamenta
1160 1209 1350 1252 juventutis.
1366 1209 1395 1237 et
1410 1201 1565 1235 desideria
1576 1207 1683 1230 senum
1695 1195 1710 1226 !
1721 1193 1774 1236 qui

306 1280 431 1312 divitiis
443 1277 583 1313 calcatis,
598 1271 758 1312 irrupistis
773 1266 982 1308 perflammas
994 1260 1123 1294 medias,
1140 1262 1177 1287 nt
1191 1253 1270 1284 nihil
1289 1247 1457 1288 auferretis
1481 1246 1596 1286 proeter
1613 1243 1775 1282 parentes

309 1320 496 1355 venerabiles
507 1317 632 1350 canitie.
679 1313 753 1344 Non
765 1310 905 1351 equidem
919 1305 973 1336 abs
988 1313 1022 1334 re
1036 1304 1111 1343 puto
1124 1301 1238 1339 guttur
1252 1291 1401 1326 Enceladi
1413 1288 1594 1327 mitigatum
1610 1286 1701 1315 tanta
1712 1281 1776 1312 vir-

928 1409 945 1420 t
949 1408 964 1419 Ι
969 1404 1101 1418 ›oete-ee
1106 1403 1161 1414 θοι

314 1507 355 1536 23
379 1509 473 1533 annos
489 1504 558 1531 tres
574 1496 670 1527 Vatt.
686 1493 781 1524 Rott.
797 1487 907 1521 Oisel.
922 1484 1040 1515 animos
1069 1478 1145 1510 Pal.
1173 1476 1240 1507 duo
1267 1471 1362 1505 Med.
1388 1466 1522 1501 Buslid.
1536 1465 1618 1496 Var.
1641 1461 1709 1494 LL.
1726 1460 1783 1493 ed.

315 1548 422 1579 Antv.
439 1544 588 1582 temperet
602 1539 682 1569 Vat.
697 1538 808 1577 quart.
822 1529 918 1562 astris
934 1536 995 1568 pro
1011 1524 1092 1554 artis
1104 1523 1218 1553 Oxou.
1235 1527 1302 1548 sec.
1317 1525 1360 1545 m.
1374 1512 1512 1553 pin—24
1534 1508 1670 1539 creditus
1686 1505 1784 1536 Rott.

315 1591 356 1622 ln
372 1589 453 1620 var.
470 1587 539 1617 LL.
556 1583 611 1614 ed.
628 1580 736 1611 Antv.
752 1577 873 1607 deerat
889 1572 942 1602 hic
959 1566 1176 1599 versus.—25
1204 1561 1243 1591 In
1263 1568 1339 1590 nova
1369 1555 1446 1586 Pal.
1469 1555 1542 1584 noca
1558 1550 1643 1582 Cod.
1662 1547 1784 1588 Epigr.

316 1631 437 1664 Ambr.
455 1636 595 1670 quoerens
609 1633 671 1664 pro
693 1620 832 1661 praebens
848 1617 930 1647 Lov.
947 1612 1028 1642 Vat.
1056 1607 1252 1639 Liviu.-—26
1279 1599 1414 1632 Dimisit
1441 1597 1565 1627 Petav.
1584 1603 1634 1633 pr.
1653 1591 1785 1621 Bonon.

319 1675 434 1707 Oxou.
452 1681 519 1702 sec.
536 1667 675 1700 Dimisse
701 1660 913 1694 ssuslid.—-27
941 1655 970 1685 Ο
997 1653 1086 1683 breve
1098 1650 1178 1680 Vat.
1207 1655 1273 1677 sec.
1302 1643 1417 1673 Omnia
1441 1640 1495 1669 vel
1523 1638 1552 1668 Ο
1576 1636 1651 1667 bene
1676 1632 1786 1665 Oisel.

318 1725 458 1758 supernae
472 1714 554 1744 Vat.
570 1710 680 1742 Livin.
696 1703 836 1745 superba>
852 1702 938 1732 Exe.
956 1698 1098 1728 Lucens.
1116 1702 1167 1732 pr.
1182 1691 1266 1721 Var.
1283 1687 1350 1718 LL.
1367 1696 1385 1714 e
1404 1692 1511 1722 marg.
1531 1682 1644 1711 Parin.
1661 1675 1787 1708 Am.—

321 1764 362 1792 25
385 1759 512 1790 numina
531 1760 600 1785 tres
615 1752 713 1782 Vatt.
732 1748 806 1779 Pal.
831 1745 926 1776 Rott.
943 1739 1053 1770 Oisel.
1084 1735 1200 1767 lumina
1212 1731 1294 1772 legit
1310 1728 1485 1760 Heinsius·
1502 1727 1571 1755 vota
1582 1722 1665 1752 Var.
1684 1718 1751 1750 LL.
1768 1726 1788 1748 e

319 1812 428 1842 marg.
442 1801 557 1831 Parm.
573 1799 646 1827 nota
663 1793 715 1823 ed.
729 1788 934 1821 Parm.-—29
959 1781 1022 1818 Qui
1044 1778 1176 1818 sumptis
1192 1775 1276 1807 Cod.
1303 1772 1421 1812 Epigr.
1438 1768 1556 1799 Ambr.
1577 1763 1689 1795 mediis
1705 1762 1788 1792 Lov.

319 1844 497 1886 properatis
513 1841 580 1871 duo
596 1839 693 1869 Vatt.
708 1834 789 1865 Put.
809 1832 931 1862 Petav.
945 1836 997 1867 pr.
1013 1822 1133 1855 Ambr.
1151 1829 1201 1860 pr.
1216 1815 1349 1849 Buslid.
1362 1811 1533 1854 populastis
1548 1809 1675 1839 Moret.
1692 1813 1791 1846 pr.—

322 1891 362 1920 31
387 1887 526 1927 equidem
537 1882 646 1914 merito
661 1880 742 1909 Vat.
757 1885 825 1906 sec.
843 1875 908 1903 tota
927 1871 1006 1901 Put.
1023 1869 1113 1897 tauta
1127 1864 1195 1894 duo
1211 1860 1307 1892 Med.
1326 1859 1456 1888 Bonon.
1480 1850 1547 1883 dtio
1571 1851 1693 1881 Petav.
1708 1844 1791 1877 toti-

324 1932 400 1963 dem
416 1928 534 1961 Ambr.
554 1925 640 1956 Lov.
655 1922 783 1954 Moret.
806 1926 859 1958 pr.
876 1913 961 1947 Cod.
980 1910 1099 1951 Epigr.
1125 1905 1246 1938 Ambr.
1273 1903 1356 1934 Exc.
1379 1901 1523 1931 Lucens.
1551 1903 1601 1936 pr.
1618 1891 1696 1923 Ald.
1709 1889 1792 1920 Var.

988 2030 1130 2067 NOTAE

1089 2124 1241 2158 civitatis.

372 2148 415 2177 ’26
438 2143 562 2177 Divisit
577 2141 694 2181 vultus]
730 2135 910 2170 Quandam
938 2129 1035 2163 diffe-

1138 2176 1219 2207 Vota
1234 2169 1358 2210 senum]
1381 2168 1453 2198 Vos
1473 2165 1495 2196 ii
1517 2162 1614 2201 estis,
1636 2169 1720 2202 quos
1739 2156 1797 2190 alii

330 2197 473 2229 rentiam
490 2193 616 2226 indidit
633 2191 811 2230 utriusque
828 2185 951 2217 vultui.

373 2249 414 2278 27
429 2246 624 2277 Documenta
637 2249 778 2282 supernoe
786 2234 941 2277 justitioe]
954 2234 1038 2271 Vos,

332 2297 382 2341 pii
404 2296 540 2335 fratres,
566 2294 650 2325 estis
675 2293 877 2332 argumenta
892 2283 1037 2327 justitiae

332 2348 483 2382 coelestis
497 2358 506 2385 3
523 2355 580 2376 seu
594 2345 649 2384 pio
659 2342 753 2373 facto
769 2338 899 2370 docetis
912 2338 1040 2377 quanta

334 2400 378 2432 sit
392 2399 442 2430 vis
459 2396 606 2438 justitiae
623 2394 844 2433 Superorum,
868 2396 944 2429 quae
966 2385 1041 2415 vuit

330 2448 514 2492 justitiam,
523 2455 580 2476 seu
590 2445 756 2484 pietatem
765 2439 934 2477 eximiam,
943 2433 1041 2466 reddi

337 2498 550 2543 parentibus.

382 2554 424 2583 28
445 2550 602 2580 Juvenum
632 2542 774 2582 numina]
817 2540 859 2571 Id
891 2542 956 2575 est,
985 2533 1043 2576 qui

340 2606 438 2635 tanta
453 2600 584 2641 pietate
611 2593 818 2636 spectabiles
833 2590 873 2620 ab
898 2588 970 2619 aliis
989 2586 1045 2626 ju-

341 2652 484 2685 venibus
500 2649 566 2680 coli
589 2647 728 2681 debent,
744 2648 781 2673 ut
807 2638 963 2681 quaedam
987 2644 1045 2666 nn-

343 2702 446 2735 m'ma.
506 2698 572 2731 Alii
603 2698 723 2735 legunt
745 2692 894 2731 juvenum
920 2686 1047 2724 lumina,

346 2754 382 2786 id
404 2756 469 2792 est,
487 2740 902 2786 ornamentajnvemutis.
924 2738 1047 2770 Cicero

344 2807 447 2837 vocat
462 2801 554 2835 viros
569 2792 910 2841 praecellentissimos,
933 2787 1051 2820 lumina

1093 2236 1189 2259 senes
1203 2227 1262 2255 aut
1278 2230 1339 2262 pro
1355 2216 1472 2250 liberis
1488 2216 1622 2255 optent,
1650 2214 1709 2242 aut
1728 2207 1799 2250 qui·

1093 2279 1157 2310 bus
1174 2274 1299 2307 similes
1315 2270 1494 2309 expetant.

1136 2332 1177 2361 30
1203 2322 1374 2362 Canitiem]
1384 2322 1554 2352 Parentes
1565 2314 1692 2347 canitie
1704 2322 1804 2344 sanc-

1095 2386 1162 2420 tos,
1177 2374 1400 2409 venerandos.
1446 2369 1513 2401 Sed
1540 2367 1599 2398 filii
1633 2373 1803 2397 commen-

1095 2433 1233 2467 dantur,
1258 2424 1348 2467 quod
1375 2422 1455 2453 nihil
1482 2423 1613 2461 praeter
1637 2414 1802 2447 canitiem

1096 2478 1240 2514 flammis
1271 2476 1472 2514 eripervnt3
1497 2478 1572 2500 cum
1597 2466 1729 2499 scilicet
1753 2464 1804 2505 ip·
1838 2475 1841 2486 ι

1098 2539 1211 2562 sorum
1243 2529 1403 2567 parentes
1434 2523 1483 2552 ita
1522 2517 1615 2549 senio
1650 2513 1805 2547 confec-ti
1836 2538 1839 2543 ,

1099 2584 1226 2617 essent,
1256 2576 1339 2607 nihil
1367 2582 1400 2605 ιιι
1420 2577 1548 2613 pr‘aeter
1564 2566 1724 2599 canitiem
1752 2573 1805 2595 re-

1101 2636 1191 2663 stare
1207 2628 1395 2660 videretur.
1830 2602 1834 2641 Ι

1144 2685 1185 2713 32
1211 2676 1375 2716 Enceladi]
1399 2671 1570 2714 Gigantis‚
1585 2668 1642 2711 qui
1666 2674 1808 2708 oppres·
1830 2667 1835 2718 f

1103 2743 1158 2765 sus
1174 2731 1276 2764 AEtna
1292 2724 1582 2770 gemit‚ignesque
1600 2720 1751 2751 eructat.
1830 2722 1832 2755 μ

1829 2770 1832 2797 1
