1851 3213
304 249 417 292 1:366

556 259 700 291 NOTAE
733 257 999 289 VARIORUM
1035 257 1088 287 IN
1121 256 1197 287 CL.
1229 255 1414 286 CLAUD.
1447 255 1518 285 1X.

994 496 1087 538 IX.

308 655 794 704 EPITHALAMII
825 652 1112 701 HONOR.
1134 653 1227 701 ET
1249 652 1432 700 MAR.
1454 647 1768 699 PRAEFAT.

353 801 368 828 1
393 798 544 837 Surgeret
576 798 609 827 in
635 797 804 827 thalamum
829 797 921 826 ducto
949 805 1017 826 cum

309 849 419 880 Pelion
433 848 522 887 arcu]
550 848 635 878 Cum
658 847 690 876 in
715 847 899 877 thalamum
922 855 1018 876 exor-

308 903 451 929 naretur
501 902 536 928 et
575 896 844 937 amplificaretur
882 895 1017 935 Pelion,

308 948 446 988 nuptias
464 947 549 979 inibi
566 946 858 978 concelebraturis
873 946 1017 977 Thetide

309 1004 342 1030 et
361 999 479 1038 Peleo,
498 998 761 1039 progenerando
779 997 914 1029 Achilli.
939 997 1017 1028 Sur·-

306 1052 407 1090 geret,
434 1050 627 1089 Poiiticum,
657 1050 751 1081 velut
778 1048 958 1090 splendore
983 1052 1018 1079 et

309 1100 436 1131 honore
454 1099 583 1140 majore
600 1099 813 1139 indueretur,
827 1099 936 1139 magis
960 1097 1022 1129 fie-

310 1156 364 1183 ret
393 1151 626 1192 conspicuum.
672 1150 781 1181 Pelion
805 1159 899 1180 mons
916 1149 1020 1180 Thes·

309 1201 413 1241 saliae,
446 1201 501 1231 ubi
532 1201 689 1232 convivio
720 1200 865 1240 nuptiali
897 1209 1019 1230 conve-

310 1257 436 1282 nerunt
459 1251 502 1290 ei,
533 1251 623 1291 quod
650 1250 724 1289 jam
757 1250 917 1288 diximus,
945 1249 1018 1281 Dii.

310 1302 428 1332 Barth.

354 1353 518 1391 Surgeret,
534 1350 602 1391 Era]
642 1350 728 1381 Haec
753 1350 850 1381 Pelei
878 1354 914 1381 et
935 1349 1020 1381 The·

311 1403 402 1444 tydis
420 1402 556 1443 nuptias
578 1401 743 1441 iudicant,
766 1400 808 1431 de
830 1400 950 1442 quibus
968 1410 1019 1431 sn-

311 1463 384 1494 pra.
432 1453 482 1484 Ut
499 1461 579 1483 vero
597 1452 669 1483 haec
688 1451 821 1492 plenius
837 1450 1020 1490 intelligas,

311 1504 389 1536 vide
420 1501 561 1534 Praefat.
586 1501 717 1533 Sidonii
744 1501 778 1532 in
810 1501 924 1542 Epith.
951 1501 1019 1531 Ru-

312 1556 385 1586 ricii
404 1559 439 1586 et
456 1554 581 1585 Iberiae
598 1564 604 1583 2
629 1551 797 1583 imitando
813 1551 901 1582 enim
913 1551 1021 1591 expli-

313 1611 382 1637 cat.
408 1606 530 1636 Clurer.

355 1659 375 1687 2
394 1657 509 1687 Tantos
518 1654 618 1695 Deos]
641 1654 771 1685 Omnes
785 1651 857 1684 fere
875 1650 1020 1683 adfuisse

312 1707 429 1738 fabula
446 1711 510 1737 est.
535 1705 653 1736 Barth.

355 1760 374 1788 3
399 1756 493 1787 Socer
509 1753 683 1795 aequoreus]
708 1752 880 1783 Oceanus.

358 1807 589 1844 Numerosaque
604 1802 695 1834 turba
710 1802 863 1842 sororum]
900 1800 1021 1831 Nerei-

313 1858 405 1895 dum,
422 1864 565 1896 quarum
582 1863 648 1884 una
660 1851 900 1892 Thetys,illius
913 1850 1021 1881 senio-

312 1909 355 1938 ris
372 1904 538 1946 Thetydis
555 1903 679 1943 neptis.
704 1902 821 1932 Barth.

356 1961 376 1989 4
402 1956 514 1997 Epulis
529 1954 707 1985 continuare
723 1951 804 1991 dies]
830 1951 1022 1982 continuare

312 2010 407 2048 dapes
431 2006 530 2047 prim.
554 2003 681 2035 Medic.
698 2002 834 2044 quintus
856 2001 970 2032 Vatic.
986 2005 1022 2032 et

313 2057 504 2089 Palatinus.
521 2058 676 2085 venuste.
703 2053 736 2083 in
751 2051 917 2082 nonnullis
928 2051 1021 2083 diem.

313 2110 419 2140 Forte
435 2117 496 2148 pro
513 2108 633 2146 dapem.
664 2105 711 2135 D.
726 2103 846 2134 Heius.

356 2164 374 2190 5
401 2157 619 2197 ProeMretque
639 2155 712 2186 Jovz·
738 2153 911 2185 communia
930 2163 1022 2194 poeu-

313 2210 358 2250 la]
384 2211 431 2241 Ut
445 2210 588 2249 hospes:
612 2205 798 2244 communia,
827 2204 902 2235 Diis
925 2204 1022 2235 nimi-

314 2270 401 2299 rum,
418 2264 490 2290 tuin
503 2257 651 2299 dignatis
663 2255 896 2288 communibus
911 2254 1021 2296 epulis

315 2322 391 2344 cum
408 2311 607 2343 mortalibus
622 2310 685 2341 uti.

360 2361 493 2401 Chiron]
522 2361 620 2392 Illius
636 2364 711 2392 erat
728 2360 821 2401 regio
829 2359 1023 2390 Thessalica

314 2413 407 2445 circa
443 2412 593 2451 Pelium,
622 2411 679 2442 ubi
710 2411 840 2451 nuptiae
870 2409 1023 2441 Thetidis

316 2463 501 2505 praesentia
527 2462 677 2493 Deorum
699 2461 893 2492 celebratae.
939 2461 1024 2490 Erat

315 2515 442 2546 Chiron
458 2513 633 2551 1nedicus;
657 2512 792 2552 sapiens
816 2521 892 2542 cum
905 2510 1022 2551 primis

313 2574 382 2595 snae
400 2563 523 2603 aetatis,
548 2565 582 2592 et
608 2561 740 2601 peritus
766 2560 1021 2599 Ast1·on0miae;

315 2615 404 2646 unde
434 2620 470 2646 et
500 2614 639 2645 finxisse
679 2618 763 2654 puto
801 2612 947 2644 fabulam
979 2612 1021 2643 (le

316 2666 457 2706 Nuptiis
474 2666 574 2706 Deae,
591 2673 666 2697 cnm
681 2664 824 2694 Pelenm
841 2663 951 2693 animo
967 2663 1022 2693 ha-

316 2717 417 2747 beret
434 2716 547 2757 gloriae
576 2715 742 2756 singulari
769 2714 1020 2746 commendare.

318 2767 438 2797 Barth.

359 2821 379 2847 0
403 2817 600 2858 Terpsichore
614 2816 759 2857 facilem]
783 2816 918 2847 Musam
933 2815 1020 2847 acci-

1066 798 1205 825 nentem
1243 794 1471 833 Hymenaeum
1510 796 1569 824 aut
1598 791 1774 833 Epithala-

1067 844 1171 874 mium
1187 843 1284 882 facit,
1301 843 1381 885 quia
1397 843 1520 884 Apollo
1537 848 1571 874 et
1587 844 1697 874 Diana
1714 841 1772 873 ad-

1069 894 1220 934 spernati
1233 893 1441 924 consortium
1458 903 1533 924 cum
1549 893 1685 924 caeteris
1697 892 1774 924 Diis

1068 953 1134 975 non
1152 947 1317 974 venerant
1340 943 1381 974 ad
1409 944 1559 984 nuptiale
1582 943 1680 974 Pelei
1706 942 1774 973 fes-

1069 999 1151 1026 tum.
1177 995 1273 1025 Idem.

1115 1048 1154 1076 10
1179 1046 1291 1076 Molles
1321 1044 1428 1085 duxit]
1470 1044 1561 1075 Deos
1591 1043 1634 1075 ad
1657 1051 1775 1074 sonum

1066 1095 1300 1136 Tcrpsichorae
1315 1094 1470 1125 canentis
1483 1094 1568 1125 dicit
1581 1093 1773 1125 Choreasin

1070 1150 1171 1177 antra
1188 1145 1343 1176 Chironis
1360 1144 1508 1176 duxisse.
1531 1144 1630 1175 Idem.

1114 1199 1153 1228 12
1180 1196 1307 1227 Teneris
1328 1198 1451 1227 nossent
1474 1205 1611 1235 congrua
1625 1198 1697 1226 vota
1712 1205 1777 1225 mo-

1069 1248 1132 1289 dis]
1156 1250 1240 1280 Cum
1265 1248 1459 1288 nuptiarum
1484 1247 1719 1288 solennitates,
1742 1251 1778 1278 et

1022 1331 1025 1332 ⁷
1070 1299 1183 1329 omina
1220 1302 1362 1329 nossent
1397 1307 1586 1338 congruere
1609 1297 1776 1329 cumillis

1070 1349 1217 1389 egregiis
1233 1348 1402 1379 cantibus.
1448 1348 1525 1379 Hoc
1538 1352 1604 1387 est,
1617 1358 1776 1389 agnosce·

1071 1404 1147 1430 rent
1164 1400 1316 1430 carmina
1340 1398 1444 1440 digna
1468 1398 1530 1429 tali
1554 1399 1712 1439 concilio,
1728 1403 1779 1430 ta-

1070 1451 1161 1492 lique
1177 1449 1379 1481 festivitate.
1431 1449 1509 1481 Vota
1521 1449 1612 1490 ipsas
1626 1449 1776 1490 Nuptias

1071 1500 1266 1541 designant,
1289 1499 1445 1531 nimirum
1474 1499 1562 1540 quod
1580 1498 1780 1541 principalis

1071 1551 1228 1583 humanae
1260 1551 1343 1582 vitae
1385 1550 1532 1582 societas
1563 1551 1699 1581 ineatur
1722 1549 1779 1589 iis,

1071 1613 1137 1645 qua
1163 1603 1250 1634 bona
1278 1613 1357 1644 pars
1383 1601 1558 1634 felicitatis
1584 1601 1690 1642 ipsius
1708 1600 1779 1632 uni-

1071 1663 1179 1685 versae
1196 1653 1404 1694 dependeat.
1429 1653 1529 1684 Idem.

1116 1707 1155 1735 13
1182 1705 1332 1736 Centauri
1361 1704 1523 1744 Faunique
1546 1702 1677 1742 negant]
1714 1701 1779 1732 No-

1072 1757 1140 1785 {ant
1156 1763 1336 1795 perperam
1349 1753 1536 1793 Cluverius,
1556 1758 1590 1783 et
1614 1752 1707 1782 illum
1730 1761 1779 1782 se-

1072 1810 1173 1836 cutus
1184 1804 1454 1845 Raphelengius,
1466 1804 1542 1835 cum
1556 1801 1711 1842 Barthio,
1722 1811 1780 1833 cu-

1073 1855 1118 1886 ris
1151 1855 1320 1892 secundis,
1355 1854 1413 1895 qui
1439 1853 1648 1895 juvenilibus
1687 1852 1778 1883 notis

1073 1910 1168 1936 recte
1187 1905 1331 1936 alteram
1359 1905 1565 1945 scripturam
1592 1904 1778 1945 amplecte-

1073 1956 1191 1988 batur:
1214 1960 1251 1986 ut
1268 1956 1310 1986 ad
1326 1955 1430 1986 Statii
1443 1955 1632 1995 Silvasjam
1646 1956 1780 1987 monuit

1074 2006 1296 2038 amicissimus
1310 2005 1518 2045 Gronovius,
1529 2015 1606 2047 cap.
1622 2007 1676 2037 45.
1698 2005 1780 2036 Vul-

1074 2061 1187 2098 gatam
1204 2057 1386 2088 lectionem
1413 2055 1537 2097 scripti
1562 2056 1671 2087 nostri
1699 2065 1782 2087 con-

1074 2111 1368 2139 stantertuentur.
1392 2108 1476 2139 Mox
1492 2107 1622 2139 Rhoeton
1633 2108 1780 2140 Lucens.

1074 2159 1216 2200 Gyrald.
1230 2163 1264 2190 et
1276 2159 1423 2201 quinque
1436 2159 1512 2191 alii:
1537 2158 1675 2201 quidam
1688 2159 1781 2190 Rhoe-

1075 2213 1152 2250 tum,
1175 2210 1301 2242 Latina
1316 2210 1566 2242 terminatione.
1600 2210 1778 2243 Quomodo

1075 2261 1264 2292 Claverius.
1312 2261 1350 2292 In
1377 2261 1549 2301 plerisque
1576 2260 1711 2300 scriptis
1742 2263 1778 2291 et

1075 2312 1220 2351 vulgatis
1236 2316 1388 2343 monstra
1403 2312 1588 2342 lectionum
1613 2311 1778 2343 invenias.

1074 2363 1120 2393 D.
1138 2362 1253 2392 Heius.

1119 2413 1257 2453 Natant]
1293 2412 1522 2453 Vituperant5
1546 2412 1673 2453 habent
1687 2413 1777 2454 quod

1075 2462 1166 2493 iniis
1190 2463 1456 2503 reprehendant,
1480 2462 1623 2493 mirifice
1650 2467 1684 2494 et
1710 2472 1778 2494 am-

1075 2513 1164 2553 plius
1181 2512 1244 2543 sibi
1260 2513 1434 2554 placentes
1452 2512 1617 2544 ruralibus
1633 2517 1670 2544 et
1685 2523 1778 2545 mon·

1075 2563 1163 2594 tanis
1179 2563 1246 2594 snis
1257 2563 1391 2603 jubilis.

1118 2614 1277 2652 Rhoetum,
1294 2614 1442 2654 Pholum]
1466 2614 1614 2645 Nomina
1630 2614 1778 2646 Centau-

1073 2673 1197 2702 rorum,
1238 2664 1280 2700 dp
1308 2664 1464 2695 Chironis
1491 2664 1656 2704 collegio:
1695 2675 1777 2706 quos

1072 2713 1213 2744 advenis
1230 2714 1294 2745 illis
1311 2714 1436 2745 Faunis
1451 2715 1550 2755 longe
1560 2715 1693 2755 judicio
1708 2725 1777 2746 me-

1072 2763 1157 2794 liore
1173 2762 1288 2802 fuisse,
1311 2765 1480 2806 stringens
1497 2765 1675 2796 nonnullos
1693 2769 1777 2796 tem·

1073 2823 1192 2855 porum
1240 2824 1374 2846 suorum
1423 2815 1557 2857 ineptos
1596 2815 1777 2856 Censores,
