<?xml version="1.0" encoding="UTF-8"?>
<!DOCTYPE html PUBLIC "-//W3C//DTD XHTML 1.0 Transitional//EN"
    "http://www.w3.org/TR/xhtml1/DTD/xhtml1-transitional.dtd">
<html xmlns="http://www.w3.org/1999/xhtml" xml:lang="en" lang="en">
 <head>
  <title>
</title>
<meta http-equiv="Content-Type" content="text/html;charset=utf-8" />
  <meta name='ocr-system' content='tesseract 3.04.00' />
  <meta name='ocr-capabilities' content='ocr_page ocr_carea ocr_par ocr_line ocrx_word'/>
</head>
<body>
  <div class='ocr_page' id='page_1' title='image "./operaomniaexedit03clauuoft_0323.png"; bbox 0 0 1852 3182; ppageno 0'>
   <div class='ocr_carea' id='block_1_1' title="bbox 0 1690 28 3182">
    <p class='ocr_par' dir='ltr' id='par_1_1' title="bbox 0 1690 28 3182">
     <span class='ocr_line' id='line_1_1' title="bbox 0 1690 28 3182; baseline 0 0"><span class='ocrx_word' id='word_1_1' title='bbox 0 1690 28 3182; x_wconf 95' lang='lat' dir='ltr'><strong> </strong></span> 
     </span>
    </p>
   </div>
   <div class='ocr_carea' id='block_1_2' title="bbox 573 217 1110 248">
    <p class='ocr_par' dir='ltr' id='par_1_2' title="bbox 573 217 1110 248">
     <span class='ocr_line' id='line_1_2' title="bbox 573 217 1110 248; baseline -0.002 0"><span class='ocrx_word' id='word_1_2' title='bbox 573 219 623 248; x_wconf 90' lang='grc' dir='ltr'><strong>ΙΝ</strong></span> <span class='ocrx_word' id='word_1_3' title='bbox 660 217 892 248; x_wconf 81' lang='lat' dir='ltr'>RUFINUM</span> <span class='ocrx_word' id='word_1_4' title='bbox 929 218 1024 246; x_wconf 74' lang='lat' dir='ltr'><strong>Lm.</strong></span> <span class='ocrx_word' id='word_1_5' title='bbox 1057 218 1110 248; x_wconf 85' lang='lat'><strong>11.</strong></span> 
     </span>
    </p>
   </div>
   <div class='ocr_carea' id='block_1_3' title="bbox 81 310 798 2818">
    <p class='ocr_par' dir='ltr' id='par_1_3' title="bbox 82 310 789 458">
     <span class='ocr_line' id='line_1_3' title="bbox 82 310 788 353; baseline -0.008 -7"><span class='ocrx_word' id='word_1_6' title='bbox 82 316 236 348; x_wconf 83' lang='lat' dir='ltr'><strong>victoriis</strong></span> <span class='ocrx_word' id='word_1_7' title='bbox 250 314 428 347; x_wconf 80' lang='lat' dir='ltr'>Theodosii</span> <span class='ocrx_word' id='word_1_8' title='bbox 445 312 605 353; x_wconf 85' lang='lat' dir='ltr'><strong>loquitur.</strong></span> <span class='ocrx_word' id='word_1_9' title='bbox 639 310 788 341; x_wconf 86' lang='lat' dir='ltr'><strong>Anniba-</strong></span> 
     </span>
     <span class='ocr_line' id='line_1_4' title="bbox 83 360 789 401; baseline -0.008 -5"><span class='ocrx_word' id='word_1_10' title='bbox 83 367 124 397; x_wconf 87' lang='lat' dir='ltr'><strong>lis</strong></span> <span class='ocrx_word' id='word_1_11' title='bbox 141 377 218 398; x_wconf 86' lang='lat' dir='ltr'><strong>eum</strong></span> <span class='ocrx_word' id='word_1_12' title='bbox 255 366 386 398; x_wconf 83' lang='lat' dir='ltr'><strong>occulte</strong></span> <span class='ocrx_word' id='word_1_13' title='bbox 410 361 551 394; x_wconf 78' lang='lat' dir='ltr'>facinori</span> <span class='ocrx_word' id='word_1_14' title='bbox 578 365 704 401; x_wconf 79' lang='lat' dir='ltr'><strong>aequat,</strong></span> <span class='ocrx_word' id='word_1_15' title='bbox 733 360 789 401; x_wconf 87' lang='lat' dir='ltr'><strong>qui</strong></span> 
     </span>
     <span class='ocr_line' id='line_1_5' title="bbox 84 411 775 458; baseline -0.012 -9"><span class='ocrx_word' id='word_1_16' title='bbox 84 427 165 448; x_wconf 86' lang='lat' dir='ltr'><strong>vere</strong></span> <span class='ocrx_word' id='word_1_17' title='bbox 185 417 320 458; x_wconf 85' lang='lat' dir='ltr'><strong>Alpium</strong></span> <span class='ocrx_word' id='word_1_18' title='bbox 336 413 509 445; x_wconf 85' lang='lat' dir='ltr'><strong>obstacula</strong></span> <span class='ocrx_word' id='word_1_19' title='bbox 527 411 630 451; x_wconf 90' lang='lat' dir='ltr'><strong>rupit.</strong></span> <span class='ocrx_word' id='word_1_20' title='bbox 659 412 775 442; x_wconf 80' lang='lat' dir='ltr'><strong>Barth.</strong></span> 
     </span>
    </p>

    <p class='ocr_par' dir='ltr' id='par_1_4' title="bbox 82 462 792 600">
     <span class='ocr_line' id='line_1_6' title="bbox 129 462 792 504; baseline -0.012 -5"><span class='ocrx_word' id='word_1_21' title='bbox 129 468 190 499; x_wconf 82' lang='lat' dir='ltr'><strong>Bis</strong></span> <span class='ocrx_word' id='word_1_22' title='bbox 206 465 371 504; x_wconf 79' lang='lat' dir='ltr'><strong>domitum]</strong></span> <span class='ocrx_word' id='word_1_23' title='bbox 396 463 517 494; x_wconf 81' lang='lat' dir='ltr'><strong>Domui</strong></span> <span class='ocrx_word' id='word_1_24' title='bbox 542 462 670 503; x_wconf 89' lang='lat' dir='ltr'><strong>primus</strong></span> <span class='ocrx_word' id='word_1_25' title='bbox 696 462 792 492; x_wconf 82' lang='lat' dir='ltr'><strong>Vati-</strong></span> 
     </span>
     <span class='ocr_line' id='line_1_7' title="bbox 82 513 792 557; baseline -0.01 -8"><span class='ocrx_word' id='word_1_26' title='bbox 82 528 158 550; x_wconf 84' lang='lat' dir='ltr'><strong>can.</strong></span> <span class='ocrx_word' id='word_1_27' title='bbox 191 524 226 549; x_wconf 89' lang='lat' dir='ltr'><strong>et</strong></span> <span class='ocrx_word' id='word_1_28' title='bbox 267 517 415 557; x_wconf 86' lang='lat' dir='ltr'><strong>quinque</strong></span> <span class='ocrx_word' id='word_1_29' title='bbox 445 514 523 544; x_wconf 83' lang='lat' dir='ltr'><strong>alii:</strong></span> <span class='ocrx_word' id='word_1_30' title='bbox 557 513 669 543; x_wconf 77' lang='lat' dir='ltr'><strong>seri-ile</strong></span> <span class='ocrx_word' id='word_1_31' title='bbox 704 513 792 551; x_wconf 76' lang='lat' dir='ltr'><strong>nefas</strong></span> 
     </span>
     <span class='ocr_line' id='line_1_8' title="bbox 84 565 536 600; baseline -0.011 0"><span class='ocrx_word' id='word_1_32' title='bbox 84 569 207 600; x_wconf 86' lang='lat' dir='ltr'><strong>tertius</strong></span> <span class='ocrx_word' id='word_1_33' title='bbox 223 566 334 597; x_wconf 84' lang='lat' dir='ltr'><strong>Vatic.</strong></span> <span class='ocrx_word' id='word_1_34' title='bbox 360 566 404 596; x_wconf 91' lang='lat' dir='ltr'><strong>D.</strong></span> <span class='ocrx_word' id='word_1_35' title='bbox 427 565 536 595; x_wconf 65' lang='lat' dir='ltr'><strong>Heius.</strong></span> 
     </span>
    </p>

    <p class='ocr_par' dir='ltr' id='par_1_5' title="bbox 82 612 791 855">
     <span class='ocr_line' id='line_1_9' title="bbox 127 612 788 655; baseline -0.006 -8"><span class='ocrx_word' id='word_1_36' title='bbox 127 620 189 649; x_wconf 73' lang='lat'><strong>394</strong></span> <span class='ocrx_word' id='word_1_37' title='bbox 227 617 354 646; x_wconf 82' lang='lat' dir='ltr'><em>Montes</em></span> <span class='ocrx_word' id='word_1_38' title='bbox 388 625 485 655; x_wconf 78' lang='lat' dir='ltr'><strong>nuper</strong></span> <span class='ocrx_word' id='word_1_39' title='bbox 515 615 638 645; x_wconf 77' lang='lat' dir='ltr'><em>dimisit</em></span> <span class='ocrx_word' id='word_1_40' title='bbox 670 612 788 652; x_wconf 72' lang='lat' dir='ltr'><strong>avitos]</strong></span> 
     </span>
     <span class='ocr_line' id='line_1_10' title="bbox 83 664 790 707; baseline -0.008 -8"><span class='ocrx_word' id='word_1_41' title='bbox 83 668 136 700; x_wconf 93' lang='lat' dir='ltr'><strong>Sic</strong></span> <span class='ocrx_word' id='word_1_42' title='bbox 152 667 270 707; x_wconf 86' lang='lat' dir='ltr'><strong>primae</strong></span> <span class='ocrx_word' id='word_1_43' title='bbox 281 666 450 697; x_wconf 79' lang='lat' dir='ltr'>editiones</span> <span class='ocrx_word' id='word_1_44' title='bbox 467 676 472 695; x_wconf 94' lang='lat'>:</span> <span class='ocrx_word' id='word_1_45' title='bbox 496 665 617 705; x_wconf 84' lang='lat' dir='ltr'><strong>scripti</strong></span> <span class='ocrx_word' id='word_1_46' title='bbox 636 664 708 694; x_wconf 73' lang='lat' dir='ltr'><strong>fere</strong></span> <span class='ocrx_word' id='word_1_47' title='bbox 722 674 790 694; x_wconf 87' lang='lat' dir='ltr'><strong>om-</strong></span> 
     </span>
     <span class='ocr_line' id='line_1_11' title="bbox 84 714 791 756; baseline -0.007 -8"><span class='ocrx_word' id='word_1_48' title='bbox 84 727 142 748; x_wconf 82' lang='lat' dir='ltr'><strong>nes</strong></span> <span class='ocrx_word' id='word_1_49' title='bbox 158 726 254 756; x_wconf 81' lang='lat' dir='ltr'><strong>nuper</strong></span> <span class='ocrx_word' id='word_1_50' title='bbox 270 718 384 746; x_wconf 82' lang='lat' dir='ltr'><strong>montes</strong></span> <span class='ocrx_word' id='word_1_51' title='bbox 394 715 526 745; x_wconf 76' lang='lat' dir='ltr'><strong>dimisit.</strong></span> <span class='ocrx_word' id='word_1_52' title='bbox 565 714 691 753; x_wconf 73' lang='lat' dir='ltr'><strong>Vulgo,</strong></span> <span class='ocrx_word' id='word_1_53' title='bbox 709 724 791 743; x_wconf 83' lang='lat' dir='ltr'><strong>mou-</strong></span> 
     </span>
     <span class='ocr_line' id='line_1_12' title="bbox 82 765 791 806; baseline -0.004 -8"><span class='ocrx_word' id='word_1_54' title='bbox 82 770 130 798; x_wconf 83' lang='lat' dir='ltr'><strong>tes</strong></span> <span class='ocrx_word' id='word_1_55' title='bbox 154 766 283 797; x_wconf 77' lang='lat' dir='ltr'><strong>amisit:</strong></span> <span class='ocrx_word' id='word_1_56' title='bbox 309 765 478 806; x_wconf 88' lang='lat' dir='ltr'><strong>quomodo</strong></span> <span class='ocrx_word' id='word_1_57' title='bbox 496 769 532 795; x_wconf 83' lang='lat' dir='ltr'><strong>et</strong></span> <span class='ocrx_word' id='word_1_58' title='bbox 558 765 655 805; x_wconf 89' lang='lat' dir='ltr'><strong>prim.</strong></span> <span class='ocrx_word' id='word_1_59' title='bbox 681 765 791 795; x_wconf 58' lang='lat' dir='ltr'><strong>vatic.</strong></span> 
     </span>
     <span class='ocr_line' id='line_1_13' title="bbox 85 817 698 855; baseline 0 -9"><span class='ocrx_word' id='word_1_60' title='bbox 85 817 186 848; x_wconf 82' lang='lat' dir='ltr'><strong>Idem.</strong></span> <span class='ocrx_word' id='word_1_61' title='bbox 696 853 698 855; x_wconf 66' lang='lat'>‚</span> 
     </span>
    </p>

    <p class='ocr_par' dir='ltr' id='par_1_6' title="bbox 81 865 792 1058">
     <span class='ocr_line' id='line_1_14' title="bbox 126 865 789 906; baseline -0.002 -9"><span class='ocrx_word' id='word_1_62' title='bbox 126 869 188 897; x_wconf 84' lang='lat'><strong>395</strong></span> <span class='ocrx_word' id='word_1_63' title='bbox 212 866 416 906; x_wconf 78' lang='lat' dir='ltr'><strong>Altorumque</strong></span> <span class='ocrx_word' id='word_1_64' title='bbox 428 867 516 897; x_wconf 72' lang='lat' dir='ltr'><strong>exsul</strong></span> <span class='ocrx_word' id='word_1_65' title='bbox 529 866 698 905; x_wconf 77' lang='lat' dir='ltr'><strong>nemorum]</strong></span> <span class='ocrx_word' id='word_1_66' title='bbox 713 865 789 896; x_wconf 88' lang='lat' dir='ltr'><strong>Non</strong></span> 
     </span>
     <span class='ocr_line' id='line_1_15' title="bbox 82 915 792 957; baseline -0.006 -9"><span class='ocrx_word' id='word_1_67' title='bbox 82 917 170 948; x_wconf 86' lang='lat' dir='ltr'><strong>enim</strong></span> <span class='ocrx_word' id='word_1_68' title='bbox 188 921 311 957; x_wconf 85' lang='lat' dir='ltr'><strong>sponte</strong></span> <span class='ocrx_word' id='word_1_69' title='bbox 329 916 367 946; x_wconf 77' lang='lat' dir='ltr'><strong>iis</strong></span> <span class='ocrx_word' id='word_1_70' title='bbox 384 917 545 947; x_wconf 73' lang='lat' dir='ltr'><strong>excessit.</strong></span> <span class='ocrx_word' id='word_1_71' title='bbox 593 916 680 946; x_wconf 76' lang='lat' dir='ltr'><strong>Nam</strong></span> <span class='ocrx_word' id='word_1_72' title='bbox 697 915 792 945; x_wconf 78' lang='lat' dir='ltr'><strong>uritis</strong></span> 
     </span>
     <span class='ocr_line' id='line_1_16' title="bbox 81 965 789 1005; baseline -0.006 -7"><span class='ocrx_word' id='word_1_73' title='bbox 81 967 203 998; x_wconf 74' lang='lat' dir='ltr'><strong>sedibus</strong></span> <span class='ocrx_word' id='word_1_74' title='bbox 219 968 252 997; x_wconf 91' lang='lat' dir='ltr'><strong>in</strong></span> <span class='ocrx_word' id='word_1_75' title='bbox 280 966 354 997; x_wconf 84' lang='lat' dir='ltr'><strong>fera</strong></span> <span class='ocrx_word' id='word_1_76' title='bbox 378 965 514 1005; x_wconf 82' lang='lat' dir='ltr'><strong>effictis,</strong></span> <span class='ocrx_word' id='word_1_77' title='bbox 532 967 618 997; x_wconf 80' lang='lat' dir='ltr'><strong>scite</strong></span> <span class='ocrx_word' id='word_1_78' title='bbox 635 965 789 996; x_wconf 78' lang='lat' dir='ltr'>exsilium</span> 
     </span>
     <span class='ocr_line' id='line_1_17' title="bbox 84 1017 565 1058; baseline 0 -11"><span class='ocrx_word' id='word_1_79' title='bbox 84 1017 235 1058; x_wconf 84' lang='lat' dir='ltr'><strong>ejusdem</strong></span> <span class='ocrx_word' id='word_1_80' title='bbox 250 1022 425 1047; x_wconf 80' lang='lat' dir='ltr'>consonat.</span> <span class='ocrx_word' id='word_1_81' title='bbox 450 1017 565 1047; x_wconf 79' lang='lat' dir='ltr'><strong>Barth.</strong></span> 
     </span>
    </p>

    <p class='ocr_par' dir='ltr' id='par_1_7' title="bbox 81 1065 793 2118">
     <span class='ocr_line' id='line_1_18' title="bbox 127 1065 789 1105; baseline -0.006 -7"><span class='ocrx_word' id='word_1_82' title='bbox 127 1068 243 1098; x_wconf 80' lang='lat' dir='ltr'><strong>Arenoe</strong></span> <span class='ocrx_word' id='word_1_83' title='bbox 274 1066 468 1105; x_wconf 71' lang='lat' dir='ltr'><strong>muneribus]</strong></span> <span class='ocrx_word' id='word_1_84' title='bbox 493 1067 619 1096; x_wconf 83' lang='lat' dir='ltr'><strong>Munus</strong></span> <span class='ocrx_word' id='word_1_85' title='bbox 651 1065 789 1105; x_wconf 88' lang='lat' dir='ltr'><strong>proprie</strong></span> 
     </span>
     <span class='ocr_line' id='line_1_19' title="bbox 85 1115 791 1157; baseline -0.006 -9"><span class='ocrx_word' id='word_1_86' title='bbox 85 1117 127 1148; x_wconf 85' lang='lat' dir='ltr'><strong>ad</strong></span> <span class='ocrx_word' id='word_1_87' title='bbox 154 1117 363 1157; x_wconf 76' lang='lat' dir='ltr'><strong>gladiatores</strong></span> <span class='ocrx_word' id='word_1_88' title='bbox 391 1121 538 1155; x_wconf 79' lang='lat' dir='ltr'><strong>spectat,</strong></span> <span class='ocrx_word' id='word_1_89' title='bbox 564 1116 621 1156; x_wconf 84' lang='lat' dir='ltr'><strong>qui</strong></span> <span class='ocrx_word' id='word_1_90' title='bbox 647 1115 791 1145; x_wconf 86' lang='lat' dir='ltr'><strong>liberali-</strong></span> 
     </span>
     <span class='ocr_line' id='line_1_20' title="bbox 83 1165 789 1205; baseline -0.006 -6"><span class='ocrx_word' id='word_1_91' title='bbox 83 1173 156 1199; x_wconf 88' lang='lat' dir='ltr'><strong>tate</strong></span> <span class='ocrx_word' id='word_1_92' title='bbox 193 1176 320 1197; x_wconf 84' lang='lat' dir='ltr'><strong>summa</strong></span> <span class='ocrx_word' id='word_1_93' title='bbox 359 1165 682 1205; x_wconf 82' lang='lat' dir='ltr'><strong>magnificentiaque</strong></span> <span class='ocrx_word' id='word_1_94' title='bbox 712 1174 789 1195; x_wconf 90' lang='lat' dir='ltr'><strong>con-</strong></span> 
     </span>
     <span class='ocr_line' id='line_1_21' title="bbox 83 1215 790 1257; baseline -0.004 -9"><span class='ocrx_word' id='word_1_95' title='bbox 83 1217 178 1248; x_wconf 88' lang='lat' dir='ltr'><strong>ducti</strong></span> <span class='ocrx_word' id='word_1_96' title='bbox 207 1216 370 1257; x_wconf 85' lang='lat' dir='ltr'><strong>populum</strong></span> <span class='ocrx_word' id='word_1_97' title='bbox 389 1216 604 1247; x_wconf 84' lang='lat' dir='ltr'><strong>recreabant.</strong></span> <span class='ocrx_word' id='word_1_98' title='bbox 632 1215 694 1247; x_wconf 85' lang='lat' dir='ltr'><strong>JC.</strong></span> <span class='ocrx_word' id='word_1_99' title='bbox 711 1216 730 1246; x_wconf 86' lang='lat' dir='ltr'><strong>l.</strong></span> <span class='ocrx_word' id='word_1_100' title='bbox 753 1215 790 1246; x_wconf 83' lang='lat' dir='ltr'><strong>Ii-</strong></span> 
     </span>
     <span class='ocr_line' id='line_1_22' title="bbox 81 1266 789 1307; baseline -0.004 -8"><span class='ocrx_word' id='word_1_101' title='bbox 81 1267 172 1299; x_wconf 77' lang='lat' dir='ltr'><strong>berti.</strong></span> <span class='ocrx_word' id='word_1_102' title='bbox 191 1266 402 1307; x_wconf 69' lang='lat' dir='ltr'><strong>§Lucius.ff.</strong></span> <span class='ocrx_word' id='word_1_103' title='bbox 415 1268 451 1297; x_wconf 78' lang='lat' dir='ltr'><strong>de</strong></span> <span class='ocrx_word' id='word_1_104' title='bbox 467 1267 572 1297; x_wconf 81' lang='lat' dir='ltr'><strong>annul.</strong></span> <span class='ocrx_word' id='word_1_105' title='bbox 586 1268 646 1305; x_wconf 77' lang='lat' dir='ltr'><strong>leg.</strong></span> <span class='ocrx_word' id='word_1_106' title='bbox 664 1271 699 1296; x_wconf 90' lang='lat' dir='ltr'><strong>et</strong></span> <span class='ocrx_word' id='word_1_107' title='bbox 716 1267 789 1296; x_wconf 80' lang='lat' dir='ltr'><strong>Mo-</strong></span> 
     </span>
     <span class='ocr_line' id='line_1_23' title="bbox 83 1316 791 1358; baseline -0.004 -8"><span class='ocrx_word' id='word_1_108' title='bbox 83 1318 246 1358; x_wconf 84' lang='lat' dir='ltr'><strong>destinus,</strong></span> <span class='ocrx_word' id='word_1_109' title='bbox 269 1319 289 1348; x_wconf 90' lang='lat' dir='ltr'><strong>l.</strong></span> <span class='ocrx_word' id='word_1_110' title='bbox 315 1319 464 1355; x_wconf 72' lang='lat' dir='ltr'><strong>legatum,</strong></span> <span class='ocrx_word' id='word_1_111' title='bbox 492 1319 542 1348; x_wconf 84' lang='lat'><strong>16.</strong></span> <span class='ocrx_word' id='word_1_112' title='bbox 559 1316 604 1357; x_wconf 88' lang='lat' dir='ltr'><strong>ff.</strong></span> <span class='ocrx_word' id='word_1_113' title='bbox 627 1318 664 1347; x_wconf 79' lang='lat' dir='ltr'><strong>(le</strong></span> <span class='ocrx_word' id='word_1_114' title='bbox 690 1327 744 1347; x_wconf 79' lang='lat' dir='ltr'><strong>usu</strong></span> <span class='ocrx_word' id='word_1_115' title='bbox 761 1320 791 1347; x_wconf 80' lang='lat' dir='ltr'><strong>et</strong></span> 
     </span>
     <span class='ocr_line' id='line_1_24' title="bbox 82 1368 790 1408; baseline -0.003 -7"><span class='ocrx_word' id='word_1_116' title='bbox 82 1369 245 1408; x_wconf 78' lang='lat' dir='ltr'><strong>usufructu</strong></span> <span class='ocrx_word' id='word_1_117' title='bbox 261 1370 384 1408; x_wconf 67' lang='lat' dir='ltr'><strong>legatis.</strong></span> <span class='ocrx_word' id='word_1_118' title='bbox 409 1368 510 1401; x_wconf 83' lang='lat' dir='ltr'><strong>Quod</strong></span> <span class='ocrx_word' id='word_1_119' title='bbox 528 1373 640 1399; x_wconf 81' lang='lat' dir='ltr'><strong>autem</strong></span> <span class='ocrx_word' id='word_1_120' title='bbox 657 1369 698 1399; x_wconf 91' lang='lat' dir='ltr'><strong>de</strong></span> <span class='ocrx_word' id='word_1_121' title='bbox 717 1369 790 1399; x_wconf 87' lang='lat' dir='ltr'><strong>bes-</strong></span> 
     </span>
     <span class='ocr_line' id='line_1_25' title="bbox 84 1418 792 1457; baseline -0.001 -6"><span class='ocrx_word' id='word_1_122' title='bbox 84 1421 131 1452; x_wconf 78' lang='lat' dir='ltr'><strong>tia</strong></span> <span class='ocrx_word' id='word_1_123' title='bbox 147 1430 260 1451; x_wconf 83' lang='lat' dir='ltr'><strong>arenae</strong></span> <span class='ocrx_word' id='word_1_124' title='bbox 275 1419 433 1450; x_wconf 82' lang='lat' dir='ltr'><strong>damnata</strong></span> <span class='ocrx_word' id='word_1_125' title='bbox 457 1418 553 1457; x_wconf 85' lang='lat' dir='ltr'><strong>dicit,</strong></span> <span class='ocrx_word' id='word_1_126' title='bbox 569 1420 710 1450; x_wconf 84' lang='lat' dir='ltr'><strong>adverte</strong></span> <span class='ocrx_word' id='word_1_127' title='bbox 726 1429 792 1450; x_wconf 89' lang='lat' dir='ltr'><strong>ma-</strong></span> 
     </span>
     <span class='ocr_line' id='line_1_26' title="bbox 83 1468 792 1510; baseline -0.003 -9"><span class='ocrx_word' id='word_1_128' title='bbox 83 1471 197 1502; x_wconf 86' lang='lat' dir='ltr'><strong>tutina</strong></span> <span class='ocrx_word' id='word_1_129' title='bbox 224 1470 436 1510; x_wconf 84' lang='lat' dir='ltr'><strong>spectacula,</strong></span> <span class='ocrx_word' id='word_1_130' title='bbox 463 1468 611 1499; x_wconf 84' lang='lat' dir='ltr'><strong>ferarum</strong></span> <span class='ocrx_word' id='word_1_131' title='bbox 638 1470 792 1500; x_wconf 76' lang='lat' dir='ltr'><strong>commis·</strong></span> 
     </span>
     <span class='ocr_line' id='line_1_27' title="bbox 84 1519 791 1558; baseline 0 -7"><span class='ocrx_word' id='word_1_132' title='bbox 84 1521 218 1558; x_wconf 78' lang='lat' dir='ltr'><strong>siones3</strong></span> <span class='ocrx_word' id='word_1_133' title='bbox 244 1520 444 1557; x_wconf 83' lang='lat' dir='ltr'><strong>meridiana,</strong></span> <span class='ocrx_word' id='word_1_134' title='bbox 470 1519 639 1549; x_wconf 84' lang='lat' dir='ltr'><strong>hominum</strong></span> <span class='ocrx_word' id='word_1_135' title='bbox 678 1519 791 1551; x_wconf 82' lang='lat' dir='ltr'><strong>fuisse.</strong></span> 
     </span>
     <span class='ocr_line' id='line_1_28' title="bbox 84 1569 793 1602; baseline -0.001 -1"><span class='ocrx_word' id='word_1_136' title='bbox 84 1570 238 1602; x_wconf 82' lang='lat' dir='ltr'><strong>Martial.</strong></span> <span class='ocrx_word' id='word_1_137' title='bbox 276 1569 548 1599; x_wconf 84' lang='lat' dir='ltr'><strong>‘Matutinarum</strong></span> <span class='ocrx_word' id='word_1_138' title='bbox 581 1579 646 1599; x_wconf 89' lang='lat' dir='ltr'><strong>nou</strong></span> <span class='ocrx_word' id='word_1_139' title='bbox 675 1569 793 1600; x_wconf 84' lang='lat' dir='ltr'><strong>ultima</strong></span> 
     </span>
     <span class='ocr_line' id='line_1_29' title="bbox 84 1618 791 1662; baseline -0.003 -10"><span class='ocrx_word' id='word_1_140' title='bbox 84 1621 202 1662; x_wconf 84' lang='lat' dir='ltr'><strong>praeda</strong></span> <span class='ocrx_word' id='word_1_141' title='bbox 219 1619 394 1651; x_wconf 62' lang='lat' dir='ltr'><strong>ferarum:</strong></span> <span class='ocrx_word' id='word_1_142' title='bbox 419 1618 523 1649; x_wconf 90' lang='lat' dir='ltr'><strong>Ovid.</strong></span> <span class='ocrx_word' id='word_1_143' title='bbox 542 1619 562 1649; x_wconf 90' lang='lat' dir='ltr'><strong>l.</strong></span> <span class='ocrx_word' id='word_1_144' title='bbox 582 1627 631 1650; x_wconf 84' lang='lat' dir='ltr'><strong>xi.</strong></span> <span class='ocrx_word' id='word_1_145' title='bbox 649 1619 791 1650; x_wconf 85' lang='lat' dir='ltr'><strong>Metam.</strong></span> 
     </span>
     <span class='ocr_line' id='line_1_30' title="bbox 84 1669 792 1708; baseline -0.004 -6"><span class='ocrx_word' id='word_1_146' title='bbox 84 1671 167 1702; x_wconf 83' lang='lat' dir='ltr'><strong>Fab.</strong></span> <span class='ocrx_word' id='word_1_147' title='bbox 186 1674 214 1701; x_wconf 94' lang='grc'><strong>1.</strong></span> <span class='ocrx_word' id='word_1_148' title='bbox 239 1672 298 1701; x_wconf 86' lang='lat' dir='ltr'><strong>‘ut</strong></span> <span class='ocrx_word' id='word_1_149' title='bbox 321 1669 490 1700; x_wconf 88' lang='lat' dir='ltr'><strong>matutina</strong></span> <span class='ocrx_word' id='word_1_150' title='bbox 517 1678 637 1699; x_wconf 84' lang='lat' dir='ltr'><strong>cervus</strong></span> <span class='ocrx_word' id='word_1_151' title='bbox 666 1669 792 1708; x_wconf 87' lang='lat' dir='ltr'><strong>peritu-</strong></span> 
     </span>
     <span class='ocr_line' id='line_1_31' title="bbox 83 1719 790 1759; baseline -0.004 -7"><span class='ocrx_word' id='word_1_152' title='bbox 83 1731 138 1752; x_wconf 89' lang='lat' dir='ltr'><strong>rus</strong></span> <span class='ocrx_word' id='word_1_153' title='bbox 155 1721 281 1752; x_wconf 88' lang='lat' dir='ltr'><strong>arena.&#39;</strong></span> <span class='ocrx_word' id='word_1_154' title='bbox 313 1720 435 1751; x_wconf 85' lang='lat' dir='ltr'><strong>Seuec.</strong></span> <span class='ocrx_word' id='word_1_155' title='bbox 453 1720 476 1750; x_wconf 86' lang='lat' dir='ltr'><strong>l.</strong></span> <span class='ocrx_word' id='word_1_156' title='bbox 496 1729 549 1750; x_wconf 90' lang='lat'><strong>111.</strong></span> <span class='ocrx_word' id='word_1_157' title='bbox 576 1719 617 1749; x_wconf 87' lang='lat' dir='ltr'><strong>de</strong></span> <span class='ocrx_word' id='word_1_158' title='bbox 637 1720 697 1759; x_wconf 89' lang='lat' dir='ltr'><strong>ira,</strong></span> <span class='ocrx_word' id='word_1_159' title='bbox 712 1729 790 1759; x_wconf 84' lang='lat' dir='ltr'><strong>cap.</strong></span> 
     </span>
     <span class='ocr_line' id='line_1_32' title="bbox 83 1770 792 1809; baseline -0.003 -7"><span class='ocrx_word' id='word_1_160' title='bbox 83 1773 143 1803; x_wconf 86' lang='lat' dir='ltr'><strong>ult.</strong></span> <span class='ocrx_word' id='word_1_161' title='bbox 166 1771 298 1801; x_wconf 85' lang='lat' dir='ltr'><strong>‘ridere</strong></span> <span class='ocrx_word' id='word_1_162' title='bbox 325 1770 483 1809; x_wconf 63' lang='lat' dir='ltr'><strong>selemim,</strong></span> <span class='ocrx_word' id='word_1_163' title='bbox 509 1771 598 1800; x_wconf 83' lang='lat' dir='ltr'><strong>inter</strong></span> <span class='ocrx_word' id='word_1_164' title='bbox 624 1770 792 1800; x_wconf 82' lang='lat' dir='ltr'><strong>matutina</strong></span> 
     </span>
     <span class='ocr_line' id='line_1_33' title="bbox 85 1823 791 1865; baseline -0.003 -9"><span class='ocrx_word' id='word_1_165' title='bbox 85 1834 197 1856; x_wconf 66' lang='lat' dir='ltr'><strong>arenae</strong></span> <span class='ocrx_word' id='word_1_166' title='bbox 215 1823 425 1865; x_wconf 86' lang='lat' dir='ltr'><strong>spectacula,</strong></span> <span class='ocrx_word' id='word_1_167' title='bbox 450 1824 538 1854; x_wconf 90' lang='lat' dir='ltr'><strong>tauri</strong></span> <span class='ocrx_word' id='word_1_168' title='bbox 555 1827 590 1854; x_wconf 86' lang='lat' dir='ltr'><strong>et</strong></span> <span class='ocrx_word' id='word_1_169' title='bbox 616 1824 682 1854; x_wconf 90' lang='lat' dir='ltr'><strong>ursi</strong></span> <span class='ocrx_word' id='word_1_170' title='bbox 709 1834 791 1864; x_wconf 81' lang='lat' dir='ltr'><strong>pug-</strong></span> 
     </span>
     <span class='ocr_line' id='line_1_34' title="bbox 86 1874 792 1915; baseline 0 -9"><span class='ocrx_word' id='word_1_171' title='bbox 86 1886 163 1907; x_wconf 86' lang='lat' dir='ltr'><strong>nam</strong></span> <span class='ocrx_word' id='word_1_172' title='bbox 180 1876 271 1906; x_wconf 86' lang='lat' dir='ltr'><strong>inter</strong></span> <span class='ocrx_word' id='word_1_173' title='bbox 287 1874 345 1906; x_wconf 63' lang='lat' dir='ltr'><strong>sel</strong></span> <span class='ocrx_word' id='word_1_174' title='bbox 383 1875 571 1915; x_wconf 86' lang='lat' dir='ltr'><strong>Symmacli.</strong></span> <span class='ocrx_word' id='word_1_175' title='bbox 589 1875 609 1906; x_wconf 93' lang='grc'><strong>1.</strong></span> <span class='ocrx_word' id='word_1_176' title='bbox 626 1884 664 1905; x_wconf 92' lang='lat'><strong>11.</strong></span> <span class='ocrx_word' id='word_1_177' title='bbox 682 1875 792 1915; x_wconf 86' lang='lat' dir='ltr'><strong>Epist.</strong></span> 
     </span>
     <span class='ocr_line' id='line_1_35' title="bbox 85 1925 793 1965; baseline -0.003 -8"><span class='ocrx_word' id='word_1_178' title='bbox 85 1929 139 1958; x_wconf 79' lang='lat'><strong>40.</strong></span> <span class='ocrx_word' id='word_1_179' title='bbox 175 1935 280 1956; x_wconf 87' lang='lat' dir='ltr'><strong>arena</strong></span> <span class='ocrx_word' id='word_1_180' title='bbox 305 1935 387 1956; x_wconf 91' lang='lat' dir='ltr'><strong>vero</strong></span> <span class='ocrx_word' id='word_1_181' title='bbox 414 1929 467 1956; x_wconf 88' lang='lat' dir='ltr'><strong>est</strong></span> <span class='ocrx_word' id='word_1_182' title='bbox 490 1925 675 1964; x_wconf 75' lang='lat' dir='ltr'><strong>theatrum,</strong></span> <span class='ocrx_word' id='word_1_183' title='bbox 696 1925 793 1965; x_wconf 83' lang='lat' dir='ltr'><strong>cujus</strong></span> 
     </span>
     <span class='ocr_line' id='line_1_36' title="bbox 87 1977 793 2015; baseline -0.003 -7"><span class='ocrx_word' id='word_1_184' title='bbox 87 1978 194 2009; x_wconf 91' lang='lat' dir='ltr'><strong>solum</strong></span> <span class='ocrx_word' id='word_1_185' title='bbox 211 1987 317 2008; x_wconf 85' lang='lat' dir='ltr'><strong>arena</strong></span> <span class='ocrx_word' id='word_1_186' title='bbox 330 1977 571 2015; x_wconf 74' lang='lat' dir='ltr'><strong>sternebatur-3</strong></span> <span class='ocrx_word' id='word_1_187' title='bbox 596 1977 703 2007; x_wconf 85' lang='lat' dir='ltr'><strong>velue</strong></span> <span class='ocrx_word' id='word_1_188' title='bbox 721 1986 793 2007; x_wconf 85' lang='lat' dir='ltr'><strong>sau-</strong></span> 
     </span>
     <span class='ocr_line' id='line_1_37' title="bbox 88 2028 792 2069; baseline -0.003 -10"><span class='ocrx_word' id='word_1_189' title='bbox 88 2029 162 2069; x_wconf 86' lang='lat' dir='ltr'><strong>guis</strong></span> <span class='ocrx_word' id='word_1_190' title='bbox 178 2029 352 2059; x_wconf 86' lang='lat' dir='ltr'><strong>horrorem</strong></span> <span class='ocrx_word' id='word_1_191' title='bbox 369 2028 542 2059; x_wconf 90' lang='lat' dir='ltr'><strong>incuteret</strong></span> <span class='ocrx_word' id='word_1_192' title='bbox 556 2039 564 2066; x_wconf 86' lang='lat'>;</span> <span class='ocrx_word' id='word_1_193' title='bbox 589 2028 694 2058; x_wconf 88' lang='lat' dir='ltr'><strong>velue</strong></span> <span class='ocrx_word' id='word_1_194' title='bbox 709 2037 792 2068; x_wconf 82' lang='lat' dir='ltr'><strong>pug-</strong></span> 
     </span>
     <span class='ocr_line' id='line_1_38' title="bbox 88 2078 604 2118; baseline -0.004 -9"><span class='ocrx_word' id='word_1_195' title='bbox 88 2083 211 2109; x_wconf 88' lang='lat' dir='ltr'><strong>nantes</strong></span> <span class='ocrx_word' id='word_1_196' title='bbox 224 2078 435 2110; x_wconf 79' lang='lat' dir='ltr'><strong>laberentur.</strong></span> <span class='ocrx_word' id='word_1_197' title='bbox 460 2079 604 2118; x_wconf 75' lang='lat' dir='ltr'><strong>Dempst.</strong></span> 
     </span>
    </p>

    <p class='ocr_par' dir='ltr' id='par_1_8' title="bbox 87 2130 798 2818">
     <span class='ocr_line' id='line_1_39' title="bbox 131 2130 792 2170; baseline 0.002 -10"><span class='ocrx_word' id='word_1_198' title='bbox 131 2131 311 2161; x_wconf 81' lang='lat' dir='ltr'><strong>Damnatur</strong></span> <span class='ocrx_word' id='word_1_199' title='bbox 327 2140 428 2160; x_wconf 81' lang='lat' dir='ltr'><strong>areuoe</strong></span> <span class='ocrx_word' id='word_1_200' title='bbox 446 2130 643 2170; x_wconf 79' lang='lat' dir='ltr'><strong>Muneribus]</strong></span> <span class='ocrx_word' id='word_1_201' title='bbox 667 2130 792 2170; x_wconf 82' lang='lat' dir='ltr'><strong>Isingr.</strong></span> 
     </span>
     <span class='ocr_line' id='line_1_40' title="bbox 88 2180 793 2222; baseline -0.004 -9"><span class='ocrx_word' id='word_1_202' title='bbox 88 2183 233 2213; x_wconf 90' lang='lat' dir='ltr'><strong>Lucens.</strong></span> <span class='ocrx_word' id='word_1_203' title='bbox 272 2181 370 2222; x_wconf 82' lang='lat' dir='ltr'>prim.</span> <span class='ocrx_word' id='word_1_204' title='bbox 405 2181 563 2212; x_wconf 78' lang='lat' dir='ltr'><strong>Vatican.</strong></span> <span class='ocrx_word' id='word_1_205' title='bbox 599 2181 697 2211; x_wconf 90' lang='lat' dir='ltr'><strong>multi</strong></span> <span class='ocrx_word' id='word_1_206' title='bbox 724 2180 793 2220; x_wconf 90' lang='lat' dir='ltr'><strong>alii,</strong></span> 
     </span>
     <span class='ocr_line' id='line_1_41' title="bbox 92 2231 793 2272; baseline -0.003 -9"><span class='ocrx_word' id='word_1_207' title='bbox 92 2231 296 2263; x_wconf 78' lang='lat' dir='ltr'><strong>Verberibus:</strong></span> <span class='ocrx_word' id='word_1_208' title='bbox 320 2231 455 2272; x_wconf 86' lang='lat' dir='ltr'><strong>quidam</strong></span> <span class='ocrx_word' id='word_1_209' title='bbox 494 2231 611 2270; x_wconf 86' lang='lat' dir='ltr'><strong>etiam,</strong></span> <span class='ocrx_word' id='word_1_210' title='bbox 652 2231 793 2262; x_wconf 78' lang='lat' dir='ltr'><strong>Vulneri-</strong></span> 
     </span>
     <span class='ocr_line' id='line_1_42' title="bbox 88 2282 793 2322; baseline -0.001 -9"><span class='ocrx_word' id='word_1_211' title='bbox 88 2282 165 2319; x_wconf 82' lang='lat' dir='ltr'><strong>bus,·</strong></span> <span class='ocrx_word' id='word_1_212' title='bbox 187 2282 328 2314; x_wconf 85' lang='lat' dir='ltr'><strong>frustra.</strong></span> <span class='ocrx_word' id='word_1_213' title='bbox 375 2283 447 2313; x_wconf 77' lang='lat' dir='ltr'><strong>Nos</strong></span> <span class='ocrx_word' id='word_1_214' title='bbox 474 2283 647 2322; x_wconf 76' lang='lat' dir='ltr'><strong>vulgatam</strong></span> <span class='ocrx_word' id='word_1_215' title='bbox 678 2291 793 2313; x_wconf 82' lang='lat' dir='ltr'><strong>veram</strong></span> 
     </span>
     <span class='ocr_line' id='line_1_43' title="bbox 88 2331 790 2375; baseline -0.004 -10"><span class='ocrx_word' id='word_1_216' title='bbox 88 2339 313 2375; x_wconf 84' lang='lat' dir='ltr'><strong>praestamus:</strong></span> <span class='ocrx_word' id='word_1_217' title='bbox 347 2344 420 2375; x_wconf 79' lang='lat' dir='ltr'><strong>quoe</strong></span> <span class='ocrx_word' id='word_1_218' title='bbox 460 2332 503 2363; x_wconf 91' lang='lat' dir='ltr'><strong>ab</strong></span> <span class='ocrx_word' id='word_1_219' title='bbox 542 2331 790 2373; x_wconf 76' lang='lat' dir='ltr'><strong>interpretibus</strong></span> 
     </span>
     <span class='ocr_line' id='line_1_44' title="bbox 89 2382 793 2422; baseline -0.006 -7"><span class='ocrx_word' id='word_1_220' title='bbox 89 2384 265 2415; x_wconf 80' lang='lat' dir='ltr'><strong>sollicitari</strong></span> <span class='ocrx_word' id='word_1_221' title='bbox 276 2393 341 2415; x_wconf 91' lang='lat' dir='ltr'><strong>uon</strong></span> <span class='ocrx_word' id='word_1_222' title='bbox 352 2382 472 2414; x_wconf 89' lang='lat' dir='ltr'><strong>debuit</strong></span> <span class='ocrx_word' id='word_1_223' title='bbox 486 2393 494 2420; x_wconf 93' lang='lat'>;</span> <span class='ocrx_word' id='word_1_224' title='bbox 514 2382 704 2422; x_wconf 78' lang='lat' dir='ltr'><strong>praesertim</strong></span> <span class='ocrx_word' id='word_1_225' title='bbox 716 2391 793 2412; x_wconf 89' lang='lat' dir='ltr'><strong>cum</strong></span> 
     </span>
     <span class='ocr_line' id='line_1_45' title="bbox 87 2434 794 2476; baseline -0.004 -9"><span class='ocrx_word' id='word_1_226' title='bbox 87 2446 107 2467; x_wconf 85' lang='lat' dir='ltr'><strong>a</strong></span> <span class='ocrx_word' id='word_1_227' title='bbox 119 2437 253 2476; x_wconf 85' lang='lat' dir='ltr'><strong>scriptis</strong></span> <span class='ocrx_word' id='word_1_228' title='bbox 270 2436 437 2467; x_wconf 80' lang='lat' dir='ltr'><strong>nonnullis</strong></span> <span class='ocrx_word' id='word_1_229' title='bbox 453 2434 686 2465; x_wconf 85' lang='lat' dir='ltr'><strong>confirmetur.</strong></span> <span class='ocrx_word' id='word_1_230' title='bbox 711 2434 794 2464; x_wconf 88' lang='lat' dir='ltr'><strong>Per-</strong></span> 
     </span>
     <span class='ocr_line' id='line_1_46' title="bbox 89 2484 793 2526; baseline -0.003 -10"><span class='ocrx_word' id='word_1_231' title='bbox 89 2495 205 2526; x_wconf 88' lang='lat' dir='ltr'><strong>peram</strong></span> <span class='ocrx_word' id='word_1_232' title='bbox 232 2486 336 2517; x_wconf 89' lang='lat' dir='ltr'><strong>etiam</strong></span> <span class='ocrx_word' id='word_1_233' title='bbox 370 2485 506 2517; x_wconf 89' lang='lat' dir='ltr'><strong>Delrius</strong></span> <span class='ocrx_word' id='word_1_234' title='bbox 535 2494 577 2515; x_wconf 85' lang='lat' dir='ltr'><strong>ex</strong></span> <span class='ocrx_word' id='word_1_235' title='bbox 607 2495 668 2516; x_wconf 88' lang='lat' dir='ltr'><strong>suo</strong></span> <span class='ocrx_word' id='word_1_236' title='bbox 692 2484 793 2523; x_wconf 85' lang='lat' dir='ltr'><strong>libro,</strong></span> 
     </span>
     <span class='ocr_line' id='line_1_47' title="bbox 94 2534 794 2574; baseline -0.003 -8"><span class='ocrx_word' id='word_1_237' title='bbox 94 2535 278 2566; x_wconf 79' lang='lat' dir='ltr'><strong>Vulneribus</strong></span> <span class='ocrx_word' id='word_1_238' title='bbox 302 2535 454 2566; x_wconf 71' lang='lat' dir='ltr'><strong>convicta.</strong></span> <span class='ocrx_word' id='word_1_239' title='bbox 523 2535 701 2574; x_wconf 77' lang='lat' dir='ltr'><strong>Commota,</strong></span> <span class='ocrx_word' id='word_1_240' title='bbox 725 2534 794 2564; x_wconf 84' lang='lat' dir='ltr'><strong>Ira-</strong></span> 
     </span>
     <span class='ocr_line' id='line_1_48' title="bbox 89 2584 794 2625; baseline -0.003 -9"><span class='ocrx_word' id='word_1_241' title='bbox 89 2589 138 2616; x_wconf 86' lang='lat' dir='ltr'><strong>ta.</strong></span> <span class='ocrx_word' id='word_1_242' title='bbox 182 2585 346 2616; x_wconf 86' lang='lat' dir='ltr'><strong>Dicemus</strong></span> <span class='ocrx_word' id='word_1_243' title='bbox 358 2585 415 2616; x_wconf 92' lang='lat' dir='ltr'><strong>lib.</strong></span> <span class='ocrx_word' id='word_1_244' title='bbox 432 2594 472 2616; x_wconf 85' lang='lat'><strong>11.</strong></span> <span class='ocrx_word' id='word_1_245' title='bbox 490 2584 522 2615; x_wconf 88' lang='lat' dir='ltr'><strong>in</strong></span> <span class='ocrx_word' id='word_1_246' title='bbox 540 2585 685 2625; x_wconf 90' lang='lat' dir='ltr'><strong>Eutrop.</strong></span> <span class='ocrx_word' id='word_1_247' title='bbox 720 2584 794 2614; x_wconf 79' lang='lat' dir='ltr'><strong>Mu·</strong></span> 
     </span>
     <span class='ocr_line' id='line_1_49' title="bbox 90 2635 794 2676; baseline 0 -11"><span class='ocrx_word' id='word_1_248' title='bbox 90 2643 165 2666; x_wconf 77' lang='lat' dir='ltr'><strong>nera</strong></span> <span class='ocrx_word' id='word_1_249' title='bbox 199 2645 302 2666; x_wconf 81' lang='lat' dir='ltr'><strong>arenoe</strong></span> <span class='ocrx_word' id='word_1_250' title='bbox 331 2635 529 2676; x_wconf 81' lang='lat' dir='ltr'><strong>spectacula</strong></span> <span class='ocrx_word' id='word_1_251' title='bbox 571 2636 794 2674; x_wconf 82' lang='lat' dir='ltr'><strong>vocabantur,</strong></span> 
     </span>
     <span class='ocr_line' id='line_1_50' title="bbox 92 2684 792 2725; baseline 0.001 -11"><span class='ocrx_word' id='word_1_252' title='bbox 92 2684 164 2714; x_wconf 92' lang='lat' dir='ltr'><strong>sive</strong></span> <span class='ocrx_word' id='word_1_253' title='bbox 179 2684 338 2725; x_wconf 90' lang='lat' dir='ltr'><strong>quicquid</strong></span> <span class='ocrx_word' id='word_1_254' title='bbox 355 2685 390 2716; x_wconf 91' lang='lat' dir='ltr'><strong>in</strong></span> <span class='ocrx_word' id='word_1_255' title='bbox 417 2695 522 2717; x_wconf 87' lang='lat' dir='ltr'><strong>arena</strong></span> <span class='ocrx_word' id='word_1_256' title='bbox 545 2684 792 2716; x_wconf 80' lang='lat' dir='ltr'><strong>exhibebatur:</strong></span> 
     </span>
     <span class='ocr_line' id='line_1_51' title="bbox 92 2734 795 2767; baseline 0.001 -3"><span class='ocrx_word' id='word_1_257' title='bbox 92 2734 142 2765; x_wconf 88' lang='lat' dir='ltr'><strong>ita</strong></span> <span class='ocrx_word' id='word_1_258' title='bbox 171 2738 208 2765; x_wconf 88' lang='lat' dir='ltr'><strong>et</strong></span> <span class='ocrx_word' id='word_1_259' title='bbox 232 2734 362 2766; x_wconf 89' lang='lat' dir='ltr'><strong>Lucan.</strong></span> <span class='ocrx_word' id='word_1_260' title='bbox 377 2735 436 2767; x_wconf 90' lang='lat' dir='ltr'><strong>lib.</strong></span> <span class='ocrx_word' id='word_1_261' title='bbox 454 2745 504 2767; x_wconf 86' lang='grc' dir='ltr'><strong>ιν.</strong></span> <span class='ocrx_word' id='word_1_262' title='bbox 525 2736 534 2753; x_wconf 92' lang='lat'>‘</span> <span class='ocrx_word' id='word_1_263' title='bbox 549 2736 656 2766; x_wconf 87' lang='lat' dir='ltr'><strong>veluti</strong></span> <span class='ocrx_word' id='word_1_264' title='bbox 679 2734 795 2766; x_wconf 88' lang='lat' dir='ltr'><strong>fatalis</strong></span> 
     </span>
     <span class='ocr_line' id='line_1_52' title="bbox 94 2783 798 2818; baseline 0.001 -4"><span class='ocrx_word' id='word_1_265' title='bbox 94 2793 204 2815; x_wconf 75' lang='lat' dir='ltr'><strong>arenae</strong></span> <span class='ocrx_word' id='word_1_266' title='bbox 220 2783 420 2816; x_wconf 84' lang='lat' dir='ltr'><strong>Muneribus</strong></span> <span class='ocrx_word' id='word_1_267' title='bbox 444 2794 512 2818; x_wconf 88' lang='lat' dir='ltr'><strong>non</strong></span> <span class='ocrx_word' id='word_1_268' title='bbox 527 2785 580 2817; x_wconf 83' lang='lat' dir='ltr'><strong>ira</strong></span> <span class='ocrx_word' id='word_1_269' title='bbox 606 2788 704 2816; x_wconf 85' lang='lat' dir='ltr'><strong>vetus</strong></span> <span class='ocrx_word' id='word_1_270' title='bbox 720 2794 798 2817; x_wconf 93' lang='lat' dir='ltr'><strong>con-</strong></span> 
     </span>
    </p>
   </div>
   <div class='ocr_carea' id='block_1_4' title="bbox 1429 209 1545 251">
    <p class='ocr_par' dir='ltr' id='par_1_9' title="bbox 1429 209 1545 251">
     <span class='ocr_line' id='line_1_53' title="bbox 1429 209 1545 251; baseline -0.009 -1"><span class='ocrx_word' id='word_1_271' title='bbox 1429 209 1545 251; x_wconf 80' lang='lat'>1295</span> 
     </span>
    </p>
   </div>
   <div class='ocr_carea' id='block_1_5' title="bbox 834 310 1550 2824">
    <p class='ocr_par' dir='ltr' id='par_1_10' title="bbox 834 310 1549 1248">
     <span class='ocr_line' id='line_1_54' title="bbox 840 310 1544 354; baseline 0.006 -13"><span class='ocrx_word' id='word_1_272' title='bbox 840 320 977 341; x_wconf 86' lang='lat' dir='ltr'><strong>currere</strong></span> <span class='ocrx_word' id='word_1_273' title='bbox 1001 311 1094 350; x_wconf 74' lang='lat' dir='ltr'><strong>cogit</strong></span> <span class='ocrx_word' id='word_1_274' title='bbox 1120 310 1332 342; x_wconf 81' lang='lat' dir='ltr'><strong>Productus:</strong></span> <span class='ocrx_word' id='word_1_275' title='bbox 1357 313 1459 344; x_wconf 86' lang='lat' dir='ltr'><strong>odere</strong></span> <span class='ocrx_word' id='word_1_276' title='bbox 1487 324 1544 354; x_wconf 87' lang='lat' dir='ltr'><strong>pa-</strong></span> 
     </span>
     <span class='ocr_line' id='line_1_55' title="bbox 841 360 1542 403; baseline 0.007 -13"><span class='ocrx_word' id='word_1_277' title='bbox 841 360 917 392; x_wconf 63' lang='lat' dir='ltr'><strong>res!</strong></span> <span class='ocrx_word' id='word_1_278' title='bbox 942 361 1061 392; x_wconf 87' lang='lat' dir='ltr'><strong>Manil.</strong></span> <span class='ocrx_word' id='word_1_279' title='bbox 1086 360 1144 391; x_wconf 86' lang='lat' dir='ltr'><strong>lib.</strong></span> <span class='ocrx_word' id='word_1_280' title='bbox 1171 370 1216 392; x_wconf 83' lang='lat' dir='ltr'><strong>iv.</strong></span> <span class='ocrx_word' id='word_1_281' title='bbox 1240 363 1248 377; x_wconf 92' lang='lat'>‘</span> <span class='ocrx_word' id='word_1_282' title='bbox 1264 362 1363 393; x_wconf 77' lang='lat' dir='ltr'><strong>Nunc</strong></span> <span class='ocrx_word' id='word_1_283' title='bbox 1383 370 1484 403; x_wconf 80' lang='lat' dir='ltr'><strong>caput</strong></span> <span class='ocrx_word' id='word_1_284' title='bbox 1510 366 1542 395; x_wconf 93' lang='lat' dir='ltr'><strong>in</strong></span> 
     </span>
     <span class='ocr_line' id='line_1_56' title="bbox 842 411 1545 446; baseline 0.006 -4"><span class='ocrx_word' id='word_1_285' title='bbox 842 411 994 442; x_wconf 86' lang='lat' dir='ltr'><strong>Martem</strong></span> <span class='ocrx_word' id='word_1_286' title='bbox 1013 411 1166 443; x_wconf 84' lang='lat' dir='ltr'><strong>vendunt</strong></span> <span class='ocrx_word' id='word_1_287' title='bbox 1193 416 1228 442; x_wconf 88' lang='lat' dir='ltr'><strong>et</strong></span> <span class='ocrx_word' id='word_1_288' title='bbox 1256 422 1373 442; x_wconf 88' lang='lat' dir='ltr'><strong>munus</strong></span> <span class='ocrx_word' id='word_1_289' title='bbox 1398 423 1508 445; x_wconf 77' lang='lat' dir='ltr'><strong>arenae</strong></span> <span class='ocrx_word' id='word_1_290' title='bbox 1524 416 1545 446; x_wconf 87' lang='lat'><strong>:&#39;</strong></span> 
     </span>
     <span class='ocr_line' id='line_1_57' title="bbox 843 463 1546 504; baseline 0.004 -11"><span class='ocrx_word' id='word_1_291' title='bbox 843 463 1011 504; x_wconf 87' lang='lat' dir='ltr'><strong>quomodo</strong></span> <span class='ocrx_word' id='word_1_292' title='bbox 1047 463 1265 494; x_wconf 86' lang='lat' dir='ltr'><strong>scribendum</strong></span> <span class='ocrx_word' id='word_1_293' title='bbox 1305 474 1376 494; x_wconf 74' lang='lat' dir='ltr'><strong>esse</strong></span> <span class='ocrx_word' id='word_1_294' title='bbox 1415 475 1546 499; x_wconf 77' lang='lat' dir='ltr'><strong>censeo,</strong></span> 
     </span>
     <span class='ocr_line' id='line_1_58' title="bbox 843 514 1545 554; baseline 0.003 -11"><span class='ocrx_word' id='word_1_295' title='bbox 843 514 943 544; x_wconf 80' lang='lat' dir='ltr'><strong>Nunc</strong></span> <span class='ocrx_word' id='word_1_296' title='bbox 975 514 1113 554; x_wconf 85' lang='lat' dir='ltr'><strong>legitur,</strong></span> <span class='ocrx_word' id='word_1_297' title='bbox 1144 514 1175 544; x_wconf 78' lang='lat' dir='ltr'><strong>in</strong></span> <span class='ocrx_word' id='word_1_298' title='bbox 1199 517 1327 544; x_wconf 83' lang='lat' dir='ltr'><strong>mortem</strong></span> <span class='ocrx_word' id='word_1_299' title='bbox 1358 515 1491 546; x_wconf 73' lang='lat' dir='ltr'><strong>rendunt</strong></span> <span class='ocrx_word' id='word_1_300' title='bbox 1515 519 1545 545; x_wconf 83' lang='lat' dir='ltr'><strong>et</strong></span> 
     </span>
     <span class='ocr_line' id='line_1_59' title="bbox 834 563 1546 606; baseline 0.003 -13"><span class='ocrx_word' id='word_1_301' title='bbox 834 563 934 600; x_wconf 72' lang='lat' dir='ltr'><strong>sumis</strong></span> <span class='ocrx_word' id='word_1_302' title='bbox 948 574 1061 595; x_wconf 70' lang='lat' dir='ltr'><strong>‹11¹0nae.</strong></span> <span class='ocrx_word' id='word_1_303' title='bbox 1107 565 1162 594; x_wconf 61' lang='lat' dir='ltr'><strong>¹Sic</strong></span> <span class='ocrx_word' id='word_1_304' title='bbox 1179 570 1214 595; x_wconf 84' lang='lat' dir='ltr'><strong>et</strong></span> <span class='ocrx_word' id='word_1_305' title='bbox 1241 574 1366 595; x_wconf 79' lang='lat' dir='ltr'><strong>mimera</strong></span> <span class='ocrx_word' id='word_1_306' title='bbox 1390 563 1481 595; x_wconf 83' lang='lat' dir='ltr'><strong>feras</strong></span> <span class='ocrx_word' id='word_1_307' title='bbox 1498 565 1546 606; x_wconf 88' lang='lat' dir='ltr'><strong>ip-</strong></span> 
     </span>
     <span class='ocr_line' id='line_1_60' title="bbox 841 613 1548 655; baseline 0.006 -13"><span class='ocrx_word' id='word_1_308' title='bbox 841 622 893 643; x_wconf 85' lang='lat' dir='ltr'><strong>sas</strong></span> <span class='ocrx_word' id='word_1_309' title='bbox 912 613 943 643; x_wconf 90' lang='lat' dir='ltr'><strong>in</strong></span> <span class='ocrx_word' id='word_1_310' title='bbox 962 624 1064 644; x_wconf 77' lang='lat' dir='ltr'><strong>arena</strong></span> <span class='ocrx_word' id='word_1_311' title='bbox 1081 615 1288 645; x_wconf 70' lang='lat' dir='ltr'><strong>exhibendas</strong></span> <span class='ocrx_word' id='word_1_312' title='bbox 1303 620 1420 645; x_wconf 70' lang='lat' dir='ltr'><strong>noster</strong></span> <span class='ocrx_word' id='word_1_313' title='bbox 1437 619 1548 655; x_wconf 83' lang='lat' dir='ltr'><strong>vocat,</strong></span> 
     </span>
     <span class='ocr_line' id='line_1_61' title="bbox 843 663 1546 696; baseline 0.004 -3"><span class='ocrx_word' id='word_1_314' title='bbox 843 663 898 694; x_wconf 86' lang='lat' dir='ltr'><strong>lib.</strong></span> <span class='ocrx_word' id='word_1_315' title='bbox 917 673 972 693; x_wconf 88' lang='lat'><strong>111.</strong></span> <span class='ocrx_word' id='word_1_316' title='bbox 992 664 1024 694; x_wconf 87' lang='lat' dir='ltr'><strong>in</strong></span> <span class='ocrx_word' id='word_1_317' title='bbox 1039 665 1172 696; x_wconf 81' lang='lat' dir='ltr'><strong>Stilicli.</strong></span> <span class='ocrx_word' id='word_1_318' title='bbox 1196 667 1204 681; x_wconf 91' lang='lat'>‘</span> <span class='ocrx_word' id='word_1_319' title='bbox 1225 666 1333 695; x_wconf 84' lang='lat' dir='ltr'><strong>Pacet</strong></span> <span class='ocrx_word' id='word_1_320' title='bbox 1350 665 1546 696; x_wconf 79' lang='lat' dir='ltr'><strong>muneribus</strong></span> 
     </span>
     <span class='ocr_line' id='line_1_62' title="bbox 842 714 1546 753; baseline 0.003 -10"><span class='ocrx_word' id='word_1_321' title='bbox 842 718 986 752; x_wconf 82' lang='lat' dir='ltr'><strong>montes,</strong></span> <span class='ocrx_word' id='word_1_322' title='bbox 1011 719 1047 744; x_wconf 92' lang='lat' dir='ltr'><strong>ut</strong></span> <span class='ocrx_word' id='word_1_323' title='bbox 1065 714 1194 753; x_wconf 72' lang='lat' dir='ltr'><strong>legibus</strong></span> <span class='ocrx_word' id='word_1_324' title='bbox 1211 714 1333 745; x_wconf 65' lang='lat' dir='ltr'><strong>urbes)</strong></span> <span class='ocrx_word' id='word_1_325' title='bbox 1379 714 1433 745; x_wconf 87' lang='lat' dir='ltr'><strong>lta</strong></span> <span class='ocrx_word' id='word_1_326' title='bbox 1457 715 1546 746; x_wconf 83' lang='lat' dir='ltr'><strong>enim</strong></span> 
     </span>
     <span class='ocr_line' id='line_1_63' title="bbox 841 766 1546 806; baseline 0.001 -11"><span class='ocrx_word' id='word_1_327' title='bbox 841 775 977 796; x_wconf 85' lang='lat' dir='ltr'><strong>versum</strong></span> <span class='ocrx_word' id='word_1_328' title='bbox 1005 766 1298 806; x_wconf 83' lang='lat' dir='ltr'><strong>corruptissimum</strong></span> <span class='ocrx_word' id='word_1_329' title='bbox 1330 766 1546 797; x_wconf 75' lang='lat' dir='ltr'><strong>scribendum</strong></span> 
     </span>
     <span class='ocr_line' id='line_1_64' title="bbox 842 816 1547 848; baseline 0 -2"><span class='ocrx_word' id='word_1_330' title='bbox 842 826 915 846; x_wconf 67' lang='lat' dir='ltr'><strong>esse</strong></span> <span class='ocrx_word' id='word_1_331' title='bbox 943 826 1002 846; x_wconf 85' lang='lat' dir='ltr'><strong>suo</strong></span> <span class='ocrx_word' id='word_1_332' title='bbox 1027 817 1100 847; x_wconf 87' lang='lat' dir='ltr'><strong>loco</strong></span> <span class='ocrx_word' id='word_1_333' title='bbox 1125 817 1345 848; x_wconf 70' lang='lat' dir='ltr'><strong>monebimus.</strong></span> <span class='ocrx_word' id='word_1_334' title='bbox 1391 816 1547 847; x_wconf 85' lang='lat' dir='ltr'><strong>Pruden-</strong></span> 
     </span>
     <span class='ocr_line' id='line_1_65' title="bbox 843 866 1548 906; baseline -0.001 -9"><span class='ocrx_word' id='word_1_335' title='bbox 843 868 923 905; x_wconf 83' lang='lat' dir='ltr'><strong>tius,</strong></span> <span class='ocrx_word' id='word_1_336' title='bbox 942 867 997 898; x_wconf 77' lang='lat' dir='ltr'><strong>iil).</strong></span> <span class='ocrx_word' id='word_1_337' title='bbox 1016 876 1038 898; x_wconf 81' lang='grc' dir='ltr'><strong>ι.</strong></span> <span class='ocrx_word' id='word_1_338' title='bbox 1054 873 1174 897; x_wconf 79' lang='lat' dir='ltr'><strong>contra</strong></span> <span class='ocrx_word' id='word_1_339' title='bbox 1189 867 1379 906; x_wconf 74' lang='lat' dir='ltr'><strong>Symmach.</strong></span> <span class='ocrx_word' id='word_1_340' title='bbox 1404 866 1548 897; x_wconf 81' lang='lat' dir='ltr'><strong>‘Fundi-</strong></span> 
     </span>
     <span class='ocr_line' id='line_1_66' title="bbox 842 917 1546 948; baseline -0.001 -1"><span class='ocrx_word' id='word_1_341' title='bbox 842 922 897 948; x_wconf 90' lang='lat' dir='ltr'><strong>tur</strong></span> <span class='ocrx_word' id='word_1_342' title='bbox 921 918 1085 947; x_wconf 82' lang='lat' dir='ltr'><strong>humauus</strong></span> <span class='ocrx_word' id='word_1_343' title='bbox 1104 917 1230 947; x_wconf 79' lang='lat' dir='ltr'><strong>Latiari</strong></span> <span class='ocrx_word' id='word_1_344' title='bbox 1256 917 1289 946; x_wconf 89' lang='lat' dir='ltr'><strong>in</strong></span> <span class='ocrx_word' id='word_1_345' title='bbox 1317 926 1454 947; x_wconf 87' lang='lat' dir='ltr'><strong>munere</strong></span> <span class='ocrx_word' id='word_1_346' title='bbox 1471 927 1546 947; x_wconf 87' lang='lat' dir='ltr'><strong>san-</strong></span> 
     </span>
     <span class='ocr_line' id='line_1_67' title="bbox 842 966 1545 1006; baseline 0.001 -10"><span class='ocrx_word' id='word_1_347' title='bbox 842 967 936 1006; x_wconf 62' lang='lat' dir='ltr'><strong>guis!</strong></span> <span class='ocrx_word' id='word_1_348' title='bbox 976 967 1078 998; x_wconf 80' lang='lat' dir='ltr'><strong>Ovid.</strong></span> <span class='ocrx_word' id='word_1_349' title='bbox 1102 967 1161 997; x_wconf 86' lang='lat' dir='ltr'><strong>lib.</strong></span> <span class='ocrx_word' id='word_1_350' title='bbox 1189 976 1211 996; x_wconf 87' lang='lat'><strong>1.</strong></span> <span class='ocrx_word' id='word_1_351' title='bbox 1231 966 1307 997; x_wconf 82' lang='lat' dir='ltr'><strong>Art.</strong></span> <span class='ocrx_word' id='word_1_352' title='bbox 1328 967 1403 998; x_wconf 79' lang='lat' dir='ltr'><strong>Am.</strong></span> <span class='ocrx_word' id='word_1_353' title='bbox 1420 966 1474 997; x_wconf 89' lang='lat' dir='ltr'><strong>ubi</strong></span> <span class='ocrx_word' id='word_1_354' title='bbox 1502 967 1545 997; x_wconf 87' lang='lat' dir='ltr'><strong>de</strong></span> 
     </span>
     <span class='ocr_line' id='line_1_68' title="bbox 839 1016 1549 1056; baseline 0.001 -10"><span class='ocrx_word' id='word_1_355' title='bbox 839 1016 1045 1056; x_wconf 69' lang='lat' dir='ltr'><strong>spectaculis</strong></span> <span class='ocrx_word' id='word_1_356' title='bbox 1063 1016 1179 1046; x_wconf 66' lang='lat' dir='ltr'><strong>hisce:</strong></span> <span class='ocrx_word' id='word_1_357' title='bbox 1206 1017 1214 1033; x_wconf 91' lang='lat'>‘</span> <span class='ocrx_word' id='word_1_358' title='bbox 1228 1016 1371 1046; x_wconf 81' lang='lat' dir='ltr'><strong>Saucius</strong></span> <span class='ocrx_word' id='word_1_359' title='bbox 1384 1016 1549 1056; x_wconf 82' lang='lat' dir='ltr'><strong>ingemuit</strong></span> 
     </span>
     <span class='ocr_line' id='line_1_69' title="bbox 843 1066 1548 1107; baseline -0.001 -11"><span class='ocrx_word' id='word_1_360' title='bbox 843 1067 1017 1107; x_wconf 85' lang='lat' dir='ltr'><strong>telumque</strong></span> <span class='ocrx_word' id='word_1_361' title='bbox 1055 1066 1193 1096; x_wconf 81' lang='lat' dir='ltr'><strong>volatile</strong></span> <span class='ocrx_word' id='word_1_362' title='bbox 1231 1067 1349 1102; x_wconf 74' lang='lat' dir='ltr'><strong>sensit,</strong></span> <span class='ocrx_word' id='word_1_363' title='bbox 1388 1067 1431 1096; x_wconf 63' lang='lat' dir='ltr'><strong>lit</strong></span> <span class='ocrx_word' id='word_1_364' title='bbox 1469 1075 1548 1105; x_wconf 85' lang='lat' dir='ltr'><strong>pars</strong></span> 
     </span>
     <span class='ocr_line' id='line_1_70' title="bbox 842 1114 1547 1156; baseline -0.003 -10"><span class='ocrx_word' id='word_1_365' title='bbox 842 1117 989 1156; x_wconf 82' lang='lat' dir='ltr'><strong>spectati</strong></span> <span class='ocrx_word' id='word_1_366' title='bbox 1014 1115 1160 1146; x_wconf 75' lang='lat' dir='ltr'><strong>muueris</strong></span> <span class='ocrx_word' id='word_1_367' title='bbox 1188 1115 1259 1154; x_wconf 77' lang='lat' dir='ltr'><strong>ipse</strong></span> <span class='ocrx_word' id='word_1_368' title='bbox 1276 1114 1365 1145; x_wconf 82' lang='lat' dir='ltr'><strong>fuit.’</strong></span> <span class='ocrx_word' id='word_1_369' title='bbox 1412 1115 1464 1144; x_wconf 86' lang='lat' dir='ltr'><strong>Ita</strong></span> <span class='ocrx_word' id='word_1_370' title='bbox 1488 1124 1547 1154; x_wconf 88' lang='lat' dir='ltr'><strong>op·</strong></span> 
     </span>
     <span class='ocr_line' id='line_1_71' title="bbox 841 1163 1548 1204; baseline -0.003 -8"><span class='ocrx_word' id='word_1_371' title='bbox 841 1166 933 1196; x_wconf 77' lang='lat' dir='ltr'><strong>timae</strong></span> <span class='ocrx_word' id='word_1_372' title='bbox 950 1165 1166 1196; x_wconf 66' lang='lat' dir='ltr'><strong>membratim.</strong></span> <span class='ocrx_word' id='word_1_373' title='bbox 1192 1163 1315 1204; x_wconf 80' lang='lat' dir='ltr'><strong>Vulgo,</strong></span> <span class='ocrx_word' id='word_1_374' title='bbox 1330 1163 1462 1204; x_wconf 77' lang='lat' dir='ltr'><strong>spectati</strong></span> <span class='ocrx_word' id='word_1_375' title='bbox 1484 1165 1548 1194; x_wconf 74' lang='lat' dir='ltr'><strong>ral-</strong></span> 
     </span>
     <span class='ocr_line' id='line_1_72' title="bbox 840 1216 1138 1248; baseline -0.003 -2"><span class='ocrx_word' id='word_1_376' title='bbox 840 1217 934 1247; x_wconf 76' lang='lat' dir='ltr'><strong>neris.</strong></span> <span class='ocrx_word' id='word_1_377' title='bbox 958 1217 1001 1248; x_wconf 91' lang='lat' dir='ltr'><strong>D.</strong></span> <span class='ocrx_word' id='word_1_378' title='bbox 1019 1216 1138 1246; x_wconf 85' lang='lat' dir='ltr'><strong>Heius.</strong></span> 
     </span>
    </p>

    <p class='ocr_par' dir='ltr' id='par_1_11' title="bbox 842 1264 1548 1810">
     <span class='ocr_line' id='line_1_73' title="bbox 885 1264 1548 1305; baseline -0.002 -8"><span class='ocrx_word' id='word_1_379' title='bbox 885 1269 948 1297; x_wconf 75' lang='lat'><strong>396</strong></span> <span class='ocrx_word' id='word_1_380' title='bbox 977 1267 1031 1297; x_wconf 81' lang='lat' dir='ltr'><strong>l&#39;ir</strong></span> <span class='ocrx_word' id='word_1_381' title='bbox 1058 1275 1215 1297; x_wconf 66' lang='lat' dir='ltr'><strong>inurinare</strong></span> <span class='ocrx_word' id='word_1_382' title='bbox 1241 1268 1347 1295; x_wconf 78' lang='lat' dir='ltr'><strong>contra</strong></span> <span class='ocrx_word' id='word_1_383' title='bbox 1374 1264 1548 1305; x_wconf 81' lang='lat' dir='ltr'><strong>Hortatur]</strong></span> 
     </span>
     <span class='ocr_line' id='line_1_74' title="bbox 843 1316 1547 1357; baseline -0.003 -9"><span class='ocrx_word' id='word_1_384' title='bbox 843 1317 1020 1349; x_wconf 84' lang='lat' dir='ltr'><strong>Quomodo</strong></span> <span class='ocrx_word' id='word_1_385' title='bbox 1037 1317 1091 1347; x_wconf 87' lang='lat' dir='ltr'><strong>vel</strong></span> <span class='ocrx_word' id='word_1_386' title='bbox 1115 1326 1214 1357; x_wconf 85' lang='lat' dir='ltr'><strong>quem</strong></span> <span class='ocrx_word' id='word_1_387' title='bbox 1233 1316 1282 1345; x_wconf 92' lang='lat' dir='ltr'><strong>vir</strong></span> <span class='ocrx_word' id='word_1_388' title='bbox 1298 1320 1416 1346; x_wconf 80' lang='lat' dir='ltr'><strong>conti-a</strong></span> <span class='ocrx_word' id='word_1_389' title='bbox 1435 1316 1547 1346; x_wconf 84' lang='lat' dir='ltr'><strong>horta-</strong></span> 
     </span>
     <span class='ocr_line' id='line_1_75' title="bbox 843 1365 1548 1407; baseline -0.001 -9"><span class='ocrx_word' id='word_1_390' title='bbox 843 1368 920 1398; x_wconf 83' lang='lat' dir='ltr'><strong>tur?</strong></span> <span class='ocrx_word' id='word_1_391' title='bbox 943 1377 990 1407; x_wconf 88' lang='lat' dir='ltr'><strong>se,</strong></span> <span class='ocrx_word' id='word_1_392' title='bbox 1006 1377 1047 1398; x_wconf 90' lang='lat' dir='ltr'><strong>an</strong></span> <span class='ocrx_word' id='word_1_393' title='bbox 1074 1370 1239 1407; x_wconf 77' lang='lat' dir='ltr'><strong>provocat</strong></span> <span class='ocrx_word' id='word_1_394' title='bbox 1265 1366 1390 1396; x_wconf 77' lang='lat' dir='ltr'><strong>feram?</strong></span> <span class='ocrx_word' id='word_1_395' title='bbox 1414 1365 1469 1396; x_wconf 86' lang='lat' dir='ltr'><strong>An</strong></span> <span class='ocrx_word' id='word_1_396' title='bbox 1495 1375 1548 1397; x_wconf 89' lang='lat' dir='ltr'><strong>ru-</strong></span> 
     </span>
     <span class='ocr_line' id='line_1_76' title="bbox 843 1416 1546 1457; baseline -0.003 -9"><span class='ocrx_word' id='word_1_397' title='bbox 843 1422 955 1449; x_wconf 84' lang='lat' dir='ltr'><strong>entem</strong></span> <span class='ocrx_word' id='word_1_398' title='bbox 973 1423 1094 1448; x_wconf 82' lang='lat' dir='ltr'><strong>contra</strong></span> <span class='ocrx_word' id='word_1_399' title='bbox 1110 1418 1265 1447; x_wconf 82' lang='lat' dir='ltr'><strong>hortatur</strong></span> <span class='ocrx_word' id='word_1_400' title='bbox 1291 1417 1346 1457; x_wconf 89' lang='lat' dir='ltr'><strong>qui</strong></span> <span class='ocrx_word' id='word_1_401' title='bbox 1371 1416 1490 1447; x_wconf 87' lang='lat' dir='ltr'><strong>incitat</strong></span> <span class='ocrx_word' id='word_1_402' title='bbox 1503 1416 1546 1447; x_wconf 81' lang='lat' dir='ltr'><strong>ad</strong></span> 
     </span>
     <span class='ocr_line' id='line_1_77' title="bbox 843 1467 1547 1509; baseline -0.001 -11"><span class='ocrx_word' id='word_1_403' title='bbox 843 1469 1016 1509; x_wconf 79' lang='lat' dir='ltr'><strong>pugnam?</strong></span> <span class='ocrx_word' id='word_1_404' title='bbox 1042 1468 1135 1499; x_wconf 79' lang='lat' dir='ltr'><strong>Nihil</strong></span> <span class='ocrx_word' id='word_1_405' title='bbox 1165 1467 1275 1506; x_wconf 74' lang='lat' dir='ltr'><strong>video,</strong></span> <span class='ocrx_word' id='word_1_406' title='bbox 1307 1467 1397 1508; x_wconf 78' lang='lat' dir='ltr'><strong>quod</strong></span> <span class='ocrx_word' id='word_1_407' title='bbox 1428 1467 1472 1498; x_wconf 88' lang='lat' dir='ltr'><strong>sit</strong></span> <span class='ocrx_word' id='word_1_408' title='bbox 1490 1467 1547 1497; x_wconf 84' lang='lat' dir='ltr'><strong>ad-</strong></span> 
     </span>
     <span class='ocr_line' id='line_1_78' title="bbox 843 1519 1546 1559; baseline -0.001 -9"><span class='ocrx_word' id='word_1_409' title='bbox 843 1520 980 1550; x_wconf 83' lang='lat' dir='ltr'><strong>modum</strong></span> <span class='ocrx_word' id='word_1_410' title='bbox 1010 1520 1146 1559; x_wconf 71' lang='lat' dir='ltr'><strong>dignum</strong></span> <span class='ocrx_word' id='word_1_411' title='bbox 1185 1525 1320 1549; x_wconf 56' lang='lat' dir='ltr'><strong>car-term</strong></span> <span class='ocrx_word' id='word_1_412' title='bbox 1352 1519 1449 1558; x_wconf 83' lang='lat' dir='ltr'><strong>hujus</strong></span> <span class='ocrx_word' id='word_1_413' title='bbox 1481 1519 1546 1550; x_wconf 82' lang='lat' dir='ltr'><strong>loci</strong></span> 
     </span>
     <span class='ocr_line' id='line_1_79' title="bbox 843 1568 1546 1609; baseline 0 -10"><span class='ocrx_word' id='word_1_414' title='bbox 843 1570 1004 1600; x_wconf 73' lang='lat' dir='ltr'><strong>claritati.</strong></span> <span class='ocrx_word' id='word_1_415' title='bbox 1052 1570 1214 1609; x_wconf 76' lang='lat' dir='ltr'><strong>Egressus</strong></span> <span class='ocrx_word' id='word_1_416' title='bbox 1239 1569 1374 1609; x_wconf 81' lang='lat' dir='ltr'><strong>quidem</strong></span> <span class='ocrx_word' id='word_1_417' title='bbox 1399 1568 1480 1599; x_wconf 73' lang='lat' dir='ltr'><strong>ferae</strong></span> <span class='ocrx_word' id='word_1_418' title='bbox 1504 1579 1546 1600; x_wconf 87' lang='lat' dir='ltr'><strong>ex</strong></span> 
     </span>
     <span class='ocr_line' id='line_1_80' title="bbox 842 1620 1548 1660; baseline 0.001 -10"><span class='ocrx_word' id='word_1_419' title='bbox 842 1629 947 1650; x_wconf 79' lang='lat' dir='ltr'><strong>cavea</strong></span> <span class='ocrx_word' id='word_1_420' title='bbox 963 1620 1183 1658; x_wconf 77' lang='lat' dir='ltr'><strong>describitur,</strong></span> <span class='ocrx_word' id='word_1_421' title='bbox 1199 1629 1266 1649; x_wconf 83' lang='lat' dir='ltr'><strong>non</strong></span> <span class='ocrx_word' id='word_1_422' title='bbox 1282 1629 1360 1650; x_wconf 87' lang='lat' dir='ltr'><strong>vero</strong></span> <span class='ocrx_word' id='word_1_423' title='bbox 1372 1620 1444 1660; x_wconf 79' lang='lat' dir='ltr'><strong>jam</strong></span> <span class='ocrx_word' id='word_1_424' title='bbox 1457 1620 1548 1651; x_wconf 88' lang='lat' dir='ltr'><strong>ciuc-</strong></span> 
     </span>
     <span class='ocr_line' id='line_1_81' title="bbox 843 1670 1548 1711; baseline 0.001 -10"><span class='ocrx_word' id='word_1_425' title='bbox 843 1676 901 1709; x_wconf 80' lang='lat' dir='ltr'><strong>tae,</strong></span> <span class='ocrx_word' id='word_1_426' title='bbox 915 1670 1005 1711; x_wconf 90' lang='lat' dir='ltr'><strong>quod</strong></span> <span class='ocrx_word' id='word_1_427' title='bbox 1024 1670 1296 1701; x_wconf 80' lang='lat' dir='ltr'><strong>Rufinihistoriae</strong></span> <span class='ocrx_word' id='word_1_428' title='bbox 1308 1670 1548 1702; x_wconf 85' lang='lat' dir='ltr'><strong>conveniebat.</strong></span> 
     </span>
     <span class='ocr_line' id='line_1_82' title="bbox 844 1720 1548 1761; baseline 0 -9"><span class='ocrx_word' id='word_1_429' title='bbox 844 1721 919 1752; x_wconf 80' lang='lat' dir='ltr'><strong>Nec</strong></span> <span class='ocrx_word' id='word_1_430' title='bbox 937 1730 1017 1751; x_wconf 85' lang='lat' dir='ltr'><strong>sane</strong></span> <span class='ocrx_word' id='word_1_431' title='bbox 1035 1721 1090 1751; x_wconf 88' lang='lat' dir='ltr'><strong>ille</strong></span> <span class='ocrx_word' id='word_1_432' title='bbox 1116 1721 1274 1751; x_wconf 88' lang='lat' dir='ltr'><strong>hortatur</strong></span> <span class='ocrx_word' id='word_1_433' title='bbox 1290 1720 1397 1751; x_wconf 86' lang='lat' dir='ltr'><strong>feram</strong></span> <span class='ocrx_word' id='word_1_434' title='bbox 1418 1721 1474 1761; x_wconf 87' lang='lat' dir='ltr'><strong>qui</strong></span> <span class='ocrx_word' id='word_1_435' title='bbox 1493 1730 1548 1752; x_wconf 88' lang='lat' dir='ltr'><strong>ve-</strong></span> 
     </span>
     <span class='ocr_line' id='line_1_83' title="bbox 843 1770 1300 1810; baseline -0.002 -8"><span class='ocrx_word' id='word_1_436' title='bbox 843 1771 1003 1802; x_wconf 86' lang='lat' dir='ltr'><strong>nabulum</strong></span> <span class='ocrx_word' id='word_1_437' title='bbox 1017 1770 1159 1810; x_wconf 72' lang='lat' dir='ltr'><strong>oggerit.</strong></span> <span class='ocrx_word' id='word_1_438' title='bbox 1183 1770 1300 1801; x_wconf 80' lang='lat' dir='ltr'><strong>Barth.</strong></span> 
     </span>
    </p>

    <p class='ocr_par' dir='ltr' id='par_1_12' title="bbox 843 1818 1550 2215">
     <span class='ocr_line' id='line_1_84' title="bbox 886 1818 1549 1860; baseline -0.003 -8"><span class='ocrx_word' id='word_1_439' title='bbox 886 1824 950 1852; x_wconf 84' lang='lat'><strong>398</strong></span> <span class='ocrx_word' id='word_1_440' title='bbox 976 1822 1153 1860; x_wconf 67' lang='lat' dir='ltr'><strong>Cumasque</strong></span> <span class='ocrx_word' id='word_1_441' title='bbox 1168 1823 1270 1850; x_wconf 73' lang='lat' dir='ltr'><strong>erecta</strong></span> <span class='ocrx_word' id='word_1_442' title='bbox 1295 1818 1426 1859; x_wconf 79' lang='lat' dir='ltr'><strong>theatri]</strong></span> <span class='ocrx_word' id='word_1_443' title='bbox 1460 1820 1549 1850; x_wconf 87' lang='lat' dir='ltr'><strong>Fera</strong></span> 
     </span>
     <span class='ocr_line' id='line_1_85' title="bbox 843 1871 1547 1911; baseline -0.001 -9"><span class='ocrx_word' id='word_1_444' title='bbox 843 1871 980 1902; x_wconf 86' lang='lat' dir='ltr'><strong>sibilum</strong></span> <span class='ocrx_word' id='word_1_445' title='bbox 997 1871 1247 1911; x_wconf 87' lang='lat' dir='ltr'><strong>strepitumque</strong></span> <span class='ocrx_word' id='word_1_446' title='bbox 1274 1875 1393 1911; x_wconf 86' lang='lat' dir='ltr'><strong>pavet,</strong></span> <span class='ocrx_word' id='word_1_447' title='bbox 1407 1880 1473 1902; x_wconf 86' lang='lat' dir='ltr'><strong>non</strong></span> <span class='ocrx_word' id='word_1_448' title='bbox 1488 1872 1547 1902; x_wconf 80' lang='lat' dir='ltr'><strong>ali-</strong></span> 
     </span>
     <span class='ocr_line' id='line_1_86' title="bbox 846 1919 1549 1962; baseline -0.004 -9"><span class='ocrx_word' id='word_1_449' title='bbox 846 1927 898 1953; x_wconf 90' lang='lat' dir='ltr'><strong>ter</strong></span> <span class='ocrx_word' id='word_1_450' title='bbox 912 1926 1015 1962; x_wconf 86' lang='lat' dir='ltr'><strong>atque</strong></span> <span class='ocrx_word' id='word_1_451' title='bbox 1042 1921 1076 1951; x_wconf 90' lang='lat' dir='ltr'><strong>in</strong></span> <span class='ocrx_word' id='word_1_452' title='bbox 1103 1920 1219 1951; x_wconf 88' lang='lat' dir='ltr'><strong>lustris</strong></span> <span class='ocrx_word' id='word_1_453' title='bbox 1237 1921 1278 1951; x_wconf 87' lang='lat' dir='ltr'><strong>ad</strong></span> <span class='ocrx_word' id='word_1_454' title='bbox 1304 1921 1457 1960; x_wconf 87' lang='lat' dir='ltr'><strong>ignotum</strong></span> <span class='ocrx_word' id='word_1_455' title='bbox 1484 1919 1549 1951; x_wconf 84' lang='lat' dir='ltr'><strong>fra-</strong></span> 
     </span>
     <span class='ocr_line' id='line_1_87' title="bbox 845 1970 1550 2014; baseline -0.003 -11"><span class='ocrx_word' id='word_1_456' title='bbox 845 1982 959 2014; x_wconf 89' lang='lat' dir='ltr'><strong>gorem</strong></span> <span class='ocrx_word' id='word_1_457' title='bbox 977 1971 1113 2003; x_wconf 88' lang='lat' dir='ltr'><strong>concuti</strong></span> <span class='ocrx_word' id='word_1_458' title='bbox 1131 1971 1235 2001; x_wconf 82' lang='lat' dir='ltr'><strong>etiam</strong></span> <span class='ocrx_word' id='word_1_459' title='bbox 1249 1971 1465 2002; x_wconf 82' lang='lat' dir='ltr'><strong>nobilissimae</strong></span> <span class='ocrx_word' id='word_1_460' title='bbox 1483 1970 1550 2001; x_wconf 85' lang='lat' dir='ltr'><strong>bel-</strong></span> 
     </span>
     <span class='ocr_line' id='line_1_88' title="bbox 844 2022 1549 2063; baseline -0.003 -9"><span class='ocrx_word' id='word_1_461' title='bbox 844 2025 908 2054; x_wconf 83' lang='lat' dir='ltr'><strong>luae</strong></span> <span class='ocrx_word' id='word_1_462' title='bbox 925 2023 1046 2055; x_wconf 87' lang='lat' dir='ltr'><strong>solent.</strong></span> <span class='ocrx_word' id='word_1_463' title='bbox 1093 2022 1141 2054; x_wconf 78' lang='lat' dir='ltr'><strong>At</strong></span> <span class='ocrx_word' id='word_1_464' title='bbox 1166 2032 1257 2062; x_wconf 88' lang='lat' dir='ltr'><strong>mox,</strong></span> <span class='ocrx_word' id='word_1_465' title='bbox 1286 2025 1447 2063; x_wconf 85' lang='lat' dir='ltr'><strong>quantum</strong></span> <span class='ocrx_word' id='word_1_466' title='bbox 1476 2022 1549 2063; x_wconf 88' lang='lat' dir='ltr'><strong>qui-</strong></span> 
     </span>
     <span class='ocr_line' id='line_1_89' title="bbox 845 2073 1550 2111; baseline -0.003 -7"><span class='ocrx_word' id='word_1_467' title='bbox 845 2073 923 2104; x_wconf 89' lang='lat' dir='ltr'><strong>dem</strong></span> <span class='ocrx_word' id='word_1_468' title='bbox 938 2079 1068 2104; x_wconf 82' lang='lat' dir='ltr'><strong>naturae</strong></span> <span class='ocrx_word' id='word_1_469' title='bbox 1083 2073 1172 2103; x_wconf 86' lang='lat' dir='ltr'><strong>illius</strong></span> <span class='ocrx_word' id='word_1_470' title='bbox 1191 2082 1387 2103; x_wconf 83' lang='lat' dir='ltr'><strong>concessum</strong></span> <span class='ocrx_word' id='word_1_471' title='bbox 1404 2075 1468 2111; x_wconf 87' lang='lat' dir='ltr'><strong>est,</strong></span> <span class='ocrx_word' id='word_1_472' title='bbox 1481 2081 1550 2102; x_wconf 87' lang='lat' dir='ltr'><strong>non</strong></span> 
     </span>
     <span class='ocr_line' id='line_1_90' title="bbox 844 2122 1550 2163; baseline -0.003 -9"><span class='ocrx_word' id='word_1_473' title='bbox 844 2124 934 2155; x_wconf 77' lang='lat' dir='ltr'><strong>timet</strong></span> <span class='ocrx_word' id='word_1_474' title='bbox 949 2135 959 2155; x_wconf 92' lang='grc'><strong>.·</strong></span> <span class='ocrx_word' id='word_1_475' title='bbox 982 2124 1041 2155; x_wconf 82' lang='lat' dir='ltr'><strong>sed</strong></span> <span class='ocrx_word' id='word_1_476' title='bbox 1059 2124 1204 2160; x_wconf 79' lang='lat' dir='ltr'><strong>miratur,</strong></span> <span class='ocrx_word' id='word_1_477' title='bbox 1216 2122 1477 2163; x_wconf 86' lang='lat' dir='ltr'><strong>amplitudinem</strong></span> <span class='ocrx_word' id='word_1_478' title='bbox 1491 2126 1550 2153; x_wconf 85' lang='lat' dir='ltr'><strong>aut</strong></span> 
     </span>
     <span class='ocr_line' id='line_1_91' title="bbox 844 2173 1335 2215; baseline -0.002 -10"><span class='ocrx_word' id='word_1_479' title='bbox 844 2175 977 2215; x_wconf 89' lang='lat' dir='ltr'><strong>copiam</strong></span> <span class='ocrx_word' id='word_1_480' title='bbox 993 2174 1213 2205; x_wconf 86' lang='lat' dir='ltr'><strong>sibilantium.</strong></span> <span class='ocrx_word' id='word_1_481' title='bbox 1237 2173 1335 2204; x_wconf 78' lang='lat' dir='ltr'><strong>Idem.</strong></span> 
     </span>
    </p>

    <p class='ocr_par' dir='ltr' id='par_1_13' title="bbox 841 2221 1548 2470">
     <span class='ocr_line' id='line_1_92' title="bbox 888 2221 1548 2266; baseline -0.008 -10"><span class='ocrx_word' id='word_1_482' title='bbox 888 2228 951 2257; x_wconf 81' lang='lat'><strong>399</strong></span> <span class='ocrx_word' id='word_1_483' title='bbox 978 2225 1131 2266; x_wconf 77' lang='lat' dir='ltr'><strong>Respicit]</strong></span> <span class='ocrx_word' id='word_1_484' title='bbox 1168 2224 1222 2255; x_wconf 80' lang='lat' dir='ltr'><strong>Sic</strong></span> <span class='ocrx_word' id='word_1_485' title='bbox 1239 2224 1384 2254; x_wconf 87' lang='lat' dir='ltr'><strong>Lucens.</strong></span> <span class='ocrx_word' id='word_1_486' title='bbox 1403 2221 1548 2261; x_wconf 83' lang='lat' dir='ltr'><strong>Gyrald.</strong></span> 
     </span>
     <span class='ocr_line' id='line_1_93' title="bbox 846 2272 1547 2316; baseline -0.003 -10"><span class='ocrx_word' id='word_1_487' title='bbox 846 2276 945 2316; x_wconf 84' lang='lat' dir='ltr'><strong>prim.</strong></span> <span class='ocrx_word' id='word_1_488' title='bbox 961 2281 996 2307; x_wconf 89' lang='lat' dir='ltr'><strong>et</strong></span> <span class='ocrx_word' id='word_1_489' title='bbox 1011 2286 1079 2306; x_wconf 88' lang='lat' dir='ltr'><strong>sec.</strong></span> <span class='ocrx_word' id='word_1_490' title='bbox 1101 2274 1261 2305; x_wconf 66' lang='lat' dir='ltr'><strong>Vaticani.</strong></span> <span class='ocrx_word' id='word_1_491' title='bbox 1286 2273 1468 2312; x_wconf 82' lang='lat' dir='ltr'><strong>Vulgatum</strong></span> <span class='ocrx_word' id='word_1_492' title='bbox 1483 2272 1547 2304; x_wconf 88' lang='lat' dir='ltr'><strong>De-</strong></span> 
     </span>
     <span class='ocr_line' id='line_1_94' title="bbox 843 2325 1548 2369; baseline -0.006 -10"><span class='ocrx_word' id='word_1_493' title='bbox 843 2329 934 2369; x_wconf 79' lang='lat' dir='ltr'><strong>spicit</strong></span> <span class='ocrx_word' id='word_1_494' title='bbox 959 2328 1082 2359; x_wconf 86' lang='lat' dir='ltr'><strong>merito</strong></span> <span class='ocrx_word' id='word_1_495' title='bbox 1111 2327 1286 2369; x_wconf 77' lang='lat' dir='ltr'><strong>vapulavit</strong></span> <span class='ocrx_word' id='word_1_496' title='bbox 1308 2326 1483 2366; x_wconf 84' lang='lat' dir='ltr'><strong>Scaligero</strong></span> <span class='ocrx_word' id='word_1_497' title='bbox 1509 2325 1548 2355; x_wconf 87' lang='lat' dir='ltr'><strong>li-</strong></span> 
     </span>
     <span class='ocr_line' id='line_1_95' title="bbox 846 2375 1548 2416; baseline -0.007 -6"><span class='ocrx_word' id='word_1_498' title='bbox 846 2379 913 2410; x_wconf 86' lang='lat' dir='ltr'><strong>bris</strong></span> <span class='ocrx_word' id='word_1_499' title='bbox 941 2379 982 2410; x_wconf 88' lang='lat' dir='ltr'><strong>de</strong></span> <span class='ocrx_word' id='word_1_500' title='bbox 1000 2380 1050 2409; x_wconf 88' lang='lat' dir='ltr'><strong>Re</strong></span> <span class='ocrx_word' id='word_1_501' title='bbox 1074 2378 1229 2410; x_wconf 80' lang='lat' dir='ltr'><strong>l&#39;o&#39;e&#39;tica.</strong></span> <span class='ocrx_word' id='word_1_502' title='bbox 1253 2377 1444 2416; x_wconf 82' lang='lat' dir='ltr'><strong>Claverius,</strong></span> <span class='ocrx_word' id='word_1_503' title='bbox 1474 2375 1548 2406; x_wconf 78' lang='lat' dir='ltr'><strong>Dis-</strong></span> 
     </span>
     <span class='ocr_line' id='line_1_96' title="bbox 841 2425 1525 2470; baseline -0.007 -10"><span class='ocrx_word' id='word_1_504' title='bbox 841 2430 944 2470; x_wconf 81' lang='lat' dir='ltr'><strong>picit:</strong></span> <span class='ocrx_word' id='word_1_505' title='bbox 967 2429 1026 2460; x_wconf 87' lang='lat' dir='ltr'><strong>sed</strong></span> <span class='ocrx_word' id='word_1_506' title='bbox 1046 2439 1111 2460; x_wconf 88' lang='lat' dir='ltr'><strong>non</strong></span> <span class='ocrx_word' id='word_1_507' title='bbox 1130 2428 1327 2470; x_wconf 77' lang='lat' dir='ltr'><strong>persuadet.</strong></span> <span class='ocrx_word' id='word_1_508' title='bbox 1351 2428 1394 2458; x_wconf 95' lang='lat' dir='ltr'><strong>D.</strong></span> <span class='ocrx_word' id='word_1_509' title='bbox 1412 2425 1525 2456; x_wconf 79' lang='lat' dir='ltr'><strong>Heius.</strong></span> 
     </span>
    </p>

    <p class='ocr_par' dir='ltr' id='par_1_14' title="bbox 837 2479 1550 2824">
     <span class='ocr_line' id='line_1_97' title="bbox 886 2479 1548 2521; baseline -0.009 -10"><span class='ocrx_word' id='word_1_510' title='bbox 886 2480 988 2511; x_wconf 88' lang='lat' dir='ltr'><strong>Sibila</strong></span> <span class='ocrx_word' id='word_1_511' title='bbox 1002 2481 1102 2521; x_wconf 70' lang='lat' dir='ltr'><strong>vulgi]</strong></span> <span class='ocrx_word' id='word_1_512' title='bbox 1138 2479 1204 2510; x_wconf 85' lang='lat' dir='ltr'><strong>Hic</strong></span> <span class='ocrx_word' id='word_1_513' title='bbox 1222 2479 1441 2518; x_wconf 78' lang='lat' dir='ltr'><strong>designantur</strong></span> <span class='ocrx_word' id='word_1_514' title='bbox 1451 2484 1548 2516; x_wconf 87' lang='lat' dir='ltr'><strong>spec-</strong></span> 
     </span>
     <span class='ocr_line' id='line_1_98' title="bbox 844 2525 1550 2563; baseline -0.01 -1"><span class='ocrx_word' id='word_1_515' title='bbox 844 2531 959 2562; x_wconf 78' lang='lat' dir='ltr'><strong>tacula</strong></span> <span class='ocrx_word' id='word_1_516' title='bbox 1006 2531 1246 2561; x_wconf 85' lang='lat' dir='ltr'><strong>Romanorum.</strong></span> <span class='ocrx_word' id='word_1_517' title='bbox 1299 2528 1442 2559; x_wconf 82' lang='lat' dir='ltr'><strong>Tacitus</strong></span> <span class='ocrx_word' id='word_1_518' title='bbox 1479 2525 1550 2563; x_wconf 83' lang='lat' dir='ltr'><strong>ait;</strong></span> 
     </span>
     <span class='ocr_line' id='line_1_99' title="bbox 844 2575 1550 2620; baseline -0.013 -7"><span class='ocrx_word' id='word_1_519' title='bbox 844 2583 1013 2613; x_wconf 87' lang='lat' dir='ltr'><strong>Romanos</strong></span> <span class='ocrx_word' id='word_1_520' title='bbox 1041 2581 1274 2620; x_wconf 82' lang='lat' dir='ltr'><strong>voluptatibus</strong></span> <span class='ocrx_word' id='word_1_521' title='bbox 1291 2578 1452 2609; x_wconf 85' lang='lat' dir='ltr'><strong>adversus</strong></span> <span class='ocrx_word' id='word_1_522' title='bbox 1474 2575 1550 2605; x_wconf 89' lang='lat' dir='ltr'><strong>sub-</strong></span> 
     </span>
     <span class='ocr_line' id='line_1_100' title="bbox 837 2625 1547 2673; baseline -0.015 -9"><span class='ocrx_word' id='word_1_523' title='bbox 837 2633 950 2673; x_wconf 83' lang='lat' dir='ltr'><strong>jectos</strong></span> <span class='ocrx_word' id='word_1_524' title='bbox 969 2633 1044 2673; x_wconf 85' lang='lat' dir='ltr'><strong>plus</strong></span> <span class='ocrx_word' id='word_1_525' title='bbox 1059 2632 1220 2669; x_wconf 69' lang='lat' dir='ltr'><strong>valuisse,</strong></span> <span class='ocrx_word' id='word_1_526' title='bbox 1233 2638 1332 2670; x_wconf 84' lang='lat' dir='ltr'><strong>quam</strong></span> <span class='ocrx_word' id='word_1_527' title='bbox 1347 2626 1456 2658; x_wconf 83' lang='lat' dir='ltr'><strong>armis.</strong></span> <span class='ocrx_word' id='word_1_528' title='bbox 1480 2625 1547 2654; x_wconf 85' lang='lat' dir='ltr'><strong>Ex-</strong></span> 
     </span>
     <span class='ocr_line' id='line_1_101' title="bbox 845 2673 1547 2722; baseline -0.017 -8"><span class='ocrx_word' id='word_1_529' title='bbox 845 2688 914 2714; x_wconf 87' lang='lat' dir='ltr'><strong>stat</strong></span> <span class='ocrx_word' id='word_1_530' title='bbox 930 2692 1011 2713; x_wconf 88' lang='lat' dir='ltr'><strong>vero</strong></span> <span class='ocrx_word' id='word_1_531' title='bbox 1037 2681 1128 2722; x_wconf 87' lang='lat' dir='ltr'><strong>apud</strong></span> <span class='ocrx_word' id='word_1_532' title='bbox 1153 2681 1297 2711; x_wconf 81' lang='lat' dir='ltr'><strong>Diouem</strong></span> <span class='ocrx_word' id='word_1_533' title='bbox 1322 2679 1426 2713; x_wconf 85' lang='lat' dir='ltr'><strong>locus,</strong></span> <span class='ocrx_word' id='word_1_534' title='bbox 1456 2673 1547 2704; x_wconf 85' lang='lat' dir='ltr'><strong>unde</strong></span> 
     </span>
     <span class='ocr_line' id='line_1_102' title="bbox 845 2723 1548 2772; baseline -0.018 -8"><span class='ocrx_word' id='word_1_535' title='bbox 845 2733 983 2772; x_wconf 80' lang='lat' dir='ltr'><strong>colligas</strong></span> <span class='ocrx_word' id='word_1_536' title='bbox 992 2741 1058 2762; x_wconf 92' lang='lat' dir='ltr'><strong>non</strong></span> <span class='ocrx_word' id='word_1_537' title='bbox 1071 2731 1143 2761; x_wconf 88' lang='lat' dir='ltr'><strong>sine</strong></span> <span class='ocrx_word' id='word_1_538' title='bbox 1160 2727 1342 2770; x_wconf 88' lang='lat' dir='ltr'><strong>prudentia</strong></span> <span class='ocrx_word' id='word_1_539' title='bbox 1353 2730 1388 2755; x_wconf 86' lang='lat' dir='ltr'><strong>et</strong></span> <span class='ocrx_word' id='word_1_540' title='bbox 1401 2723 1548 2761; x_wconf 84' lang='lat' dir='ltr'><strong>ratione,</strong></span> 
     </span>
     <span class='ocr_line' id='line_1_103' title="bbox 846 2772 1547 2824; baseline -0.014 -10"><span class='ocrx_word' id='word_1_541' title='bbox 846 2781 1012 2824; x_wconf 80' lang='lat' dir='ltr'><strong>ejusmodi</strong></span> <span class='ocrx_word' id='word_1_542' title='bbox 1028 2789 1170 2812; x_wconf 84' lang='lat' dir='ltr'><strong>munera</strong></span> <span class='ocrx_word' id='word_1_543' title='bbox 1194 2788 1268 2811; x_wconf 91' lang='lat' dir='ltr'><strong>esse</strong></span> <span class='ocrx_word' id='word_1_544' title='bbox 1290 2776 1404 2808; x_wconf 83' lang='lat' dir='ltr'><strong>edita:</strong></span> <span class='ocrx_word' id='word_1_545' title='bbox 1427 2772 1547 2814; x_wconf 82' lang='grc' dir='ltr'>Συμφέ-</span> 
     </span>
    </p>
   </div>
  </div>
 </body>
</html>
