1851 3213
270 216 386 258 1402

270 321 398 353 vivium
415 323 560 365 Ulysse.’
582 325 627 357 D.
646 326 759 358 Heius.

315 372 406 404 Mors
429 374 514 405 nulla
541 375 665 414 refugit
696 377 876 419 Artificem]
899 379 976 410 Hoc

271 426 338 462 est,
353 432 451 455 nemo
469 430 537 456 tam
553 427 692 457 callidus
708 432 842 469 tamque
856 435 977 461 cautus

271 477 325 504 cst
341 474 398 515 qui
414 475 581 506 artificem
597 477 700 508 caedis
716 477 854 518 fugerit,
882 490 980 512 exco-

271 523 387 563 gitatis
402 526 555 557 omnibus
572 527 636 558 viis
653 532 688 559 et
701 531 881 569 speciebus
892 542 979 563 inor-

271 574 325 606 tis.
382 576 504 607 Potest
532 577 677 618 intelligi
715 580 816 611 animi
844 581 980 613 barbari

272 624 458 657 delectatio
491 627 522 658 in
562 629 714 660 caedibus
753 632 978 665 miserorum:

271 684 339 716 quo
354 678 525 717 spectavit
551 677 641 710 forte
665 690 729 711 vox
748 682 980 724 Neronisjam

271 735 308 757 se
331 726 559 770 interemturi,
587 730 699 765 Qualis
722 731 844 769 artifex
862 733 981 772 pereo!

271 777 391 808 Barth.

315 830 376 858 173
403 828 518 867 Ignota
542 830 683 860 novercis
709 830 881 872 Gramina]
908 833 981 863 Om-

270 878 323 908 m'a
348 878 530 918 iniquitate
567 879 767 922 insidiisque
806 884 982 923 nocentia,

272 929 428 960 novercis
444 930 714 971 aequiparantur.
736 934 792 965 Sic
807 935 921 976 iniqua
934 936 981 966 in-

270 978 424 1021 festaque
452 980 527 1011 loca
551 991 720 1022 agrorum.
765 984 918 1025 Insidiae,
945 990 981 1018 et

271 1031 411 1062 lethalia
438 1042 664 1066 novercarum
689 1036 844 1076 gramina
868 1038 981 1079 singu-

271 1083 351 1115 laris
382 1085 524 1116 malitiae
559 1088 779 1126 proverbium
809 1088 981 1121 fecerunt.

272 1133 456 1166 Horatius:
482 1136 490 1152 ‘
510 1136 602 1168 Quid
629 1142 667 1169 ut
688 1148 835 1171 noverca
861 1150 915 1171 me
933 1141 983 1171 in-

270 1184 377 1215 tueris
390 1184 412 1214 ?’
461 1185 632 1218 Ovidius:
672 1188 681 1204 ‘
700 1188 852 1219 Horrida
883 1189 982 1220 terri-

270 1233 357 1264 biles
370 1234 513 1266 miscent
526 1236 660 1267 aconita
674 1239 856 1269 novercae.'
879 1240 979 1272 Idem.

314 1287 377 1318 174
412 1285 580 1326 Gramina]
618 1287 816 1319 Venenatas
847 1289 980 1321 herbas.

271 1335 366 1367 Idem.

316 1388 375 1416 175
405 1386 608 1427 Liber-iusque
617 1389 741 1429 gemat]
763 1389 819 1422 Sic
832 1400 851 1421 a
865 1395 980 1432 tyran-

270 1436 322 1467 nis
339 1437 383 1468 ob
408 1438 600 1479 lachrymas
621 1441 812 1473 exstinctos
830 1443 981 1475 homines

270 1487 422 1528 legimus,
449 1488 549 1530 idque
574 1496 729 1533 matrem,
755 1493 798 1525 ob
816 1493 980 1526 defletum

270 1536 388 1569 filium.

314 1588 459 1629 Dapz'bus
482 1593 614 1623 crudelis
634 1594 668 1625 in
690 1594 782 1636 ipsis]
813 1596 981 1636 Exemplo

271 1639 443 1680 Caligulae.
488 1642 685 1684 Suetonius,
698 1654 773 1685 cap.
784 1648 838 1676 32.
862 1646 980 1678 Barth.

318 1690 458 1729 Dapz‘bus
471 1692 617 1732 crudelis]
639 1693 740 1724 Tales
759 1694 856 1726 fuere
875 1695 981 1728 boleti

272 1738 365 1779 olim,
378 1740 518 1771 deorum
535 1742 644 1774 cibus.
671 1745 792 1776 Cluver.

314 1789 461 1830 Dapz'bus
482 1792 618 1822 crudelis
644 1793 677 1822 iu
710 1793 800 1833 ipsis]
838 1796 981 1827 Crudelis

270 1839 399 1871 herilem
426 1841 510 1881 Reg.
540 1847 575 1872 et
603 1842 718 1874 Oxou.
747 1845 873 1885 placet.
901 1857 978 1878 mox

271 1900 332 1931 pro
344 1891 480 1922 intentos
491 1892 587 1932 capiti
599 1903 674 1924 cum
687 1894 796 1934 primo
809 1897 981 1928 Vaticano

271 1941 391 1973 decem
409 1942 477 1980 alii,
499 1944 603 1974 lateri.
621 1949 656 1975 et
671 1954 727 1975 sex
746 1950 837 1986 urget
855 1957 915 1987 pro
929 1958 979 1979 ar-

270 1993 332 2023 det.
355 1992 398 2023 D.
417 1993 538 2024 Heius.

315 2045 376 2073 177
403 2043 501 2074 Fixus
515 2044 640 2085 quisque
659 2046 743 2087 toro]
766 2046 926 2080 Attonito
944 2054 980 2081 et

270 2092 432 2125 devotato
466 2095 558 2126 velut
588 2096 711 2129 animo.
780 2098 857 2130 Hoc
888 2100 978 2131 enini

270 2153 376 2184 genus
403 2145 652 2185 cogitationum
684 2148 832 2180 animum
872 2151 978 2182 clavis

270 2196 364 2226 velut
386 2195 517 2236 defigit.
565 2197 619 2229 Sic
647 2198 843 2239 defiguntur
868 2202 978 2232 animo

271 2245 422 2283 attoniti,
440 2246 619 2278 incantati.
644 2249 805 2281 Valerius
823 2251 978 2291 Flaccus,

269 2294 328 2325 lib.
344 2303 395 2325 Vl.
417 2295 426 2311 ‘
444 2296 521 2327 Hac
538 2302 619 2329 tunc
637 2300 802 2331 attonitos
819 2301 905 2333 facie
921 2302 979 2333 de-

271 2344 393 2375 fixerat
409 2345 546 2377 liostes.'
571 2348 688 2379 Barth.

315 2397 377 2426 178
404 2396 574 2436 Carnifices
601 2399 722 2439 epulas]
761 2401 884 2432 Mortis
910 2412 977 2433 non

271 2455 416 2477 securas.
462 2446 568 2477 Modo
585 2448 672 2479 dixit
686 2449 789 2480 caedis
806 2450 909 2482 fuisse
921 2462 978 2492 ge-

271 2506 348 2536 nus,
365 2497 467 2528 acciri
483 2497 524 2527 ad
541 2499 658 2538 epulas
678 2501 824 2539 tyranni.

315 2547 498 2587 luces-taque
526 2548 651 2588 pocula]
699 2551 797 2581 Metu
830 2553 975 2584 veneni:

267 2597 358 2638 quod
381 2597 506 2640 ubique
530 2604 700 2638 promtum
729 2603 883 2641 tyrannis
909 2614 977 2634 nie-

271 2647 515 2679 dicamentum.
542 2649 713 2682 Ferebant
730 2661 842 2683 secum
860 2659 977 2694 parata

273 2707 404 2729 venena
430 2699 541 2740 Reges
564 2700 597 2730 iu
615 2710 746 2732 omnem
764 2712 879 2734 casum
896 2706 976 2736 For-

273 2753 388 2787 tuna>;
414 2759 454 2780 ue
478 2759 617 2781 necesse
644 2751 810 2785 habereut
829 2755 975 2788 hostium

273 2800 438 2840 potestati
454 2801 653 2833 succedere.
678 2803 795 2836 Barth.

513 229 657 262 NOTAE
690 231 957 264 VARIORUM
994 235 1045 265 IN
1081 236 1156 268 ct..
1190 237 1374 270 CLAUD.
1408 239 1494 270 XV.

1070 333 1134 361 180
1161 331 1309 363 Tartareo
1322 331 1455 372 paratu]
1490 331 1558 365 Qui
1587 331 1629 365 ad
1655 332 1736 364 Tar-

1027 384 1103 411 tara
1122 382 1236 422 ‹lut-at,
1250 382 1440 415 mortifero.
1464 383 1563 416 Idem.

1072 434 1134 462 182
1164 432 1242 463 Vino
1258 433 1409 471 calefacta
1430 434 1542 474 Venus]
1577 432 1656 465 Sine
1674 434 1738 467 Ce-

1029 489 1103 511 rere
1120 482 1208 512 enim
1224 487 1259 513 et
1274 483 1395 514 Libero
1411 482 1518 524 friget
1536 484 1647 516 Venus.
1679 485 1737 516 Ita

1030 531 1116 562 scite
1133 533 1243 564 Varro
1260 535 1375 565 vinum
1400 534 1646 566 suscitabulum
1669 536 1738 567 Ve-

1029 582 1119 613 neris
1136 588 1249 615 vocat.
1273 585 1370 616 Idem.

1076 635 1138 663 184
1165 634 1306 665 Crinitus
1331 635 1413 666 inter
1428 634 1584 677 famulos]
1615 635 1739 668 Comta

1029 683 1231 716 ministeria.
1256 685 1355 717 Idem.

1077 734 1253 775 Pubemque
1267 736 1428 777 canoram]
1461 737 1616 769 Decorum
1636 737 1737 778 prim.

1030 784 1145 816 Vatic.
1163 789 1198 816 et
1220 786 1339 818 decem
1363 788 1440 819 alii:
1461 789 1637 831 plebemque
1653 792 1738 820 tres.

1032 834 1076 865 D.
1092 834 1206 866 Heius.

1077 887 1137 915 185
1165 885 1301 917 Orbatas
1309 886 1400 925 jubet
1415 888 1463 919 ire
1477 888 1590 929 nurus]
1622 891 1739 921 Nurus

1032 932 1150 965 Poetis
1159 943 1274 966 omnes
1283 934 1439 969 foeminas
1449 938 1596 979 signant.
1620 939 1739 971 Barth.

1076 987 1138 1016 186
1161 985 1327 1028 Arridere]
1363 988 1441 1019 Non
1467 989 1577 1021 minus
1601 990 1740 1022 crude-le

1031 1034 1161 1066 factum
1177 1037 1403 1078 Imperatoris
1420 1039 1522 1079 illius,
1545 1040 1601 1082 qui
1618 1050 1741 1081 paren-

1032 1089 1084 1116 tes
1098 1085 1245 1118 filiorum
1263 1089 1432 1129 supplicio
1457 1090 1623 1122 interesse
1639 1101 1740 1132 coge-

1032 1135 1102 1166 bat.
1128 1138 1251 1169 Claver.

1075 1190 1136 1218 187
1172 1188 1316 1230 Profuit]
1354 1191 1514 1223 Praestitit
1540 1201 1627 1223 unus
1657 1191 1741 1222 Am-

1030 1236 1119 1267 bros.
1137 1242 1173 1268 et
1186 1239 1233 1269 sic
1248 1240 1281 1270 in
1294 1242 1447 1281 margine
1462 1243 1564 1284 primi
1581 1243 1739 1275 Vaticani

1029 1296 1130 1318 manu
1147 1288 1208 1319 viri
1221 1289 1316 1321 docti
1333 1296 1407 1323 erat
1421 1293 1647 1333 castigatum:
1672 1303 1739 1324 non

1030 1347 1164 1378 sequor.
1186 1338 1224 1368 τὸ
1236 1341 1307 1380 plus
1323 1341 1603 1383 subintelligitur.
1619 1342 1680 1374 lib.
1699 1351 1739 1374 11.

1029 1387 1063 1418 in
1077 1389 1221 1430 Eutrop.
1236 1391 1245 1407 ‘
1258 1391 1498 1434 Concessoque
1509 1393 1607 1435 cupit
1618 1393 1740 1425 vixisse

1030 1439 1182 1481 colonus,
1194 1441 1306 1473 Quam
1320 1442 1476 1475 dominus
1488 1443 1613 1485 rapto,'
1627 1444 1662 1475 id
1676 1449 1740 1484 est,

1030 1490 1139 1530 magis
1166 1492 1284 1532 cupit:
1307 1493 1356 1524 ita
1384 1494 1509 1535 passim
1537 1495 1738 1536 scriptores.

1032 1540 1077 1572 D.
1094 1540 1209 1573 Heius.

1076 1591 1177 1622 Siculi
1205 1593 1343 1633 mugitus
1360 1593 1451 1632 serre
1469 1594 1612 1635 juoenci]
1646 1595 1741 1627 Nota

1031 1651 1095 1673 res.
1156 1643 1246 1674 Illud
1278 1654 1345 1676 non
1375 1645 1550 1686 indignum
1581 1646 1740 1678 observa-

1031 1692 1137 1732 tione,
1161 1695 1389 1733 posteriorum
1409 1696 1597 1726 seculorum
1625 1699 1739 1735 tyran-

1032 1752 1091 1774 nos
1102 1743 1193 1774 idem
1204 1745 1408 1785 supplicium
1421 1737 1611 1786 usurpasse.
1622 1746 1740 1778 Barth.

1076 1797 1137 1824 188
1163 1794 1265 1829 Quam
1278 1796 1372 1836 tales]
1396 1796 1532 1827 Omissa
1548 1802 1601 1827 est
1617 1798 1740 1828 vocula

1027 1845 1142 1884 potius.
1168 1845 1274 1877 Libro
1287 1856 1328 1877 11.
1340 1847 1373 1877 in
1387 1847 1611 1888 Eutropium:
1636 1849 1645 1865 ⁴
1659 1858 1739 1879 con-

1030 1904 1193 1936 cessoque
1206 1896 1303 1936 cupit
1320 1897 1444 1928 vixisse
1461 1898 1612 1937 colonus,
1627 1898 1739 1931 Quam

1030 1946 1199 1977 Dominus
1231 1947 1356 1988 rapto!
1412 1947 1500 1979 Vide
1528 1947 1577 1979 ibi
1608 1953 1738 1981 notata.

1031 1997 1131 2027 Idem.

1076 2046 1193 2086 Quam]
1224 2047 1265 2078 Id
1289 2051 1354 2087 est,
1381 2048 1495 2089 potius
1520 2058 1642 2090 quam:
1677 2049 1738 2081 sed

1030 2096 1118 2127 enim
1131 2097 1266 2137 profuit,
1279 2098 1368 2139 quod
1382 2108 1497 2139 supra,
1510 2100 1624 2131 nescio
1637 2110 1738 2141 quam

1030 2148 1097 2178 vim
1114 2148 1227 2179 habet.
1252 2149 1355 2180 Dixit
1367 2159 1448 2180 vero
1462 2150 1602 2181 Livius:
1627 2151 1636 2166 ‘
1651 2151 1739 2182 Ora-

1030 2199 1158 2230 tionem
1170 2200 1331 2240 precibus
1340 2200 1563 2241 quamjurgio
1571 2199 1738 2231 similem.’

1029 2250 1137 2281 Tacit.
1171 2251 1181 2267 ‘
1199 2250 1328 2281 Pacem
1356 2260 1456 2291 quam
1482 2250 1609 2282 bellum
1638 2254 1737 2291 opta-

1030 2300 1136 2331 bant.²
1162 2302 1283 2332 Claver.

1075 2353 1205 2393 Choros]
1228 2353 1435 2384 Saltationes
1446 2356 1634 2393 cantusque
1650 2363 1736 2394 quos

1027 2402 1128 2433 modo
1146 2403 1252 2434 dixit:
1271 2402 1411 2443 pietatis
1423 2403 1607 2443 scriptores
1618 2404 1651 2434 in
1667 2405 1738 2435 uni-

1029 2462 1160 2483 versum
1177 2453 1241 2484 hoc
1266 2463 1371 2493 genus
1388 2457 1630 2484 nocturnarum
1647 2454 1734 2486 insa-

1029 2503 1159 2533 niarum
1174 2503 1387 2534 exsecrabile
1401 2503 1537 2535 habent.
1561 2504 1679 2537 Barth.

1073 2558 1134 2586 190
1158 2555 1269 2586 Media
1297 2555 1490 2594 Carthagine
1514 2555 1632 2596 ductae]
1669 2557 1736 2588 Ex-

1029 2608 1165 2636 tractae.
1189 2605 1306 2635 Barth.

1072 2657 1128 2685 191
1158 2654 1334 2695 Connuhia]
1358 2654 1577 2687 Concubitus.
1609 2656 1671 2687 Vel
1698 2662 1736 2688 et

1027 2704 1185 2745 conjugia
1201 2704 1351 2745 indigna.
1374 2706 1472 2738 Idem.

1071 2758 1132 2786 193
1157 2755 1297 2795 Ing-erit]
1318 2756 1456 2798 Invitis,
1476 2760 1513 2789 et
1528 2760 1650 2790 contra
1664 2767 1734 2791 om-

1026 2805 1083 2837 nia
1097 2804 1315 2839 facientibus.
