1851 3213
296 184 407 226 1144

726 194 801 226 οι.
834 183 1125 234 anumAm
1152 193 1311 224 vaii.

349 288 441 327 Οὐδ’
460 290 570 327 ἔθελε
588 293 766 339 μογέοντι
785 294 914 339 πορεῖν
934 288 1138 338 ἑπιβάθρον
1157 287 1298 326 ἀοιδάς.

345 354 512 392 Τοῧιέκίι
530 371 600 405 μευ
620 356 778 403 θώρηξεν
799 354 855 389 ἱὸν
870 353 1068 403 πολύμητις
1083 355 1243 401 ἀνάγκη.

713 465 1101 496 IN'rERPRETATlo
1127 463 1335 496 POETICA

590 530 635 559 Et
657 533 748 568 negat
772 530 850 560 hanc
865 529 950 568 fesso
970 529 1108 570 proebere
1131 530 1163 560 ἰη
1183 529 1315 570 proemz'a
1337 531 1456 560 cantus.

591 573 686 603 Hunc
707 574 785 612 petit
808 573 880 603 inde
903 573 977 604 meis
999 583 1064 603 sors
1082 573 1240 612 ingeniosa
1262 572 1400 612 sagittis.

731 659 1120 691 INTERPRETATIO
1150 660 1266 692 PROS
1273 660 1301 691 A

288 723 387 755 dorso
402 727 587 763 portasset,
611 731 721 763 neque
738 723 875 753 volebat
897 723 973 752 mihi
997 723 1162 753 laboranti
1185 724 1266 755 dare
1287 723 1320 754 in
1342 723 1493 764 pretium
1514 725 1647 753 cantus.

1693 719 1734 751 Id
1741 736 1751 743 -

288 767 380 797 circo
396 775 506 796 meum
523 765 667 796 armavit
685 765 790 795 telum
807 765 983 805 ingeniosa
1000 765 1196 796 necessitas,

899 860 1015 871 eeeeee

1021 858 1134 871 eeeeee

328 929 346 957 3
382 925 488 957 ἔθελεν
511 927 602 968 conj.
623 927 728 959 Gesn.
752 927 854 958 ἀοιδὰς
872 927 992 959 Heius.
1016 928 1119 965 ἀοιδῆς
1135 929 1241 970 Cang.
1264 927 1358 968 ἀοιδῷ
1384 926 1502 959 Reisk.
1518 925 1625 958 Gesn.
1640 928 1676 956 et
1693 923 1746 957 ed.

286 969 493 1010 Bipout.—4
517 970 628 1011 θώρηξε
644 969 714 1002 νόον
730 971 821 1012 conj.
840 971 952 1002 Reisk.

947 1069 1087 1101 NOTAE

282 1164 356 1186 rum
374 1156 502 1187 clarum
532 1157 681 1197 Larium,
707 1156 832 1198 lingnae
850 1157 985 1188 Graecae

281 1205 534 1245 peritissimum.

324 1256 401 1287 Hoc
415 1257 576 1288 Graecum
593 1257 802 1298 epigramma
823 1258 856 1287 iu
870 1258 984 1289 multis

280 1307 456 1338 codicibus
479 1318 545 1338 non
564 1314 659 1338 extat
676 1319 684 1346 3
710 1308 743 1338 iu
760 1309 856 1348 liujus
872 1309 984 1339 verbis

281 1361 316 1388 et
333 1357 446 1398 phrasi
459 1359 549 1388 nulla
562 1357 756 1397 difficultas,
769 1363 804 1389 at
817 1369 892 1389 cum
906 1369 984 1390 acu-

277 1416 354 1437 men
371 1412 407 1439 et
434 1418 560 1447 sensus,
589 1409 644 1450 qui
668 1409 813 1440 maxime
828 1414 984 1450 spectan-

278 1457 340 1488 dus
355 1462 420 1497 est,
436 1459 620 1497 excutitur,
637 1459 762 1500 OEdipo
778 1463 873 1491 certe
899 1469 984 1500 opus

278 1517 366 1547 esse,
382 1518 448 1539 nou
474 1509 553 1540 milii
582 1514 726 1549 tantum,
750 1510 784 1542 id
813 1510 902 1551 quod
923 1511 984 1542 mi-

277 1568 352 1588 rum
370 1568 438 1589 uon
455 1564 558 1598 esset,
575 1559 633 1590 sed
651 1566 685 1589 et
702 1560 773 1590 aliis
789 1561 890 1600 longe
907 1570 983 1591 eru-

275 1609 453 1639 ditIOribus
463 1619 502 1640 ac
512 1610 825 1650 perspicacioribus
835 1611 984 1643 videtur.

277 1659 483 1691 Claudianus
513 1659 630 1690 forsan
661 1670 764 1700 agens
795 1671 981 1701 pauperem

278 1709 424 1749 aliquem
443 1709 604 1749 Poe'tam,
627 1720 703 1741 eum
726 1710 848 1742 irridet
865 1712 981 1742 tradu-

275 1759 405 1800 cuque,
433 1760 523 1801 quod
550 1770 626 1791 cuni
645 1761 781 1791 naulum
798 1770 863 1792 non
879 1761 979 1792 habe-

274 1814 341 1850 ret,
365 1820 510 1852 cumque
533 1811 574 1842 ad
604 1811 819 1849 HelIconem‚
849 1817 909 1844 aut
935 1813 977 1844 ad

274 1861 450 1902 Templum
477 1861 648 1903 Apollinis
679 1863 841 1904 Palatini,
863 1868 977 1896 vatum

274 1911 435 1952 poemata
450 1912 641 1953 auditurus,
667 1918 726 1945 aut
740 1924 799 1946 sua
814 1915 977 1953 lecturus,

276 1962 438 2002 venisset,
473 1973 570 1994 servo
605 1963 752 2003 cuidam,
789 1965 845 2006 qui
885 1966 982 1996 sellas

274 2011 318 2042 ad
335 2013 539 2044 audiendum
554 2014 777 2054 conduceret,
791 2024 908 2046 versus
920 2025 980 2046 seu

274 2067 392 2094 cantus
409 2063 554 2095 officiose
571 2065 749 2105 obtulerit,
762 2075 903 2106 sperans
916 2066 979 2098 hac

273 2114 408 2145 honoris
432 2115 565 2146 homulo
591 2115 695 2146 delati
719 2117 847 2156 specie,
863 2117 979 2148 sellam

272 2175 346 2197 sese
364 2166 467 2205 gratis
481 2176 583 2207 posse
597 2167 762 2198 obtinere.
776 2168 892 2208 Quod,
902 2178 978 2199 eum

271 2216 345 2257 spei
361 2225 427 2247 nou
445 2217 690 2258 respondisset,
708 2228 748 2249 eo
764 2218 914 2260 poetam,
939 2224 978 2251 ut

271 2271 324 2298 est
341 2266 350 2283 ‘
366 2277 472 2307 genus
489 2268 653 2298 irritabile
672 2268 807 2309 vatun1,'
832 2269 979 2310 impulit,

272 2317 357 2348 utin
373 2327 505 2348 servum
519 2318 612 2348 illum
628 2319 893 2350 ‘lucubrationis
906 2329 975 2350 suae

271 2367 400 2407 telum‚'
424 2372 460 2398 ut
483 2369 530 2401 ait
547 2368 589 2399 de
608 2369 764 2409 Caligula
779 2370 976 2411 Suetonius,

268 2419 277 2436 ‘
296 2417 505 2459 stringeret.⁷
528 2419 612 2451 Quae
630 2429 683 2450 res
699 2420 812 2460 arguit
829 2420 975 2453 Poe'tam

271 2469 456 2511 pauperem
484 2473 518 2500 et
543 2469 744 2509 ridiculum3
776 2480 974 2513 pauperem,

1043 1156 1099 1198 qui
1128 1166 1189 1197 pro
1218 1156 1365 1197 pecunia
1391 1154 1602 1187 mercenario
1627 1161 1747 1184 versus

1042 1208 1258 1247 obtruderet,
1286 1207 1479 1245 ridiculum,
1510 1205 1566 1247 qui
1590 1205 1625 1235 in
1656 1203 1745 1235 istud

1041 1258 1184 1288 hominis
1210 1257 1389 1288 scriberet.
1436 1257 1487 1287 En
1511 1255 1596 1286 levis
1614 1254 1746 1295 conjec-

1042 1312 1130 1346 tura,
1157 1308 1242 1338 cedo
1269 1308 1455 1345 meliorem,
1482 1310 1518 1336 et
1543 1306 1746 1345 amplector.

1041 1359 1203 1389 Ceterum
1218 1368 1257 1388 eo
1285 1367 1338 1388 me
1364 1356 1464 1387 facile
1482 1355 1606 1386 adduci
1623 1354 1746 1395 patiar,

1039 1414 1077 1440 ut
1103 1419 1178 1440 cum
1204 1409 1283 1439 viris
1300 1407 1499 1450 quibusdam
1516 1405 1659 1437 eruditis
1675 1415 1748 1436 cre-

1040 1460 1116 1492 dam
1145 1460 1177 1490 in
1202 1460 1264 1490 lioc
1291 1460 1538 1500 epigrammate
1561 1457 1670 1488 latere
1687 1455 1747 1486 ali-

1039 1511 1118 1551 quid
1145 1510 1378 1542 obscoenitatis
1404 1515 1440 1540 et
1467 1507 1644 1550 nequitiae,
1668 1516 1744 1548 quae

1038 1571 1105 1592 non
1133 1565 1200 1592 tam
1226 1560 1349 1598 verbis,
1377 1570 1475 1601 quam
1504 1558 1652 1596 silentio,
1676 1567 1744 1588 non

1038 1615 1108 1642 tam
1128 1611 1216 1650 luce,
1243 1620 1341 1652 quam
1360 1610 1511 1641 tenebris
1527 1615 1562 1640 et
1577 1609 1657 1650 igne
1674 1608 1745 1650 pia-

1036 1660 1144 1691 culari
1159 1661 1260 1700 digna
1273 1659 1525 1701 sitjudicaiida.

1080 1714 1096 1742 1
1121 1711 1300 1750 Ἑλικῶνος]
1349 1711 1420 1742 Per
1457 1710 1670 1750 Heliconem,
1705 1713 1745 1741 ut

1035 1761 1391 1802 dixi,intelligendum
1418 1765 1471 1791 est
1492 1761 1671 1801 Templum
1694 1759 1746 1792 A-

1033 1811 1168 1851 pollinis
1187 1811 1350 1851 Palatini,
1365 1811 1453 1852 quod
1472 1810 1660 1854 Augustus,
1672 1811 1744 1842 An-

1034 1862 1125 1893 tonio
1153 1867 1187 1893 et
1213 1862 1400 1903 Cleopatra
1423 1862 1574 1902 divictis,
1591 1872 1633 1893 ex
1657 1872 1746 1894 mar-

1032 1922 1125 1945 more
1142 1915 1346 1953 construxit,
1361 1913 1418 1944 ubi
1439 1913 1625 1945 Poetarum
1652 1914 1743 1945 illus-

1037 1964 1139 1995 trium
1167 1965 1177 1980 ‘
1195 1965 1359 2005 imagines
1377 1964 1574 1996 lambebant
1600 1964 1740 1996 hederae

1036 2015 1225 2056 sequaces.'

1079 2069 1097 2097 3
1121 2065 1320 2108 Ἐπιβάθρον]
1354 2067 1417 2098 Vir
1447 2066 1583 2108 quidam
1617 2066 1741 2099 doetus

1034 2117 1120 2157 legit
1150 2116 1330 2158 ἐπιβάθραν,
1358 2127 1510 2149 accessum
1538 2118 1580 2148 ad
1605 2120 1741 2158 cantum,

1032 2176 1086 2198 seu
1108 2168 1309 2199 Parnassum.

1075 2220 1095 2248 4
1119 2217 1299 2256 Πολύμητις
1323 2217 1458 2258 ἀνάγκη]
1496 2219 1663 2258 Ingeniosa
1686 2228 1739 2250 ne-

1030 2268 1167 2299 cessitas.
1202 2268 1346 2299 Ovidius
1361 2280 1369 2300 2
1393 2269 1402 2286 ‘
1420 2269 1451 2299 O
1468 2274 1634 2310 quantum
1651 2269 1740 2301 subi·

1032 2317 1073 2349 tis
1090 2318 1223 2349 casibus
1240 2319 1410 2359 ingenium
1428 2319 1512 2351 est!’
1535 2320 1737 2361 Epithetum

1029 2368 1114 2400 illud
1130 2379 1223 2411 sa²pe
1234 2370 1397 2401 tribuitur
1411 2371 1526 2413 Ulyssi
1539 2371 1737 2412 Ηοιηεϊίεο,

1028 2418 1200 2460 πολύμητις
1211 2420 1391 2454 Ὀδυσσεύς.
