1852 3182
564 192 1000 229 GiGAN'rOMAcfflA.

1403 204 1510 245 1041

62 277 182 320 Hinc
204 280 394 323 Atlantis
416 295 532 337 apex
554 285 823 332 flammantia
837 294 1031 345 pondera
1046 296 1185 349 fulcit,

61 345 119 387 Et
136 361 215 401 per
235 350 437 389 canitiem
457 351 622 403 glacies
643 359 886 409 asperrima
906 361 1048 404 durat.

61 412 182 464 Quid
204 416 346 457 dicam
365 416 541 472 Tityon,
565 423 691 475 cujus
708 426 789 465 sub
810 427 979 469 vulture
1001 443 1122 473 saevo

1457 443 1494 484 ’.Ψ

1492 446 1514 485 9·

60 480 245 523 Viscera
265 489 500 526 nascuntur
521 490 728 539 gravibus
752 496 964 535 certantia
986 499 1166 549 poenis?

58 548 146 588 Sed
168 561 264 598 VOS,
288 562 314 589 o
338 551 514 592 tandem
538 556 713 596 veniens
736 562 958 601 exercitus
978 565 1105 615 ultor,

57 613 225 655 Solvite
248 616 429 658 Titanas
452 620 607 661 vinclis
626 636 634 663 :
667 624 884 668 defendite
904 636 1098 673 matrem.

57 679 163 721 Sunt
183 681 306 733 freta,
330 691 433 726 sunt
453 693 616 729 montes
634 704 642 730 ε
675 694 837 734 nostris
859 708 911 736 ne
933 699 1099 749 parcite
1115 705 1334 750 membris.

56 746 108 787 In
127 746 256 789 Jovis
276 751 456 793 exitium
479 754 614 795 telum
630 770 718 798 non
738 772 838 800 esse
861 775 1033 806 recuso.

1452 781 1510 824 30

54 813 136 863 Ite,
156 828 332 868 precor3
365 819 546 862 miscete
568 825 734 876 polum,
757 830 986 873 rescindite
1010 836 1148 878 turres

54 880 275 923 Sidereas.
322 883 491 939 Rapiat
512 888 1010 952 fulmen'sceptrumque
1031 902 1287 957 Typhoeus.

50 1020 189 1052 Atlantis
199 1026 327 1057 sustinet
338 1038 412 1059 onus
422 1031 591 1071 stellarum,
607 1037 637 1063 et
646 1036 761 1073 glacies
774 1038 938 1071 durissima
955 1041 1011 1072 diu
1027 1049 1127 1075 manet
1141 1047 1171 1077 in
1183 1049 1320 1081 crinibus
1331 1053 1404 1091 ojus
1418 1056 1506 1088 albis.

52 1063 155 1097 Quare
169 1076 393 1101 commemorem
413 1072 537 1113 Tityon,
559 1076 742 1115 cnjusjecur
756 1080 810 1109 sub
828 1084 949 1113 rulture
961 1087 1080 1116 crudeli
1096 1089 1240 1120 resistens
1251 1096 1412 1133 suppliciis
1424 1108 1507 1128 acer-

50 1104 106 1146 bis,
121 1109 319 1142 renascitur?
351 1114 396 1143 At
412 1124 475 1152 vos,
499 1127 515 1146 o
531 1119 655 1149 taudem
671 1124 802 1152 catercae
818 1124 966 1164 vindices,
993 1134 1197 1170 erumpentes,

49 1156 89 1178 ex
103 1152 231 1189 catenis,
256 1155 405 1186 tutamini
429 1161 558 1189 matrem
577 1168 744 1201 vestram;
768 1169 840 1196 sunt
866 1168 962 1198 nobis
988 1172 1087 1202 maria
1105 1177 1134 1203 et
1150 1185 1216 1205 mon

48 1190 162 1222 viscera
174 1198 278 1225 nostra
289 1196 331 1226 ad
350 1196 475 1230 bellum
489 1211 496 1230 :
517 1212 574 1232 nou
592 1213 686 1234 renuo
702 1216 765 1236 esse
767 1207 907 1244 jaculum
921 1213 962 1240 m!

47 1232 223 1270 confundite
237 1239 356 1280 coelum,
382 1242 506 1274 avellite
521 1254 607 1276 arces
634 1249 779 1280 coelestes.
828 1252 963 1292 Typboeu

661 1351 774 1364 aaaaaa

47 1410 128 1441 Cod.
146 1412 180 1442 S.
196 1412 372 1446 (last—23
398 1417 464 1448 Hic
478 1419 531 1448 vel

47 1584 115 1610 tres
143 1580 233 1612 Vatt.
262 1583 345 1614 Exe.
376 1585 451 1616 Pat.
480 1595 546 1617 rec.
571 1596 614 1618 m.
641 1593 776 1628 pru—26
799 1596 967 1626 certamina
986 1608 1044 1636 pio
1059 1605 1213 1634 certantia
1238 1606 1315 1637 Vat.

46 1621 238 1662 quint.—27
262 1635 316 1655 nos
334 1627 426 1658 Med.
444 1638 512 1658 sec.
537 1631 636 1660 veniet
658 1632 783 1663 Busiid.
809 1636 889 1665 ultro
905 1638 985 1669 Vat.
999 1650 1048 1679 pr.
1071 1644 1163 1674 Mod.
1181 1656 1191 1674 ‹
1206 1657 1223 1676 u

45 1673 87 1695 m.
106 1673 155 1703 pr.
169 1666 221 1696 ed.
240 1667 352 1699 Parni.
380 1671 460 1700 ultor
470 1671 552 1701 Var.
567 1672 635 1702 LL.
649 1682 666 1703 e
682 1684 784 1713 marg.
801 1677 914 1710 Parni.
928 1681 1008 1711 ultro
1029 1686 1078 1714 vel
1096 1687 1176 1717 ultor
1192 1690 1219 1718 E

45 1708 85 1737 28
96 1706 215 1739 Solvite
234 1710 371 1743 Titanas.
388 1722 463 1743 curn
476 1713 583 1754 τελείᾳ
604 1718 734 1757 στιγμῇ,
757 1718 832 1750 vat.
851 1731 902 1760 pr.
921 1729 956 1753 et
972 1734 1039 1756 sec.
1059 1727 1143 1758 Cod.
1160 1730 1193 1760 S.
1210 1733 1300 1764 Galli

1224 1134 1352 1167 liberate
1377 1139 1508 1172 Titanas

1220 1180 1287 1208 tes:
1311 1189 1347 1209 ne
1369 1183 1506 1214 omittite

974 1214 1142 1251 perniciem
1155 1218 1255 1249 Jocis.
1286 1221 1405 1261 Vadite,
1419 1235 1506 1265 rogo,

965 1264 980 1284 s
1004 1256 1127 1294 wlferae
1143 1259 1264 1296 fulmen
1280 1267 1310 1294 et
1331 1270 1504 1306 sceptrum:

779 1353 873 1365 eeeee

562 1420 645 1455 Quin
663 1422 757 1452 Rott.
788 1424 932 1457 Atlantis
955 1440 1036 1469 apex
1049 1432 1211 1469 fimumtia
1228 1437 1295 1469 duo
1312 1441 1406 1473 Vatt.
1446 1445 1506 1474 At-

46 1452 326 1492 Ianteisfumantia
345 1459 436 1490 Med.
451 1470 520 1491 sec.
543 1462 602 1491 sid<
611 1473 645 1492 ra
663 1465 755 1495 Rott.
777 1472 901 1505 pectora
919 1472 1022 1504 (nse-1.

37 1494 139 1531 sulcet
156 1498 238 1528 Cod.
256 1499 289 1529 S.
317 1500 492 1532 Gall.-24
517 1504 648 1534 Deerat
673 1506 727 1535 hic
757 1518 871 1539 vorsus
889 1511 1006 1544 Amhr.
1026 1522 1102 1548 tert.
1124 1525 1159 1549 ct
1189 1521 1271 1553 Exc.
1295 1524 1324 1553 P

45 1538 85 1567 25
114 1538 206 1578 Tityo
224 1540 349 1571 Moret.
381 1553 429 1581 pr.
454 1544 574 1575 vulture
589 1546 669 1576 Vat.
703 1557 753 1586 pr.
778 1550 851 1580 Pal.
870 1553 979 1584 Oisel.
1002 1562 1133 1594 gutture
1151 1562 1275 1594 Moret.
1302 1576 1312 1593 ³

1041 1476 1132 1507 Med.
1149 1487 1217 1509 ser.
1236 1481 1318 1513 Exc.
1338 1484 1413 1514 Pat.
1433 1495 1501 1519 rec.

1328 1531 1371 1556 at.
1390 1536 1503 1557 rec.—

1293 1575 1342 1604 1¹*-
1379 1570 1503 1601 vulnere

1341 1615 1450 1648 quart.
1469 1618 1505 1644 et

1193 1657 1199 1685 ι
1229 1653 1294 1679 art.
1317 1650 1434 1682 Amhr.
1451 1664 1503 1694 pr.

1224 1699 1274 1720 xc.
1300 1691 1376 1723 Pat.
1394 1704 1506 1726 rem—-

45 1748 75 1778 in
90 1750 230 1782 Lucens.
248 1762 298 1792 pr.
309 1763 388 1784 vero
400 1755 453 1786 hic
464 1757 562 1786 nnius
575 1767 691 1789 versus
703 1761 850 1799 spatium
860 1770 932 1795 erat
944 1767 1199 1803 relictum—29
1210 1777 1325 1806 nostris
1334 1778 1399 1809 ‹iuo
1409 1781 1505 1813 Mod.

45 1790 123 1823 Pnt.
135 1792 200 1824 duo
211 1794 332 1828 Petav.
349 1797 461 1828 Oxou.
475 1808 540 1829 sec.
551 1799 616 1829 duo
630 1800 748 1832 Ambr.
764 1804 847 1835 Exc.
861 1806 936 1838 Pat.
950 1819 1015 1840 rec.
1028 1812 1110 1844 Exc.
1126 1815 1268 1848 Lucens.
1281 1829 1330 1859 pr.
1342 1821 1419 1853 Var.
1435 1824 1501 1854 LL.

46 1842 64 1864 e
80 1843 183 1875 marg.
195 1837 311 1868 Parm.
336 1841 448 1870 restris
463 1842 540 1871 Vat.
557 1847 634 1874 tert.
649 1844 744 1875 Rott.
768 1856 821 1877 nec
839 1849 917 1881 Vat.
936 1861 983 1890 pr.
1007 1864 1044 1884 ne
1058 1857 1178 1894 parcite
1194 1859 1272 1891 Put.
1296 1862 1362 1893 duo
1380 1864 1504 1897 Petav.

46 1874 156 1908 oxon.
169 1888 234 1911 sec.
247 1880 364 1912 Ambr.
380 1887 456 1914 tert.
471 1884 687 1916 ssnslid.—30
701 1887 738 1917 In
754 1890 836 1919 necis
851 1893 982 1924 exitium
993 1896 1126 1929 Bushd.
1140 1902 1211 1931 telis
1224 1903 1291 1935 duo
1308 1905 1401 1936 Med.
1421 1908 1503 1939 Put.

45 1935 75 1941 —
87 1921 122 1950 31
152 1921 278 1953 miscere
291 1923 422 1955 Buslid.
438 1927 566 1957 mulcete
582 1927 658 1959 vat.
677 1939 743 1960 sec.

46 1960 123 1993 Vat.
146 1963 254 1997 Livin.
277 1967 442 1999 rescindite
467 1972 571 2000 turres
585 1971 639 2001 vel
656 1973 752 2002 restim

766 1934 954 1973 restinguite
966 1939 1072 1969 turbas
1085 1941 1163 1973 Vat.
1183 1954 1234 1984 pr.
1249 1946 1331 1978 Cod.
1348 1949 1381 1979 S.
1400 1950 1505 1989 Galli,

753 1975 843 2012 guile
858 1979 964 2009 turbas
990 1980 1108 2015 Ambr.
1126 1990 1263 2025 [vn—32
1277 1989 1398 2029 flumen
1427 1992 1503 2024 Flo-

704 2079 844 2112 NOTAE

44 2158 188 2200 positum
204 2170 211 2191 :
243 2162 300 2193 sed
333 2167 447 2196 tamen
474 2166 515 2197 ab
532 2167 594 2198 hac
613 2177 673 2199 ave
689 2169 747 2200 de.

45 2215 207 2249 pascente
224 2211 392 2244 Hercules
406 2224 482 2245 eum
498 2216 747 2259 libe1·avit,jus-

43 2265 81 2287 su
97 2258 246 2298 ejusdem
262 2262 370 2301 Jovis,
395 2274 496 2304 quem
518 2267 746 2301 Prometheus

44 2315 232 2350 monuerat,
260 2321 300 2342 ne
326 2313 509 2346 Thetidem
533 2327 670 2350 uxorem
687 2319 746 2350 du-

45 2367 150 2400 ceret,
167 2364 242 2404 quia
259 2375 301 2396 ex
323 2376 364 2397 ea
385 2368 575 2400 nasciturus
593 2375 667 2401 erat
685 2371 747 2402 fili-

45 2417 83 2439 us
100 2416 194 2450 patre
211 2415 320 2454 major
337 2416 484 2449 futurus,
517 2418 556 2449 ld
571 2419 746 2460 explicant

43 2460 137 2491 multi
150 2461 192 2492 de
204 2462 413 2506 Astrologia‚
430 2468 485 2498 cui
500 2467 746 2501 intentissimus

45 2517 119 2541 erat
132 2512 371 2555 Prometheus,
401 2522 437 2548 ut
455 2518 510 2558 qui
525 2528 566 2549 ex
583 2520 745 2551 altissimo

46 2558 184 2592 Caucasi
203 2567 332 2596 vertice
357 2566 460 2598 Astra
492 2574 681 2610 spectaret,
709 2575 744 2601 et

44 2608 152 2642 doctis
179 2614 464 2657 solicitudinibus,
499 2619 595 2659 qnasi
632 2620 744 2661 aquila

44 2658 240 2701 devorante,
269 2665 296 2696 si
324 2667 373 2697 ito.
397 2667 489 2709 loqui
512 2668 564 2700 sas
581 2674 644 2710 est,
676 2674 743 2701 tor-

49 2715 221 2749 queretur.

131 2771 242 2812 Delph.
257 2777 288 2805 et
308 2775 382 2809 Var.
400 2777 486 2809 Clas.

702 2780 815 2812 Claud.

842 2178 883 2206 23
909 2178 1063 2221 Atlantis]
1101 2184 1206 2216 Quasi
1243 2187 1398 2229 gigantes
1426 2199 1501 2221 eum

801 2225 977 2260 liberaturi
991 2232 1069 2271 siut,
1083 2240 1118 2265 et
1132 2236 1187 2267 Dii
1202 2239 1322 2270 coelum
1336 2240 1503 2273 sustinere

801 2277 976 2309 cogantur.

842 2322 882 2350 25
911 2323 1037 2365 Tityon]
1053 2327 1105 2358 De
1119 2328 1182 2360 hoc
1198 2340 1300 2371 supra
1314 2333 1416 2364 etiam
1432 2334 1503 2366 dic-

801 2373 870 2400 tum
889 2378 951 2404 est.

826 2424 883 2451 ,27
912 2423 1053 2466 Titanas]
1089 2428 1191 2460 Filios
1218 2440 1311 2462 meos
1338 2433 1371 2463 in
1387 2432 1504 2465 inferis

800 2471 959 2504 detentos
971 2476 1128 2509 liberate.

842 2526 883 2553 29
908 2526 1074 2567 Membris]
1115 2531 1167 2560 Ne
1185 2533 1318 2570 parcite
1335 2533 1502 2564 montibus

800 2578 834 2604 et
851 2575 953 2614 saxis,
967 2587 1041 2616 quae
1059 2585 1135 2610 sunt
1151 2582 1300 2613 membra
1316 2584 1442 2614 Terrae.

841 2627 882 2656 32
902 2626 1073 2668 Typhoeus]
1089 2630 1282 2671 Typhoeus,
1298 2632 1502 2670 Enceladus,

799 2679 834 2705 et
865 2676 1085 2718 Porphyrion
1114 2686 1194 2713 sunt
1220 2682 1363 2714 totidem
1387 2681 1500 2721 gigan-

799 2731 863 2758 tes.

1348 2784 1366 2812 3
1381 2782 1413 2814 U
