1852 3182
526 171 577 200 IN
613 170 902 201 EU'I'ROPIUM
939 171 1033 201 LIB.
1065 172 1097 201 1.

83 267 228 307 tineant,
258 269 482 307 spectentque
512 265 688 296 cacumine
717 270 781 296 ter-

83 318 170 349 ras?
191 319 200 334 ‘
222 316 386 347 Diffluero
415 317 448 345 in
471 314 582 354 rugus’
604 315 674 354 jam
703 321 780 345 autc

83 374 198 399 noster
212 368 343 398 dixe-rat
358 367 400 397 de
411 366 528 396 emh-ni
545 376 553 395 :
579 367 586 381 ⁸
602 372 781 405 postquam

84 417 239 449 deforme
253 418 399 449 cadaver
417 417 556 454 Mansit,
580 423 614 446 et
632 417 664 446 iu
683 426 783 455 rugas

83 473 176 499 totus
193 468 339 499 diffluxit
356 466 485 498 aniles?
509 467 552 497 D.
571 467 681 497 Hrius.

129 518 419 556 Coi-ruerutfzwies]
435 517 650 548 conciderat.
675 516 784 546 Maxi-

83 570 213 600 mianus
232 569 359 608 Elegiis
374 579 381 598 z
405 569 414 584 ‘
431 567 462 597 in
483 571 694 598 senectutem
712 576 784 597 cor-

83 628 183 650 ruere
199 628 330 649 ornnem
350 616 542 648 hominem?

128 669 227 699 Passa
233 668 338 705 facies
353 668 493 707 rugosior
510 667 582 707 ura]
605 668 785 698 Senectam

84 717 227 750 formam
246 729 318 749 uvae
337 729 444 758 passm
463 723 648 758 comparat.
667 718 785 749 Barth.

130 772 190 800 113
229 770 324 800 Vento
350 770 394 799 sic
422 771 487 800 vela
511 769 662 808 tremunt]
702 769 786 799 Vide

84 819 299 857 Jiivenalen),
314 821 386 850 Sat.
405 829 438 850 x.
465 821 562 850 Idem.

131 872 191 899 114
218 870 358 899 Exedere
381 873 468 908 capul
488 869 594 908 tinere]
627 869 788 900 Gauden-

85 919 152 951 tius
164 918 553 950 Praefat.'rractamun1:
579 921 587 936 ‘
603 921 653 950 Ex
669 925 788 954 vegeto

87 979 127 1000 ac
143 979 226 1000 sano
243 970 454 1008 vulneratus,
479 979 520 1000 ex
548 968 788 1000 florentissimo

87 1019 259 1050 vermibus
289 1025 450 1050 exaratus
487 1019 674 1059 aspicitur:
733 1019 789 1049 Sic

87 1069 234 1100 cariosos
250 1074 343 1100 artus
359 1069 448 1099 dixit
463 1069 704 1108 Hieronymus.

131 1121 269 1150 Deserta
281 1118 448 1159 putebant]
487 1118 518 1148 A
538 1118 623 1157 pilis.
647 1118 789 1148 Pon-on.

88 1169 131 1202 de
144 1170 263 1209 calva,
272 1168 439 1210 Elegidio,
450 1177 619 1199 comarum
636 1178 643 1198 :
668 1169 677 1184 ‘
691 1167 790 1199 Quod

87 1219 193 1251 solum
209 1218 328 1250 formae
352 1217 455 1249 decus
480 1221 532 1248 est
555 1216 712 1248 cecidere
738 1226 792 1247 ca·

89 1269 187 1310 pillis
203 1271 267 1300 ἃς.
291 1268 408 1299 Barth.

134 1321 194 1349 115
220 1318 390 1348 Intervalla
403 1316 512 1356 conice]
535 1317 641 1348 Parte
655 1316 793 1355 abolita,

89 1373 189 1410 parte
206 1369 416 1408 superstite;
441 1377 514 1407 quae
534 1377 613 1397 sane
640 1366 793 1406 turpissi-

90 1429 146 1451 ma
162 1419 307 1459 species,
323 1418 497 1457 ingeniose
514 1417 622 1448 irrisa.
653 1416 794 1447 Martia-

89 1470 145 1510 lis,
161 1470 217 1500 lib.
236 1478 268 1499 v.
287 1468 406 1509 Epigr.
421 1471 475 1498 50.

134 1520 249 1560 Art-is]
270 1518 362 1550 Area
376 1523 429 1549 est
444 1518 498 1548 illa
517 1517 642 1557 ridens,
664 1527 734 1555 seu,
751 1518 795 1549 ob

91 1570 299 1610 ariditatem,
344 1568 578 1609 resplendens,
627 1568 794 1599 Petronii,

92 1622 209 1652 Barth.

137 1676 199 1704 116
222 1672 405 1712 Interlucet]
429 1673 628 1711 Eleganter,
651 1680 726 1702 cum
744 1679 798 1701 co-

92 1723 146 1755 lor
172 1723 330 1754 nimirum
361 1723 472 1753 nitens
498 1721 677 1752 exscendit
705 1722 797 1751 illum

94 1773 237 1804 alterum
254 1772 401 1804 vicinum
427 1771 669 1811 obscuriorem,
696 1774 731 1801 ct
755 1769 797 1800 ad

91 1823 269 1855 raritatem
285 1822 438 1863 ejusdem
455 1821 619 1861 pertinet.

135 1874 258 1912 Jejunae
273 1872 396 1912 aristoe]
419 1871 523 1902 Nullo
548 1869 655 1900 imbre
681 1872 798 1910 pamm,

94 1924 187 1955 nulla
204 1922 280 1953 utili
296 1921 395 1961 fruge
414 1920 589 1951 tumentis.
625 1919 799 1959 Virgilius,

97 1973 224 2013 Georg.
241 1981 281 2002 11.
306 1972 314 1988 ‘
336 1971 554 2011 Namjejuna
580 1969 714 2010 quidem
741 1969 798 1999 cli-

95 2022 167 2053 vosi
181 2023 298 2063 glarea
313 2020 420 2060 ruris,’
437 2022 502 2050 «Sec.
525 2020 641 2050 Barth.

140 2076 202 2105 118
226 2071 388 2103 Brumulis
402 2069 551 2108 hirundo]
583 2068 714 2099 Plinius
731 2072 798 2099 tra-

98 2121 366 2163 dit‚hirundines
376 2119 540 2162 quasdam
551 2119 799 2150 hibernismen-

98 2173 189 2205 sibus
207 2172 301 2213 sequi
326 2171 489 2202 montium
512 2179 672 2206 recessus,
698 2170 746 2200 ita
762 2173 799 2200 ut

98 2222 398 2262 invenianturjam
416 2221 515 2252 nudae
533 2230 571 2250 ao
587 2219 772 2259 deplumes.

143 2276 205 2306 119
229 2272 371 2312 Trabeis]
409 2270 582 2311 Dignitati
612 2269 802 2308 Consulari,

100 2333 201 2365 quam
238 2323 380 2354 crimine
417 2323 576 2352 Fortunae
615 2319 800 2359 adepturus

101 2379 176 2406 erat
202 2374 353 2413 semivir,
380 2373 531 2403 omnibus
557 2371 684 2402 dudum
698 2369 802 2401 etiam

100 2425 281 2456 servilibus
297 2423 417 2455 officiis
439 2422 578 2454 inferior
600 2427 636 2453 et
652 2426 803 2452 contem-

102 2475 243 2507 tibilior.
266 2474 384 2506 Barth.

148 2528 210 2556 120
234 2524 306 2555 Has
320 2524 469 2562 infroute
484 2523 588 2563 notas]
623 2522 732 2553 Anius
749 2522 804 2552 de-

102 2574 298 2607 formitatis.
327 2574 473 2606 Occulte
490 2575 600 2605 innuit
617 2572 806 2613 inscriptio-

104 2634 181 2656 nem
196 2624 267 2655 sive
282 2623 455 2664 stigmata,
478 2633 552 2664 quae
567 2623 723 2664 quoniam
740 2631 806 2652 non

105 2678 216 2714 erant,
230 2673 406 2706 nominare
421 2683 488 2704 non
505 2675 590 2713 vult,
614 2674 692 2714 quia
707 2672 806 2703 meri-

106 2729 163 2756 tus
179 2727 254 2757 erat
268 2728 424 2756 exsectus
435 2723 501 2755 iste
517 2721 671 2765 furcifer,
686 2722 807 2763 innuit,

1424 160 1536 203 1455

836 265 1005 304 proximus
1021 264 1211 295 affirmanti.
1235 265 1331 295 Idem.

878 317 1009 347 Audiuit
1025 315 1100 355 aris]
1125 316 1217 345 Malo
1233 316 1290 346 ori.
1316 317 1360 346 l).
1380 316 1499 348 Heius.

881 370 938 397 121
961 366 1195 405 Lusuriaesuoe]
1215 365 1428 395 Petulantiae.
1455 365 1539 396 Ovi-

837 417 931 447 dius:
967 420 974 434 ‘
998 417 1181 447 Luxuriant
1213 416 1313 445 animi
1346 415 1444 444 rebus
1470 416 1541 455 plc-

840 477 980 507 rumquc
997 467 1165 503 secundis,
1182 467 1254 496 Nec
1268 464 1365 495 tacite
1379 470 1429 495 est
1443 474 1540 505 inqua

840 518 1015 547 commoda
1034 524 1146 547 mcntc
1166 516 1260 556 pani?

885 567 1008 596 I’ullidu
1030 567 1119 596 nudis
1143 567 1269 596 Ossibus
1285 566 1403 606 imago]
1428 566 1540 598 Instar

841 617 960 647 sceleti
978 617 1072 651 meri,
1091 618 1184 646 anuis
1211 623 1246 646 et
1267 618 1356 647 curie
1379 617 1468 647 onmi
1484 617 1542 647 ha-

841 666 995 697 bitudine
1014 676 1148 706 prorsus
1165 672 1351 704 consumta,
1363 667 1452 697 omui
1468 675 1542 697 suc-

841 726 880 746 co
896 721 1048 747 exsucto.
1072 716 1188 746 Barth.

884 769 945 797 122
970 766 1095 805 Imago]
1131 765 1295 796 Umbram
1314 765 1429 796 dicere
1448 764 1517 796 vult
1535 776 1544 804 ;

840 822 1025 857 spectrum.

886 867 1057 897 Horrorem
1073 866 1221 906 dominis]
1243 866 1323 896 ‘ram
1351 866 1447 896 malae
1477 863 1544 895 for-

841 928 904 948 ma:
936 918 1087 948 homiues
1119 917 1368 948 amuliebantur
1404 915 1544 947 dornici-

842 969 907 1006 liis,
925 969 1015 998 velut
1034 967 1184 998 infamia
1198 973 1344 1007 spectra.
1368 967 1486 998 Barth.

886 1021 946 1049 123
972 1019 1118 1058 Deculor]
1145 1019 1205 1048 Est
1231 1017 1446 1057 penfflcnum
1465 1017 1545 1056 jun·

843 1069 985 1107 gendam
1018 1068 1106 1098 iilam
1138 1069 1181 1106 τῷ
1222 1068 1342 1098 macie&
1402 1067 1548 1105 Decolor,

844 1119 923 1159 quia
935 1118 1080 1149 extremi
1093 1118 1244 1157 palloris,
1257 1122 1291 1147 ut
1306 1126 1436 1146 omnem
1450 1125 1547 1146 suum

844 1168 1007 1206 amiserit,
1035 1167 1251 1206 coioremque
1283 1166 1380 1196 alium
1410 1174 1547 1204 prorsus

844 1216 917 1247 fere
944 1217 1068 1247 habeat
1095 1216 1247 1246 nulium:
1273 1214 1479 1245 transfertur
1505 1215 1547 1245 ad

845 1269 924 1307 alia,
946 1278 1021 1308 quae
1040 1267 1232 1298 immaniter
1260 1276 1278 1296 a
1302 1272 1423 1295 natura
1440 1269 1547 1296 statu-

845 1328 910 1359 que
932 1328 991 1348 suo
1019 1317 1217 1348 abscedunt.
1254 1315 1465 1355 Dccoloratio,
1490 1324 1547 1346 ex-

845 1374 952 1399 trema
969 1367 1175 1407 deturpatio.

890 1419 1024 1449 Occursu
1038 1418 1162 1448 la'deret
1177 1417 1292 1456 omues]
1317 1416 1400 1447 Mox
1413 1419 1465 1446 aut
1476 1426 1549 1456 pro-

845 1469 1019 1499 cedentibus
1035 1478 1130 1498 omcn.
1177 1467 1267 1497 Mira
1290 1471 1361 1496 erat
1379 1466 1410 1496 in
1427 1465 1550 1496 talibus

847 1518 1044 1559 superstitio
1063 1524 1098 1549 ut
1115 1517 1285 1548 hominum
1309 1516 1469 1555 sutilium,
1499 1515 1550 1546 ni·

847 1578 992 1609 grornm,
1011 1568 1172 1607 turpium,
1188 1569 1250 1598 &c
1274 1576 1460 1604 occursum,
1487 1575 1551 1606 pro

848 1619 992 1659 pessimo
1021 1622 1202 1658 acceptum
1230 1617 1339 1647 omine
1366 1617 1448 1646 diris
1474 1625 1551 1656 por-

848 1670 952 1701 tentis
970 1668 1214 1707 adscriberent,
1237 1668 1331 1697 velut
1346 1666 1551 1696 imminentis

849 1720 927 1750 mali
944 1719 1103 1750 iudicem.
1127 1719 1167 1748 Ei
1187 1718 1233 1747 rei
1249 1715 1447 1757 quibusdam
1461 1724 1553 1745 amu-

850 1769 927 1800 letis
944 1767 1123 1799 subvenire
1138 1766 1306 1804 solebant,
1329 1775 1402 1805 quae
1419 1765 1556 1805 proevia,
1578 1804 1581 1807 Ι

849 1818 945 1860 quasi
961 1819 1048 1849 viam
1063 1818 1181 1848 bonam
1197 1816 1372 1855 facientia,
1389 1816 1487 1856 eique
1502 1815 1553 1846 rei

850 1868 1033 1909 praemissa,
1045 1871 1102 1897 aut
1116 1864 1284 1904 confecta,
1298 1864 1552 1905 nuncupabant.

850 1918 967 1949 Barth.
1198 1908 1202 1911 ⁵

894 1970 955 1999 124
979 1968 1160 2008 Aulpueris
1173 1968 1276 1998 latura
1293 1966 1406 2006 metus]
1437 1965 1552 1996 Instar

851 2018 1017 2049 foedarum
1042 2018 1238 2057 formarum,
1261 2027 1335 2057 quae
1358 2016 1461 2046 larvis
1478 2015 1553 2046 hor-

851 2068 1005 2099 ribilibus
1032 2068 1232 2108 figurantur,
1259 2072 1294 2097 ut
1319 2067 1466 2106 ejulatus
1494 2065 1554 2096 sis·

852 2123 927 2150 tant
960 2128 1151 2159 puerorum.
1197 2117 1354 2149 Juvenal.
1395 2116 1465 2146 Sat.
1496 2123 1554 2146 nr.

852 2171 861 2187 ‘
880 2169 1083 2209 tandemque
1110 2167 1199 2199 redit
1224 2166 1266 2197 ad
1290 2165 1421 2206 pulpita
1436 2169 1553 2195 notum

852 2219 1033 2257 Exodium,
1050 2228 1124 2249 cum
1142 2227 1290 2258 personae
1310 2215 1468 2255 pallantis
1486 2215 1555 2245 hia-

827 2284 830 2287 ·
853 2274 923 2300 tum
950 2270 988 2299 Iu
1006 2269 1132 2309 gremio
1150 2268 1266 2298 matris
1282 2265 1443 2298 formidat
1458 2264 1556 2297 rusti-

853 2317 1055 2350 cusinfansl
1079 2318 1178 2348 Idem.

895 2372 1009 2402 Pueris
1025 2373 1127 2402 latum
1143 2368 1256 2409 metus]
1280 2368 1352 2400 Lib.
1370 2377 1410 2399 11.
1427 2367 1469 2399 de
1483 2367 1554 2406 Ira,

855 2431 930 2462 cap.
950 2424 998 2452 11.
1021 2421 1029 2437 ‘
1048 2421 1098 2450 An
1115 2417 1556 2458 timeturapluribus‚sicut

855 2470 1017 2502 deformis
1038 2478 1183 2510 persona
1204 2469 1245 2499 ab
1263 2467 1448 2499 infantibus
1462 2467 1483 2497 ?’
1508 2467 1555 2497 in-

856 2521 930 2562 quit
948 2521 1098 2551 Seneca:
1123 2524 1155 2549 et
1167 2518 1224 2549 lib.
1241 2518 1274 2548 ln
1288 2517 1475 2557 sapientem
1490 2525 1556 2547 non

857 2570 950 2601 cadit
977 2569 1114 2610 injuria,
1140 2578 1215 2608 cap.
1232 2571 1262 2598 4.
1287 2568 1295 2583 ‘
1314 2576 1407 2597 more
1438 2575 1557 2605 puero-

858 2631 944 2660 rum,
957 2620 1077 2662 quibus
1093 2624 1204 2650 metus
1227 2618 1353 2648 incutit
1370 2616 1500 2655 umbra,
1521 2620 1558 2646 et

858 2679 1077 2711 personarum
1098 2668 1295 2700 deformitas
1319 2672 1353 2697 et
1369 2666 1560 2706 depravata

858 2719 987 2753 facies.'
1033 2717 1237 2760 Hujusmodi
1261 2717 1386 2748 larvam
1410 2724 1475 2747 uno
1499 2724 1558 2747 no·
