1851 3213
210 206 323 250 1178
640 215 716 245 cr„
749 207 1031 242 CLAUmAm
1066 206 1244 238 xcv111.

873 327 1013 359 NOTAE

215 419 293 451 dem
322 416 533 455 substantiae,
563 414 734 454 ὁμόυυσιος,
762 413 797 444 id
827 413 916 454 quod
971 411 1089 442 nitatis
1106 408 1249 440 indivisa
1265 403 1467 443 substantia,
1480 409 1556 443 quae
1577 399 1674 432 Grae-

215 469 332 502 Ariani
348 469 532 510 negabant.
569 468 658 499 Hinc
677 467 709 497 in
726 466 746 496 1.
762 474 801 496 ιι.
819 464 857 495 C.
874 463 917 493 de
973 471 1013 492 co
1040 460 1142 491 verbo
1169 456 1298 498 ὁμουσὶα
1326 459 1421 487 recte
1454 449 1674 485 credentibus

215 521 351 552 Summa
375 520 560 559 Trinitate,
588 519 597 535 ‘
612 519 820 556 iucorruptae
845 513 919 545 Tri·
956 509 1126 545 dieitur?

821 769 1072 819 XCVIII.

639 940 709 982 48.
771 936 932 979 LAUS
981 932 1261 977 CHRISTI.

225 1054 427 1095 PRoLEs
449 1062 552 1092 vera
571 1048 672 1097 Dei,
696 1044 953 1096 cunctisque
974 1040 1194 1094 antiquior
1216 1038 1361 1087 annis,

227 1120 358 1161 Nunc
376 1119 561 1171 genitus,
581 1115 657 1169 qui
675 1125 849 1166 semper
870 1122 982 1158 eraS,
1003 1109 1207 1161 lucisque
1227 1108 1419 1159 repertor

228 1186 342 1228 Ante
362 1190 469 1233 tuae,
491 1183 729 1234 matrisque
753 1190 937 1233 parens3
969 1188 1100 1229 quem
1119 1174 1239 1215 misit
1258 1174 1314 1213 ab
1336 1171 1466 1212 astris

230 1255 479 1307 AEquaevus
501 1250 697 1298 Genitor,
719 1247 929 1299 verbique
949 1245 994 1284 in
1014 1243 1180 1284 semina
1198 1241 1345 1282 fusum

229 1321 465 1374 Virgineos
486 1318 684 1358 habitare
706 1315 845 1362 sinus,
867 1317 912 1352 et
934 1311 1132 1365 corporis
1153 1309 1261 1350 arcti
1666 1305 1694 1344 5

230 1387 379 1429 Jussit
400 1387 508 1426 inire
527 1386 641 1433 vias,
664 1393 892 1436 parvaque
912 1380 955 1419 in
977 1379 1080 1419 sede
1100 1376 1280 1424 morari,

233 1453 378 1504 Quem
397 1453 522 1493 sedes
543 1464 627 1492 non
643 1450 733 1490 ulla
757 1448 880 1501 capit
897 1460 906 1487 :
941 1446 1016 1499 qui
1038 1445 1203 1485 lumine
1222 1443 1366 1497 primo

231 1521 400 1563 Vidisti
423 1519 637 1574 quicquid
658 1516 822 1558 mundo
839 1516 1045 1555 nascente
1066 1525 1253 1554 crearas.

237 1589 341 1642 Ipse
362 1587 534 1641 opifex,
556 1597 671 1638 opus
694 1585 791 1636 ipse
812 1582 892 1631 tui,
916 1580 1118 1632 dignatus
1137 1569 1317 1633 iniqiias

237 1655 400 1696 AEtatis
420 1654 579 1694 sentire
597 1653 738 1699 vices,
762 1653 806 1689 et
824 1648 1023 1700 corporis
1043 1646 1175 1700 hujus
1641 1643 1699 1684 10

235 1722 492 1764 Dissimiles
507 1718 692 1774 perferre
714 1716 886 1765 modos,
906 1714 1217 1767 hominemque
1239 1714 1398 1763 subire,

284 1842 315 1874 Ο
334 1841 482 1879 Christe,
499 1849 567 1870 vere
582 1839 646 1870 Fili
663 1838 740 1876 Dei,
755 1836 907 1868 vetustior
922 1835 1042 1866 saeculis
1056 1834 1208 1873 omnibus,
1232 1834 1288 1874 qui
1298 1844 1378 1864 nunc
1392 1836 1483 1864 natus
1495 1842 1543 1871 es,
1557 1833 1611 1872 qui
1625 1841 1702 1862 sem-

236 1895 293 1926 per
307 1894 376 1916 eras
388 1894 398 1919 ,-
420 1886 450 1914 et
475 1886 595 1913 creator
614 1881 702 1921 prius
728 1880 851 1911 luminis
864 1878 996 1919 proprii,
1023 1881 1052 1908 et
1077 1880 1167 1917 pater
1184 1876 1326 1917 parentis
1341 1879 1424 1907 tuae:
1449 1875 1597 1914 Christe,
1613 1884 1701 1914 quem

235 1931 328 1969 pater
342 1936 461 1958 coaevus
476 1926 562 1956 misit
577 1934 617 1955 ex
636 1925 728 1961 Coelo,
742 1926 771 1953 et
789 1921 922 1953 Verbum
945 1930 1067 1951 carnem
1077 1919 1202 1958 factum
1209 1919 1305 1958 jussit
1323 1919 1425 1950 claudi
1440 1919 1473 1949 in
1488 1921 1576 1949 utero
1595 1917 1703 1956 Virgi-

240 1971 302 2009 nis,
318 1974 348 2000 et
363 1969 482 2000 intrare
502 1970 620 1998 meatus
635 1966 773 2006 corporis
795 1965 934 2003 angusti,
949 1967 979 1994 et
996 1972 1119 1993 manere
1135 1964 1168 1992 in
1189 1962 1347 1992 mansione
1369 1962 1499 2000 exigua,
1515 1970 1604 2001 quem
1616 1960 1704 1990 nullu

241 2013 357 2043 mansio
369 2010 594 2051 comprehendit
607 2020 616 2039 .-
637 2009 690 2049 qui
700 2008 800 2048 primo
817 2010 941 2047 aspectu
962 2005 1115 2046 aspexisti
1129 2015 1167 2036 ea
1178 2005 1279 2035 omnia
1292 2014 1358 2044 quae
1374 2004 1578 2044 produxeras,
1592 2002 1706 2034 mundo

242 2058 437 2094 exsurgente.
485 2054 554 2093 Ipse
569 2052 688 2090 artifex
704 2051 768 2090 sui,
782 2050 847 2090 ipse
868 2059 941 2090 opus
956 2058 1083 2079 suarum
1106 2057 1278 2086 mannum,
1292 2047 1439 2077 sustinuit
1447 2045 1536 2084 ferre
1551 2045 1706 2077 vicissitu-

242 2097 329 2129 dines
342 2096 466 2128 acerbas
481 2095 642 2136 temporis,
666 2097 696 2124 et
713 2094 846 2124 tolerare
873 2092 1059 2123 mutationes
1082 2091 1221 2131 dispares
1246 2089 1373 2128 hujusce
1388 2089 1524 2129 corporis
1539 2088 1704 2127 mortalis,

854 2175 1008 2187 '‘oete“
1014 2174 1087 2186 eree

289 2223 542 2255 Desiderantur
567 2223 628 2254 hoc
645 2227 681 2253 et
704 2231 846 2263 sequens
864 2221 1009 2252 Carmen
1026 2219 1111 2250 Mss.
1127 2218 1280 2250 omnibus
1307 2223 1343 2249 et
1370 2218 1424 2249 ed.
1445 2218 1625 2249 Parm.-4
1647 2216 1705 2247 AE-

246 2277 367 2308 qnaevus
386 2266 512 2306 genitor
527 2266 624 2305 verbi,
639 2266 692 2306 qui
708 2265 893 2296 Barth.-9
916 2263 964 2293 sui
984 2262 1062 2293 edd.
1079 2264 1249 2293 vem—15
1277 2261 1407 2292 Conscia
1419 2260 1525 2302 patris
1542 2258 1707 2291 Barths—

902 2359 1047 2392 NOTAE

290 2442 310 2471 4
338 2438 488 2479 Verbique
512 2439 544 2469 in
565 2437 813 2478 seminafusum]
837 2437 948 2467 Chris·
1002 2434 1102 2466 modo
1128 2433 1341 2473 adolescens,
1368 2431 1468 2463 modo
1486 2429 1642 2472 juvenis;
1673 2432 1709 2459 et

249 2494 304 2521 tus
325 2499 449 2530 nempe
473 2489 516 2520 ab
540 2494 670 2519 aeterno
694 2488 801 2518 Patre
819 2497 837 2517 e
854 2487 948 2518 Coelo
1003 2494 1065 2525 pro
1090 2484 1190 2515 variis
1221 2483 1287 2513 illis
1315 2483 1429 2513 aetatis
1463 2479 1708 2512 mutationibus

249 2540 286 2570 in
310 2545 417 2572 terras
443 2540 563 2570 missus
591 2543 653 2578 est,
680 2542 715 2569 et
739 2538 822 2568 roris
846 2538 951 2568 instar
1005 2545 1130 2575 corpus
1148 2533 1293 2575 quadam
1319 2532 1452 2563 ratione
1476 2530 1599 2562 mutari
1617 2529 1709 2560 vide-

249 2589 343 2621 fusus
359 2590 402 2621 ad
419 2589 611 2631 spargenda
636 2589 765 2620 semina
779 2588 885 2619 Verbi
902 2587 951 2618 di-
1007 2591 1073 2616 tur.

250 2639 331 2671 vini.
1050 2631 1290 2674 Hominemque]
1314 2631 1467 2664 Christus
1484 2629 1589 2661 subiit
1603 2628 1711 2660 homi-

295 2694 334 2723 11
359 2691 483 2731 Medos]
505 2691 625 2722 Varias
640 2688 793 2730 corporis
810 2688 952 2728 hujusce
1007 2695 1096 2725 nem,
1112 2684 1191 2715 dum
1211 2693 1246 2715 se
1261 2684 1406 2715 humano
1423 2681 1558 2722 corpori
1573 2678 1711 2712 obnoxi-

252 2741 469 2782 mutationes,
495 2740 616 2783 quibus
650 2739 752 2772 modo
778 2748 862 2780 puer
890 2742 955 2779 est,
1009 2746 1064 2767 um
1079 2734 1245 2775 reddidit,
1257 2738 1295 2766 ut
1309 2733 1462 2765 omnibus
1478 2732 1593 2764 Deum
1607 2728 1713 2762 homi-
