<?xml version="1.0" encoding="UTF-8"?>
<!DOCTYPE html PUBLIC "-//W3C//DTD XHTML 1.0 Transitional//EN"
    "http://www.w3.org/TR/xhtml1/DTD/xhtml1-transitional.dtd">
<html xmlns="http://www.w3.org/1999/xhtml" xml:lang="en" lang="en">
 <head>
  <title>
</title>
<meta http-equiv="Content-Type" content="text/html;charset=utf-8" />
  <meta name='ocr-system' content='tesseract 3.04.00' />
  <meta name='ocr-capabilities' content='ocr_page ocr_carea ocr_par ocr_line ocrx_word'/>
</head>
<body>
  <div class='ocr_page' id='page_1' title='image "./operaomniaexedit03clauuoft_0367.png"; bbox 0 0 1852 3182; ppageno 0'>
   <div class='ocr_carea' id='block_1_1' title="bbox 524 221 686 252">
    <p class='ocr_par' dir='ltr' id='par_1_1' title="bbox 524 221 686 252">
     <span class='ocr_line' id='line_1_1' title="bbox 524 221 686 252; baseline -0.006 0"><span class='ocrx_word' id='word_1_1' title='bbox 524 223 586 252; x_wconf 81' lang='lat' dir='ltr'><strong>DE</strong></span> <span class='ocrx_word' id='word_1_2' title='bbox 621 221 686 251; x_wconf 74' lang='lat' dir='ltr'><strong>lv.</strong></span> 
     </span>
    </p>
   </div>
   <div class='ocr_carea' id='block_1_2' title="bbox 65 315 789 2819">
    <p class='ocr_par' dir='ltr' id='par_1_2' title="bbox 72 315 780 704">
     <span class='ocr_line' id='line_1_2' title="bbox 74 315 779 362; baseline -0.013 -10"><span class='ocrx_word' id='word_1_3' title='bbox 74 330 213 362; x_wconf 78' lang='lat' dir='ltr'><strong>quorum</strong></span> <span class='ocrx_word' id='word_1_4' title='bbox 231 319 364 351; x_wconf 89' lang='lat' dir='ltr'><strong>initium</strong></span> <span class='ocrx_word' id='word_1_5' title='bbox 384 317 474 348; x_wconf 84' lang='lat' dir='ltr'><strong>Hanc</strong></span> <span class='ocrx_word' id='word_1_6' title='bbox 490 320 591 346; x_wconf 77' lang='lat' dir='ltr'><strong>tumen</strong></span> <span class='ocrx_word' id='word_1_7' title='bbox 605 315 685 344; x_wconf 73' lang='lat' dir='ltr'><strong>haud</strong></span> <span class='ocrx_word' id='word_1_8' title='bbox 697 315 779 354; x_wconf 77' lang='lat' dir='ltr'><strong>quis-</strong></span> 
     </span>
     <span class='ocr_line' id='line_1_3' title="bbox 74 365 779 411; baseline -0.013 -8"><span class='ocrx_word' id='word_1_9' title='bbox 74 382 165 411; x_wconf 78' lang='lat' dir='ltr'><strong>quam</strong></span> <span class='ocrx_word' id='word_1_10' title='bbox 200 381 265 402; x_wconf 89' lang='lat' dir='ltr'><strong>non</strong></span> <span class='ocrx_word' id='word_1_11' title='bbox 301 366 522 399; x_wconf 78' lang='lat' dir='ltr'><strong>incommode.</strong></span> <span class='ocrx_word' id='word_1_12' title='bbox 553 374 629 394; x_wconf 78' lang='lat' dir='ltr'><strong>mox</strong></span> <span class='ocrx_word' id='word_1_13' title='bbox 662 365 779 394; x_wconf 72' lang='lat' dir='ltr'><strong>‹listin-</strong></span> 
     </span>
     <span class='ocr_line' id='line_1_4' title="bbox 75 413 779 461; baseline -0.014 -9"><span class='ocrx_word' id='word_1_14' title='bbox 75 421 242 461; x_wconf 67' lang='lat' dir='ltr'><strong>guenulnm</strong></span> <span class='ocrx_word' id='word_1_15' title='bbox 260 430 335 450; x_wconf 89' lang='lat' dir='ltr'><strong>cnm</strong></span> <span class='ocrx_word' id='word_1_16' title='bbox 356 417 447 447; x_wconf 85' lang='lat' dir='ltr'><strong>libris</strong></span> <span class='ocrx_word' id='word_1_17' title='bbox 467 415 613 445; x_wconf 68' lang='lat' dir='ltr'><strong>Proderit</strong></span> <span class='ocrx_word' id='word_1_18' title='bbox 629 413 779 445; x_wconf 58' lang='lat' dir='ltr'><strong>olm-curo?</strong></span> 
     </span>
     <span class='ocr_line' id='line_1_5' title="bbox 74 464 776 509; baseline -0.013 -7"><span class='ocrx_word' id='word_1_19' title='bbox 74 472 106 502; x_wconf 86' lang='lat' dir='ltr'><strong>id</strong></span> <span class='ocrx_word' id='word_1_20' title='bbox 125 478 189 509; x_wconf 87' lang='lat' dir='ltr'><strong>est,</strong></span> <span class='ocrx_word' id='word_1_21' title='bbox 208 469 330 501; x_wconf 80' lang='lat' dir='ltr'><strong>homini</strong></span> <span class='ocrx_word' id='word_1_22' title='bbox 354 468 481 508; x_wconf 73' lang='lat' dir='ltr'><strong>ignoto.</strong></span> <span class='ocrx_word' id='word_1_23' title='bbox 530 465 707 495; x_wconf 64' lang='lat' dir='ltr'><strong>Cluverius</strong></span> <span class='ocrx_word' id='word_1_24' title='bbox 729 464 776 493; x_wconf 82' lang='lat' dir='ltr'><strong>ob-</strong></span> 
     </span>
     <span class='ocr_line' id='line_1_6' title="bbox 72 515 780 557; baseline -0.011 -5"><span class='ocrx_word' id='word_1_25' title='bbox 72 532 192 552; x_wconf 77' lang='lat' dir='ltr'><strong>scurum</strong></span> <span class='ocrx_word' id='word_1_26' title='bbox 209 520 356 557; x_wconf 82' lang='lat' dir='ltr'><strong><em>remigem</em></strong></span> <span class='ocrx_word' id='word_1_27' title='bbox 383 515 494 546; x_wconf 86' lang='lat' dir='ltr'><strong>facete</strong></span> <span class='ocrx_word' id='word_1_28' title='bbox 520 515 780 554; x_wconf 69' lang='lat' dir='ltr'><strong>iuterpretatur,</strong></span> 
     </span>
     <span class='ocr_line' id='line_1_7' title="bbox 76 565 777 606; baseline -0.013 -4"><span class='ocrx_word' id='word_1_29' title='bbox 76 572 145 602; x_wconf 73' lang='lat' dir='ltr'><strong>sole</strong></span> <span class='ocrx_word' id='word_1_30' title='bbox 162 571 330 601; x_wconf 78' lang='lat' dir='ltr'><strong>adustum.</strong></span> <span class='ocrx_word' id='word_1_31' title='bbox 347 566 405 597; x_wconf 82' lang='lat' dir='ltr'><strong>sed</strong></span> <span class='ocrx_word' id='word_1_32' title='bbox 422 566 558 606; x_wconf 78' lang='lat' dir='ltr'><strong>decepit</strong></span> <span class='ocrx_word' id='word_1_33' title='bbox 576 566 666 595; x_wconf 87' lang='lat' dir='ltr'><strong>illum</strong></span> <span class='ocrx_word' id='word_1_34' title='bbox 686 565 777 595; x_wconf 81' lang='lat' dir='ltr'><strong>locus</strong></span> 
     </span>
     <span class='ocr_line' id='line_1_8' title="bbox 75 615 777 660; baseline -0.011 -9"><span class='ocrx_word' id='word_1_35' title='bbox 75 621 310 660; x_wconf 84' lang='lat' dir='ltr'><strong>interpolatus.</strong></span> <span class='ocrx_word' id='word_1_36' title='bbox 356 617 482 647; x_wconf 78' lang='lat' dir='ltr'><strong>Verum</strong></span> <span class='ocrx_word' id='word_1_37' title='bbox 503 615 587 645; x_wconf 83' lang='lat' dir='ltr'><strong>vidit</strong></span> <span class='ocrx_word' id='word_1_38' title='bbox 604 615 777 644; x_wconf 72' lang='lat' dir='ltr'><strong>Bartliius.</strong></span> 
     </span>
     <span class='ocr_line' id='line_1_9' title="bbox 80 671 250 704; baseline -0.018 0"><span class='ocrx_word' id='word_1_39' title='bbox 80 673 119 704; x_wconf 89' lang='lat' dir='ltr'><strong>D.</strong></span> <span class='ocrx_word' id='word_1_40' title='bbox 138 671 250 702; x_wconf 77' lang='lat' dir='ltr'><strong>Heius.</strong></span> 
     </span>
    </p>

    <p class='ocr_par' dir='ltr' id='par_1_3' title="bbox 67 715 781 1566">
     <span class='ocr_line' id='line_1_10' title="bbox 116 715 778 760; baseline -0.011 -8"><span class='ocrx_word' id='word_1_41' title='bbox 116 721 222 760; x_wconf 74' lang='lat' dir='ltr'><strong>Major</strong></span> <span class='ocrx_word' id='word_1_42' title='bbox 230 724 259 752; x_wconf 81' lang='lat' dir='ltr'><strong>et</strong></span> <span class='ocrx_word' id='word_1_43' title='bbox 270 720 378 751; x_wconf 72' lang='lat' dir='ltr'><strong>utilior</strong></span> <span class='ocrx_word' id='word_1_44' title='bbox 387 718 459 757; x_wconf 82' lang='lat' dir='ltr'><strong>suto</strong></span> <span class='ocrx_word' id='word_1_45' title='bbox 470 719 628 756; x_wconf 78' lang='lat' dir='ltr'><strong>conjunctu</strong></span> <span class='ocrx_word' id='word_1_46' title='bbox 642 715 778 756; x_wconf 73' lang='lat' dir='ltr'><strong>potenti]</strong></span> 
     </span>
     <span class='ocr_line' id='line_1_11' title="bbox 71 769 777 807; baseline -0.008 -4"><span class='ocrx_word' id='word_1_47' title='bbox 71 773 127 804; x_wconf 88' lang='lat' dir='ltr'><strong>De</strong></span> <span class='ocrx_word' id='word_1_48' title='bbox 145 772 268 802; x_wconf 79' lang='lat' dir='ltr'>illustri</span> <span class='ocrx_word' id='word_1_49' title='bbox 296 771 384 800; x_wconf 82' lang='lat' dir='ltr'><strong>enim</strong></span> <span class='ocrx_word' id='word_1_50' title='bbox 414 769 621 807; x_wconf 79' lang='lat' dir='ltr'><strong>Nobilitate,</strong></span> <span class='ocrx_word' id='word_1_51' title='bbox 648 776 777 807; x_wconf 59' lang='lat' dir='ltr'><strong>pra‘po-</strong></span> 
     </span>
     <span class='ocr_line' id='line_1_12' title="bbox 73 818 777 854; baseline -0.013 0"><span class='ocrx_word' id='word_1_52' title='bbox 73 828 168 854; x_wconf 86' lang='lat' dir='ltr'><strong>tente</strong></span> <span class='ocrx_word' id='word_1_53' title='bbox 183 822 350 853; x_wconf 87' lang='lat' dir='ltr'><strong>homiuum</strong></span> <span class='ocrx_word' id='word_1_54' title='bbox 380 821 530 851; x_wconf 87' lang='lat' dir='ltr'>Fortuna</span> <span class='ocrx_word' id='word_1_55' title='bbox 558 828 632 849; x_wconf 83' lang='lat' dir='ltr'><strong>cum</strong></span> <span class='ocrx_word' id='word_1_56' title='bbox 653 818 777 848; x_wconf 75' lang='lat' dir='ltr'><strong>virtute</strong></span> 
     </span>
     <span class='ocr_line' id='line_1_13' title="bbox 67 867 779 915; baseline -0.014 -10"><span class='ocrx_word' id='word_1_57' title='bbox 67 873 459 915; x_wconf 80' lang='lat' dir='ltr'><strong>jungenda‚R01nuimm</strong></span> <span class='ocrx_word' id='word_1_58' title='bbox 488 869 656 899; x_wconf 82' lang='lat' dir='ltr'><strong>hominem</strong></span> <span class='ocrx_word' id='word_1_59' title='bbox 683 867 779 897; x_wconf 87' lang='lat' dir='ltr'><strong>l’riu-</strong></span> 
     </span>
     <span class='ocr_line' id='line_1_14' title="bbox 74 917 779 965; baseline -0.014 -9"><span class='ocrx_word' id='word_1_60' title='bbox 74 925 250 965; x_wconf 85' lang='lat' dir='ltr'><strong>cipemqne</strong></span> <span class='ocrx_word' id='word_1_61' title='bbox 267 922 462 959; x_wconf 80' lang='lat' dir='ltr'><strong>instituens,</strong></span> <span class='ocrx_word' id='word_1_62' title='bbox 475 920 625 960; x_wconf 82' lang='lat' dir='ltr'><strong>loquitur</strong></span> <span class='ocrx_word' id='word_1_63' title='bbox 643 917 779 948; x_wconf 58' lang='lat' dir='ltr'><strong>(flandi-</strong></span> 
     </span>
     <span class='ocr_line' id='line_1_15' title="bbox 74 969 779 1009; baseline -0.014 -3"><span class='ocrx_word' id='word_1_64' title='bbox 74 985 168 1006; x_wconf 81' lang='lat' dir='ltr'><strong>anns.</strong></span> <span class='ocrx_word' id='word_1_65' title='bbox 215 976 330 1005; x_wconf 84' lang='lat' dir='ltr'><strong>Sermo</strong></span> <span class='ocrx_word' id='word_1_66' title='bbox 347 973 399 1003; x_wconf 84' lang='lat' dir='ltr'><strong>hic</strong></span> <span class='ocrx_word' id='word_1_67' title='bbox 417 971 523 1001; x_wconf 72' lang='lat' dir='ltr'><strong>omnis</strong></span> <span class='ocrx_word' id='word_1_68' title='bbox 541 974 604 1005; x_wconf 64' lang='lat' dir='ltr'><strong>est,</strong></span> <span class='ocrx_word' id='word_1_69' title='bbox 627 969 682 1009; x_wconf 81' lang='lat' dir='ltr'><strong>qui</strong></span> <span class='ocrx_word' id='word_1_70' title='bbox 711 978 779 998; x_wconf 88' lang='lat' dir='ltr'><strong>mo-</strong></span> 
     </span>
     <span class='ocr_line' id='line_1_16' title="bbox 74 1019 778 1056; baseline -0.014 0"><span class='ocrx_word' id='word_1_71' title='bbox 74 1035 127 1056; x_wconf 88' lang='lat' dir='ltr'><strong>res</strong></span> <span class='ocrx_word' id='word_1_72' title='bbox 164 1034 328 1055; x_wconf 90' lang='lat' dir='ltr'><strong>smnmum</strong></span> <span class='ocrx_word' id='word_1_73' title='bbox 358 1023 448 1052; x_wconf 84' lang='lat' dir='ltr'><strong>inter</strong></span> <span class='ocrx_word' id='word_1_74' title='bbox 486 1020 636 1050; x_wconf 72' lang='lat' dir='ltr'><strong>homiues</strong></span> <span class='ocrx_word' id='word_1_75' title='bbox 668 1019 778 1048; x_wconf 85' lang='lat' dir='ltr'><strong>locum</strong></span> 
     </span>
     <span class='ocr_line' id='line_1_17' title="bbox 74 1071 780 1112; baseline -0.013 -6"><span class='ocrx_word' id='word_1_76' title='bbox 74 1076 229 1106; x_wconf 81' lang='lat' dir='ltr'>deceant.</span> <span class='ocrx_word' id='word_1_77' title='bbox 277 1073 336 1103; x_wconf 82' lang='lat' dir='ltr'><strong>Ait</strong></span> <span class='ocrx_word' id='word_1_78' title='bbox 365 1073 468 1112; x_wconf 77' lang='lat' dir='ltr'><strong>igitur</strong></span> <span class='ocrx_word' id='word_1_79' title='bbox 495 1071 657 1100; x_wconf 86' lang='lat' dir='ltr'><strong>virtutem</strong></span> <span class='ocrx_word' id='word_1_80' title='bbox 686 1077 780 1097; x_wconf 73' lang='lat' dir='ltr'><strong>exse-</strong></span> 
     </span>
     <span class='ocr_line' id='line_1_18' title="bbox 74 1117 780 1161; baseline -0.011 -7"><span class='ocrx_word' id='word_1_81' title='bbox 74 1123 215 1154; x_wconf 85' lang='lat' dir='ltr'>rendam</span> <span class='ocrx_word' id='word_1_82' title='bbox 232 1123 304 1161; x_wconf 86' lang='lat' dir='ltr'><strong>ipso</strong></span> <span class='ocrx_word' id='word_1_83' title='bbox 322 1131 399 1158; x_wconf 86' lang='lat' dir='ltr'><strong>usu,</strong></span> <span class='ocrx_word' id='word_1_84' title='bbox 420 1119 567 1151; x_wconf 88' lang='lat' dir='ltr'><strong>omnium</strong></span> <span class='ocrx_word' id='word_1_85' title='bbox 594 1118 680 1148; x_wconf 83' lang='lat' dir='ltr'><strong>bono</strong></span> <span class='ocrx_word' id='word_1_86' title='bbox 697 1117 780 1156; x_wconf 83' lang='lat' dir='ltr'><strong>pub-</strong></span> 
     </span>
     <span class='ocr_line' id='line_1_19' title="bbox 75 1166 781 1207; baseline -0.011 -3"><span class='ocrx_word' id='word_1_87' title='bbox 75 1172 142 1204; x_wconf 88' lang='lat' dir='ltr'><strong>lico</strong></span> <span class='ocrx_word' id='word_1_88' title='bbox 171 1176 205 1202; x_wconf 89' lang='lat' dir='ltr'><strong>et</strong></span> <span class='ocrx_word' id='word_1_89' title='bbox 237 1169 420 1207; x_wconf 88' lang='lat' dir='ltr'><strong>communi,</strong></span> <span class='ocrx_word' id='word_1_90' title='bbox 457 1178 532 1199; x_wconf 91' lang='lat' dir='ltr'><strong>cum</strong></span> <span class='ocrx_word' id='word_1_91' title='bbox 567 1167 630 1198; x_wconf 91' lang='lat' dir='ltr'><strong>toti</strong></span> <span class='ocrx_word' id='word_1_92' title='bbox 664 1166 781 1206; x_wconf 79' lang='lat' dir='ltr'><strong>generi</strong></span> 
     </span>
     <span class='ocr_line' id='line_1_20' title="bbox 74 1217 779 1262; baseline -0.011 -8"><span class='ocrx_word' id='word_1_93' title='bbox 74 1224 218 1254; x_wconf 86' lang='lat' dir='ltr'><strong>humano</strong></span> <span class='ocrx_word' id='word_1_94' title='bbox 235 1220 394 1262; x_wconf 77' lang='lat' dir='ltr'>prodesse</span> <span class='ocrx_word' id='word_1_95' title='bbox 411 1219 519 1259; x_wconf 78' lang='lat' dir='ltr'><strong>possit</strong></span> <span class='ocrx_word' id='word_1_96' title='bbox 530 1217 572 1248; x_wconf 87' lang='lat' dir='ltr'><strong>ob</strong></span> <span class='ocrx_word' id='word_1_97' title='bbox 592 1217 779 1258; x_wconf 85' lang='lat' dir='ltr'><strong>potentiam</strong></span> 
     </span>
     <span class='ocr_line' id='line_1_21' title="bbox 76 1269 781 1315; baseline -0.01 -11"><span class='ocrx_word' id='word_1_98' title='bbox 76 1279 110 1306; x_wconf 80' lang='lat' dir='ltr'><strong>et</strong></span> <span class='ocrx_word' id='word_1_99' title='bbox 122 1283 214 1315; x_wconf 83' lang='lat' dir='ltr'><strong>opes.</strong></span> <span class='ocrx_word' id='word_1_100' title='bbox 239 1274 351 1304; x_wconf 85' lang='lat' dir='ltr'><strong>Acute</strong></span> <span class='ocrx_word' id='word_1_101' title='bbox 366 1271 474 1302; x_wconf 85' lang='lat' dir='ltr'><strong>tribus</strong></span> <span class='ocrx_word' id='word_1_102' title='bbox 487 1269 600 1300; x_wconf 81' lang='lat' dir='ltr'><strong>verbis</strong></span> <span class='ocrx_word' id='word_1_103' title='bbox 613 1269 781 1305; x_wconf 83' lang='lat' dir='ltr'><strong>Lucanus,</strong></span> 
     </span>
     <span class='ocr_line' id='line_1_22' title="bbox 76 1318 781 1363; baseline -0.011 -8"><span class='ocrx_word' id='word_1_104' title='bbox 76 1324 133 1356; x_wconf 88' lang='lat' dir='ltr'><strong>lib.</strong></span> <span class='ocrx_word' id='word_1_105' title='bbox 151 1333 202 1355; x_wconf 81' lang='grc' dir='ltr'><strong>ιν.</strong></span> <span class='ocrx_word' id='word_1_106' title='bbox 224 1324 232 1340; x_wconf 94' lang='lat'>‘</span> <span class='ocrx_word' id='word_1_107' title='bbox 249 1322 340 1363; x_wconf 83' lang='lat' dir='ltr'><strong>perit</strong></span> <span class='ocrx_word' id='word_1_108' title='bbox 366 1321 487 1352; x_wconf 85' lang='lat' dir='ltr'><strong>obruta</strong></span> <span class='ocrx_word' id='word_1_109' title='bbox 515 1319 620 1349; x_wconf 84' lang='lat' dir='ltr'><strong>virtus</strong></span> <span class='ocrx_word' id='word_1_110' title='bbox 637 1318 655 1348; x_wconf 72' lang='grc' dir='ltr'><strong>ι’</strong></span> <span class='ocrx_word' id='word_1_111' title='bbox 688 1322 781 1348; x_wconf 84' lang='lat' dir='ltr'><strong>tene-</strong></span> 
     </span>
     <span class='ocr_line' id='line_1_23' title="bbox 75 1367 781 1410; baseline -0.013 -5"><span class='ocrx_word' id='word_1_112' title='bbox 75 1375 143 1406; x_wconf 86' lang='lat' dir='ltr'><strong>bris</strong></span> <span class='ocrx_word' id='word_1_113' title='bbox 159 1373 313 1404; x_wconf 88' lang='lat' dir='ltr'><strong>nimirum</strong></span> <span class='ocrx_word' id='word_1_114' title='bbox 331 1377 367 1402; x_wconf 89' lang='lat' dir='ltr'><strong>et</strong></span> <span class='ocrx_word' id='word_1_115' title='bbox 388 1374 590 1410; x_wconf 80' lang='lat' dir='ltr'><strong>paupertate</strong></span> <span class='ocrx_word' id='word_1_116' title='bbox 605 1379 612 1399; x_wconf 71' lang='lat' dir='ltr'>z</span> <span class='ocrx_word' id='word_1_117' title='bbox 639 1373 708 1398; x_wconf 91' lang='lat' dir='ltr'><strong>tum</strong></span> <span class='ocrx_word' id='word_1_118' title='bbox 726 1367 781 1398; x_wconf 81' lang='lat' dir='ltr'><strong>‹lc-</strong></span> 
     </span>
     <span class='ocr_line' id='line_1_24' title="bbox 77 1418 781 1458; baseline -0.014 -2"><span class='ocrx_word' id='word_1_119' title='bbox 77 1435 166 1456; x_wconf 89' lang='lat' dir='ltr'><strong>mum</strong></span> <span class='ocrx_word' id='word_1_120' title='bbox 181 1424 269 1456; x_wconf 89' lang='lat' dir='ltr'><strong>enim</strong></span> <span class='ocrx_word' id='word_1_121' title='bbox 284 1427 336 1454; x_wconf 83' lang='lat' dir='ltr'><strong>est</strong></span> <span class='ocrx_word' id='word_1_122' title='bbox 364 1422 483 1458; x_wconf 79' lang='lat' dir='ltr'><strong>virtus,</strong></span> <span class='ocrx_word' id='word_1_123' title='bbox 500 1430 576 1450; x_wconf 86' lang='lat' dir='ltr'><strong>cum</strong></span> <span class='ocrx_word' id='word_1_124' title='bbox 594 1418 781 1448; x_wconf 76' lang='lat' dir='ltr'>accedente</span> 
     </span>
     <span class='ocr_line' id='line_1_25' title="bbox 78 1469 781 1516; baseline -0.014 -9"><span class='ocrx_word' id='word_1_125' title='bbox 78 1474 378 1516; x_wconf 79' lang='lat' dir='ltr'><strong>potestate,viget,</strong></span> <span class='ocrx_word' id='word_1_126' title='bbox 389 1476 425 1503; x_wconf 86' lang='lat' dir='ltr'><strong>et</strong></span> <span class='ocrx_word' id='word_1_127' title='bbox 438 1470 511 1501; x_wconf 87' lang='lat' dir='ltr'><strong>usui</strong></span> <span class='ocrx_word' id='word_1_128' title='bbox 525 1469 693 1500; x_wconf 86' lang='lat' dir='ltr'><strong>communi</strong></span> <span class='ocrx_word' id='word_1_129' title='bbox 708 1477 781 1498; x_wconf 83' lang='lat' dir='ltr'><strong>sese</strong></span> 
     </span>
     <span class='ocr_line' id='line_1_26' title="bbox 76 1523 398 1566; baseline -0.012 -9"><span class='ocrx_word' id='word_1_130' title='bbox 76 1524 257 1566; x_wconf 74' lang='lat' dir='ltr'><strong>impendit.</strong></span> <span class='ocrx_word' id='word_1_131' title='bbox 281 1523 398 1555; x_wconf 76' lang='lat' dir='ltr'><strong>Barth.</strong></span> 
     </span>
    </p>

    <p class='ocr_par' dir='ltr' id='par_1_4' title="bbox 77 1570 783 1858">
     <span class='ocr_line' id='line_1_27' title="bbox 122 1570 780 1614; baseline -0.012 -9"><span class='ocrx_word' id='word_1_132' title='bbox 122 1573 218 1614; x_wconf 73' lang='lat' dir='ltr'><strong>fato]</strong></span> <span class='ocrx_word' id='word_1_133' title='bbox 243 1573 363 1604; x_wconf 88' lang='lat' dir='ltr'><strong>Delrio</strong></span> <span class='ocrx_word' id='word_1_134' title='bbox 376 1571 566 1610; x_wconf 68' lang='lat' dir='ltr'><strong>legitfacto,</strong></span> <span class='ocrx_word' id='word_1_135' title='bbox 582 1570 644 1600; x_wconf 81' lang='lat' dir='ltr'><strong>hoc</strong></span> <span class='ocrx_word' id='word_1_136' title='bbox 658 1578 780 1598; x_wconf 84' lang='lat' dir='ltr'><strong>sensu:</strong></span> 
     </span>
     <span class='ocr_line' id='line_1_28' title="bbox 77 1618 783 1659; baseline -0.013 -3"><span class='ocrx_word' id='word_1_137' title='bbox 77 1624 302 1656; x_wconf 75' lang='lat' dir='ltr'><strong>excellentior</strong></span> <span class='ocrx_word' id='word_1_138' title='bbox 327 1623 398 1652; x_wconf 86' lang='lat' dir='ltr'><strong>scil.</strong></span> <span class='ocrx_word' id='word_1_139' title='bbox 431 1625 496 1658; x_wconf 81' lang='lat' dir='ltr'><strong>est,</strong></span> <span class='ocrx_word' id='word_1_140' title='bbox 522 1625 557 1650; x_wconf 86' lang='lat' dir='ltr'><strong>et</strong></span> <span class='ocrx_word' id='word_1_141' title='bbox 582 1620 656 1659; x_wconf 87' lang='lat' dir='ltr'><strong>plus</strong></span> <span class='ocrx_word' id='word_1_142' title='bbox 680 1618 783 1648; x_wconf 79' lang='lat' dir='ltr'><strong>liabet</strong></span> 
     </span>
     <span class='ocr_line' id='line_1_29' title="bbox 78 1670 782 1713; baseline -0.011 -7"><span class='ocrx_word' id='word_1_143' title='bbox 78 1673 299 1706; x_wconf 81' lang='lat' dir='ltr'><strong>emolumenti</strong></span> <span class='ocrx_word' id='word_1_144' title='bbox 327 1672 518 1713; x_wconf 77' lang='lat' dir='ltr'><strong>principum</strong></span> <span class='ocrx_word' id='word_1_145' title='bbox 547 1670 654 1700; x_wconf 85' lang='lat' dir='ltr'><strong>virtus</strong></span> <span class='ocrx_word' id='word_1_146' title='bbox 683 1678 782 1710; x_wconf 81' lang='lat' dir='ltr'><strong>qnam</strong></span> 
     </span>
     <span class='ocr_line' id='line_1_30' title="bbox 77 1719 783 1767; baseline -0.011 -11"><span class='ocrx_word' id='word_1_147' title='bbox 77 1724 289 1767; x_wconf 83' lang='lat' dir='ltr'><strong>plebeiorum</strong></span> <span class='ocrx_word' id='word_1_148' title='bbox 302 1733 310 1761; x_wconf 91' lang='lat'>;</span> <span class='ocrx_word' id='word_1_149' title='bbox 336 1722 414 1763; x_wconf 88' lang='lat' dir='ltr'><strong>qnia</strong></span> <span class='ocrx_word' id='word_1_150' title='bbox 427 1731 502 1751; x_wconf 82' lang='lat' dir='ltr'><strong>cum</strong></span> <span class='ocrx_word' id='word_1_151' title='bbox 517 1720 663 1751; x_wconf 89' lang='lat' dir='ltr'><strong>omnium</strong></span> <span class='ocrx_word' id='word_1_152' title='bbox 677 1719 783 1749; x_wconf 89' lang='lat' dir='ltr'><strong>oculis</strong></span> 
     </span>
     <span class='ocr_line' id='line_1_31' title="bbox 80 1768 783 1814; baseline -0.013 -7"><span class='ocrx_word' id='word_1_153' title='bbox 80 1776 128 1807; x_wconf 92' lang='lat' dir='ltr'><strong>illi</strong></span> <span class='ocrx_word' id='word_1_154' title='bbox 145 1775 214 1806; x_wconf 91' lang='lat' dir='ltr'><strong>sint</strong></span> <span class='ocrx_word' id='word_1_155' title='bbox 229 1773 389 1814; x_wconf 83' lang='lat' dir='ltr'><strong>expositi,</strong></span> <span class='ocrx_word' id='word_1_156' title='bbox 415 1773 472 1802; x_wconf 93' lang='lat' dir='ltr'><strong>illa</strong></span> <span class='ocrx_word' id='word_1_157' title='bbox 489 1779 623 1812; x_wconf 87' lang='lat' dir='ltr'><strong>quoque</strong></span> <span class='ocrx_word' id='word_1_158' title='bbox 648 1775 719 1799; x_wconf 86' lang='lat' dir='ltr'><strong>tum</strong></span> <span class='ocrx_word' id='word_1_159' title='bbox 736 1768 783 1799; x_wconf 83' lang='lat' dir='ltr'><strong>fa-</strong></span> 
     </span>
     <span class='ocr_line' id='line_1_32' title="bbox 79 1822 525 1858; baseline -0.016 0"><span class='ocrx_word' id='word_1_160' title='bbox 79 1826 177 1858; x_wconf 87' lang='lat' dir='ltr'><strong>cilius</strong></span> <span class='ocrx_word' id='word_1_161' title='bbox 192 1824 369 1855; x_wconf 84' lang='lat' dir='ltr'><strong>elucescit.</strong></span> <span class='ocrx_word' id='word_1_162' title='bbox 401 1822 525 1853; x_wconf 66' lang='lat' dir='ltr'><strong>Deliio.</strong></span> 
     </span>
    </p>

    <p class='ocr_par' dir='ltr' id='par_1_5' title="bbox 80 1869 788 2165">
     <span class='ocr_line' id='line_1_33' title="bbox 123 1869 787 1912; baseline -0.012 -5"><span class='ocrx_word' id='word_1_163' title='bbox 123 1878 187 1907; x_wconf 79' lang='lat'><strong>222</strong></span> <span class='ocrx_word' id='word_1_164' title='bbox 215 1875 283 1907; x_wconf 78' lang='lat' dir='ltr'><strong>Vile</strong></span> <span class='ocrx_word' id='word_1_165' title='bbox 321 1874 420 1904; x_wconf 82' lang='lat' dir='ltr'><strong>latens</strong></span> <span class='ocrx_word' id='word_1_166' title='bbox 448 1872 564 1912; x_wconf 71' lang='lat' dir='ltr'><strong>virtus]</strong></span> <span class='ocrx_word' id='word_1_167' title='bbox 607 1869 787 1901; x_wconf 78' lang='lat' dir='ltr'><strong>Destituta</strong></span> 
     </span>
     <span class='ocr_line' id='line_1_34' title="bbox 80 1920 786 1966; baseline -0.013 -9"><span class='ocrx_word' id='word_1_168' title='bbox 80 1925 164 1966; x_wconf 75' lang='lat' dir='ltr'><strong>fato,</strong></span> <span class='ocrx_word' id='word_1_169' title='bbox 185 1925 306 1956; x_wconf 83' lang='lat' dir='ltr'><strong>accisis</strong></span> <span class='ocrx_word' id='word_1_170' title='bbox 334 1923 454 1964; x_wconf 86' lang='lat' dir='ltr'><strong>pennis</strong></span> <span class='ocrx_word' id='word_1_171' title='bbox 471 1920 616 1951; x_wconf 83' lang='lat' dir='ltr'><strong>humilis.</strong></span> <span class='ocrx_word' id='word_1_172' title='bbox 662 1920 786 1950; x_wconf 88' lang='lat' dir='ltr'><strong>Laten-</strong></span> 
     </span>
     <span class='ocr_line' id='line_1_35' title="bbox 80 1968 786 2014; baseline -0.011 -8"><span class='ocrx_word' id='word_1_173' title='bbox 80 1976 163 2007; x_wconf 85' lang='lat' dir='ltr'><strong>tium</strong></span> <span class='ocrx_word' id='word_1_174' title='bbox 188 1983 384 2014; x_wconf 84' lang='lat' dir='ltr'><strong>magnarum</strong></span> <span class='ocrx_word' id='word_1_175' title='bbox 411 1981 520 2002; x_wconf 86' lang='lat' dir='ltr'><strong>rernm</strong></span> <span class='ocrx_word' id='word_1_176' title='bbox 549 1970 641 2000; x_wconf 88' lang='lat' dir='ltr'><strong>nulla</strong></span> <span class='ocrx_word' id='word_1_177' title='bbox 668 1968 786 2008; x_wconf 82' lang='lat' dir='ltr'><strong>gloria.</strong></span> 
     </span>
     <span class='ocr_line' id='line_1_36' title="bbox 81 2020 784 2060; baseline -0.01 -4"><span class='ocrx_word' id='word_1_178' title='bbox 81 2027 164 2059; x_wconf 80' lang='lat' dir='ltr'><strong>Jesu</strong></span> <span class='ocrx_word' id='word_1_179' title='bbox 194 2025 324 2060; x_wconf 81' lang='lat' dir='ltr'><strong>Siracli,</strong></span> <span class='ocrx_word' id='word_1_180' title='bbox 351 2033 380 2054; x_wconf 91' lang='lat' dir='ltr'><strong>c.</strong></span> <span class='ocrx_word' id='word_1_181' title='bbox 409 2026 462 2053; x_wconf 82' lang='lat'><strong>20.</strong></span> <span class='ocrx_word' id='word_1_182' title='bbox 493 2026 608 2052; x_wconf 89' lang='lat' dir='ltr'><strong>notum</strong></span> <span class='ocrx_word' id='word_1_183' title='bbox 635 2020 784 2050; x_wconf 85' lang='lat' dir='ltr'><strong>dictum:</strong></span> 
     </span>
     <span class='ocr_line' id='line_1_37' title="bbox 82 2070 788 2112; baseline -0.011 -4"><span class='ocrx_word' id='word_1_184' title='bbox 82 2077 92 2094; x_wconf 92' lang='lat'>‘</span> <span class='ocrx_word' id='word_1_185' title='bbox 107 2077 301 2108; x_wconf 74' lang='lat' dir='ltr'><strong>Thesaurus</strong></span> <span class='ocrx_word' id='word_1_186' title='bbox 316 2074 455 2112; x_wconf 75' lang='lat' dir='ltr'><strong>invisus,</strong></span> <span class='ocrx_word' id='word_1_187' title='bbox 473 2077 507 2103; x_wconf 89' lang='lat' dir='ltr'><strong>et</strong></span> <span class='ocrx_word' id='word_1_188' title='bbox 531 2071 701 2111; x_wconf 80' lang='lat' dir='ltr'><strong>sapientia</strong></span> <span class='ocrx_word' id='word_1_189' title='bbox 715 2070 788 2101; x_wconf 84' lang='lat' dir='ltr'><strong>abs-</strong></span> 
     </span>
     <span class='ocr_line' id='line_1_38' title="bbox 84 2121 619 2165; baseline -0.015 -6"><span class='ocrx_word' id='word_1_190' title='bbox 84 2127 238 2164; x_wconf 86' lang='lat' dir='ltr'><strong>condita,</strong></span> <span class='ocrx_word' id='word_1_191' title='bbox 255 2135 329 2165; x_wconf 82' lang='lat' dir='ltr'><strong>quae</strong></span> <span class='ocrx_word' id='word_1_192' title='bbox 348 2124 475 2154; x_wconf 81' lang='lat' dir='ltr'><strong>utilitas</strong></span> <span class='ocrx_word' id='word_1_193' title='bbox 495 2123 528 2152; x_wconf 90' lang='lat' dir='ltr'><strong>iu</strong></span> <span class='ocrx_word' id='word_1_194' title='bbox 546 2122 585 2152; x_wconf 88' lang='lat' dir='ltr'><strong>iis</strong></span> <span class='ocrx_word' id='word_1_195' title='bbox 598 2121 619 2151; x_wconf 78' lang='lat'><strong>?&#39;</strong></span> 
     </span>
    </p>

    <p class='ocr_par' dir='ltr' id='par_1_6' title="bbox 82 2171 786 2266">
     <span class='ocr_line' id='line_1_39' title="bbox 133 2171 786 2216; baseline -0.012 -8"><span class='ocrx_word' id='word_1_196' title='bbox 133 2177 216 2216; x_wconf 83' lang='lat' dir='ltr'><strong>Vile]</strong></span> <span class='ocrx_word' id='word_1_197' title='bbox 241 2174 427 2215; x_wconf 69' lang='lat' dir='ltr'><strong>Negotium</strong></span> <span class='ocrx_word' id='word_1_198' title='bbox 468 2172 608 2203; x_wconf 77' lang='lat' dir='ltr'><strong>scilicet.</strong></span> <span class='ocrx_word' id='word_1_199' title='bbox 666 2171 786 2201; x_wconf 85' lang='lat' dir='ltr'><strong>Maro:</strong></span> 
     </span>
     <span class='ocr_line' id='line_1_40' title="bbox 82 2220 690 2266; baseline -0.016 -6"><span class='ocrx_word' id='word_1_200' title='bbox 82 2231 92 2246; x_wconf 88' lang='lat'>‘</span> <span class='ocrx_word' id='word_1_201' title='bbox 106 2228 220 2260; x_wconf 81' lang='lat' dir='ltr'>Dulce</span> <span class='ocrx_word' id='word_1_202' title='bbox 238 2235 338 2266; x_wconf 83' lang='lat' dir='ltr'><strong>sopor</strong></span> <span class='ocrx_word' id='word_1_203' title='bbox 355 2224 449 2255; x_wconf 72' lang='lat' dir='ltr'><strong>fessis</strong></span> <span class='ocrx_word' id='word_1_204' title='bbox 465 2223 496 2252; x_wconf 89' lang='lat' dir='ltr'><strong>iu</strong></span> <span class='ocrx_word' id='word_1_205' title='bbox 515 2220 690 2261; x_wconf 61' lang='lat' dir='ltr'><strong>gramine!</strong></span> 
     </span>
    </p>

    <p class='ocr_par' dir='ltr' id='par_1_7' title="bbox 86 2270 787 2362">
     <span class='ocr_line' id='line_1_41' title="bbox 127 2270 787 2313; baseline -0.012 -5"><span class='ocrx_word' id='word_1_206' title='bbox 127 2277 291 2309; x_wconf 75' lang='lat' dir='ltr'><strong>Submersa</strong></span> <span class='ocrx_word' id='word_1_207' title='bbox 307 2273 456 2313; x_wconf 73' lang='lat' dir='ltr'><strong>tenebris]</strong></span> <span class='ocrx_word' id='word_1_208' title='bbox 484 2272 715 2313; x_wconf 76' lang='lat' dir='ltr'><strong>Igiiobilitate,</strong></span> <span class='ocrx_word' id='word_1_209' title='bbox 729 2270 787 2301; x_wconf 87' lang='lat' dir='ltr'><strong>ob-</strong></span> 
     </span>
     <span class='ocr_line' id='line_1_42' title="bbox 86 2325 402 2362; baseline -0.022 -1"><span class='ocrx_word' id='word_1_210' title='bbox 86 2328 261 2362; x_wconf 86' lang='lat' dir='ltr'><strong>scuritate.</strong></span> <span class='ocrx_word' id='word_1_211' title='bbox 285 2325 402 2357; x_wconf 81' lang='lat' dir='ltr'><strong>Barth.</strong></span> 
     </span>
    </p>

    <p class='ocr_par' dir='ltr' id='par_1_8' title="bbox 65 2372 789 2819">
     <span class='ocr_line' id='line_1_43' title="bbox 127 2372 787 2416; baseline -0.017 -5"><span class='ocrx_word' id='word_1_212' title='bbox 127 2382 190 2411; x_wconf 80' lang='lat'><strong>223</strong></span> <span class='ocrx_word' id='word_1_213' title='bbox 215 2376 378 2416; x_wconf 82' lang='lat' dir='ltr'><strong>Proderit]</strong></span> <span class='ocrx_word' id='word_1_214' title='bbox 404 2374 533 2406; x_wconf 77' lang='lat' dir='ltr'><strong>Nativa</strong></span> <span class='ocrx_word' id='word_1_215' title='bbox 558 2373 617 2403; x_wconf 86' lang='lat' dir='ltr'><strong>illa</strong></span> <span class='ocrx_word' id='word_1_216' title='bbox 633 2377 668 2403; x_wconf 90' lang='lat' dir='ltr'><strong>et</strong></span> <span class='ocrx_word' id='word_1_217' title='bbox 697 2372 787 2412; x_wconf 83' lang='lat' dir='ltr'><strong>inge-</strong></span> 
     </span>
     <span class='ocr_line' id='line_1_44' title="bbox 85 2422 787 2462; baseline -0.016 0"><span class='ocrx_word' id='word_1_218' title='bbox 85 2431 157 2462; x_wconf 85' lang='lat' dir='ltr'><strong>nita</strong></span> <span class='ocrx_word' id='word_1_219' title='bbox 181 2427 342 2460; x_wconf 87' lang='lat' dir='ltr'><strong>Heroicis</strong></span> <span class='ocrx_word' id='word_1_220' title='bbox 370 2424 540 2457; x_wconf 87' lang='lat' dir='ltr'><strong>natalibus</strong></span> <span class='ocrx_word' id='word_1_221' title='bbox 569 2422 697 2453; x_wconf 87' lang='lat' dir='ltr'><strong>semina</strong></span> <span class='ocrx_word' id='word_1_222' title='bbox 722 2422 787 2452; x_wconf 92' lang='lat' dir='ltr'><strong>vir-</strong></span> 
     </span>
     <span class='ocr_line' id='line_1_45' title="bbox 87 2472 787 2515; baseline -0.017 -2"><span class='ocrx_word' id='word_1_223' title='bbox 87 2481 169 2513; x_wconf 82' lang='lat' dir='ltr'><strong>tutis</strong></span> <span class='ocrx_word' id='word_1_224' title='bbox 192 2477 363 2510; x_wconf 84' lang='lat' dir='ltr'><strong>exerenda</strong></span> <span class='ocrx_word' id='word_1_225' title='bbox 385 2486 445 2507; x_wconf 90' lang='lat' dir='ltr'><strong>usu</strong></span> <span class='ocrx_word' id='word_1_226' title='bbox 474 2475 532 2515; x_wconf 92' lang='lat' dir='ltr'><strong>ait,</strong></span> <span class='ocrx_word' id='word_1_227' title='bbox 547 2483 624 2505; x_wconf 85' lang='lat' dir='ltr'><strong>cum</strong></span> <span class='ocrx_word' id='word_1_228' title='bbox 638 2472 787 2512; x_wconf 88' lang='lat' dir='ltr'><strong>alioquin</strong></span> 
     </span>
     <span class='ocr_line' id='line_1_46' title="bbox 85 2524 788 2570; baseline -0.014 -7"><span class='ocrx_word' id='word_1_229' title='bbox 85 2532 178 2563; x_wconf 89' lang='lat' dir='ltr'><strong>nulla</strong></span> <span class='ocrx_word' id='word_1_230' title='bbox 194 2532 273 2568; x_wconf 90' lang='lat' dir='ltr'><strong>sint,</strong></span> <span class='ocrx_word' id='word_1_231' title='bbox 291 2538 364 2570; x_wconf 83' lang='lat' dir='ltr'><strong>quae</strong></span> <span class='ocrx_word' id='word_1_232' title='bbox 390 2526 515 2558; x_wconf 86' lang='lat' dir='ltr'><strong>nemini</strong></span> <span class='ocrx_word' id='word_1_233' title='bbox 534 2524 677 2565; x_wconf 84' lang='lat' dir='ltr'><strong>prosint.</strong></span> <span class='ocrx_word' id='word_1_234' title='bbox 724 2524 788 2554; x_wconf 88' lang='lat' dir='ltr'><strong>Lu-</strong></span> 
     </span>
     <span class='ocr_line' id='line_1_47' title="bbox 65 2574 788 2621; baseline -0.014 -8"><span class='ocrx_word' id='word_1_235' title='bbox 65 2591 68 2593; x_wconf 87' lang='lat'>·</span> <span class='ocrx_word' id='word_1_236' title='bbox 87 2582 172 2613; x_wconf 88' lang='lat' dir='ltr'><strong>dunt</strong></span> <span class='ocrx_word' id='word_1_237' title='bbox 198 2581 252 2621; x_wconf 89' lang='lat' dir='ltr'><strong>qui</strong></span> <span class='ocrx_word' id='word_1_238' title='bbox 293 2580 358 2610; x_wconf 91' lang='lat' dir='ltr'><strong>alia</strong></span> <span class='ocrx_word' id='word_1_239' title='bbox 392 2578 444 2608; x_wconf 78' lang='lat' dir='ltr'><strong>liic</strong></span> <span class='ocrx_word' id='word_1_240' title='bbox 478 2574 788 2608; x_wconf 86' lang='lat' dir='ltr'><strong>comminiscuntur.</strong></span> 
     </span>
     <span class='ocr_line' id='line_1_48' title="bbox 87 2624 788 2666; baseline -0.011 -4"><span class='ocrx_word' id='word_1_241' title='bbox 87 2632 258 2663; x_wconf 83' lang='lat' dir='ltr'><strong>Virtutem</strong></span> <span class='ocrx_word' id='word_1_242' title='bbox 276 2629 322 2660; x_wconf 88' lang='lat' dir='ltr'><strong>nil</strong></span> <span class='ocrx_word' id='word_1_243' title='bbox 340 2629 402 2660; x_wconf 92' lang='lat' dir='ltr'><strong>vile</strong></span> <span class='ocrx_word' id='word_1_244' title='bbox 420 2628 554 2666; x_wconf 82' lang='lat' dir='ltr'><strong>decere,</strong></span> <span class='ocrx_word' id='word_1_245' title='bbox 570 2626 618 2657; x_wconf 87' lang='lat' dir='ltr'><strong>ait</strong></span> <span class='ocrx_word' id='word_1_246' title='bbox 634 2624 788 2656; x_wconf 90' lang='lat' dir='ltr'><strong>Pruden-</strong></span> 
     </span>
     <span class='ocr_line' id='line_1_49' title="bbox 90 2678 788 2720; baseline -0.009 -8"><span class='ocrx_word' id='word_1_247' title='bbox 90 2682 158 2713; x_wconf 84' lang='lat' dir='ltr'><strong>tius</strong></span> <span class='ocrx_word' id='word_1_248' title='bbox 174 2681 207 2710; x_wconf 89' lang='lat' dir='ltr'><strong>in</strong></span> <span class='ocrx_word' id='word_1_249' title='bbox 233 2679 484 2720; x_wconf 81' lang='lat' dir='ltr'><strong>Symmachum,</strong></span> <span class='ocrx_word' id='word_1_250' title='bbox 511 2678 567 2719; x_wconf 90' lang='lat' dir='ltr'><strong>qui</strong></span> <span class='ocrx_word' id='word_1_251' title='bbox 596 2682 632 2708; x_wconf 90' lang='lat' dir='ltr'><strong>et</strong></span> <span class='ocrx_word' id='word_1_252' title='bbox 658 2681 788 2707; x_wconf 84' lang='lat' dir='ltr'><strong>statuas</strong></span> 
     </span>
     <span class='ocr_line' id='line_1_50' title="bbox 91 2727 788 2770; baseline -0.007 -8"><span class='ocrx_word' id='word_1_253' title='bbox 91 2739 206 2763; x_wconf 90' lang='lat' dir='ltr'><strong>omnes</strong></span> <span class='ocrx_word' id='word_1_254' title='bbox 223 2739 263 2760; x_wconf 89' lang='lat' dir='ltr'><strong>ea</strong></span> <span class='ocrx_word' id='word_1_255' title='bbox 278 2730 398 2769; x_wconf 85' lang='lat' dir='ltr'><strong>gratia,</strong></span> <span class='ocrx_word' id='word_1_256' title='bbox 413 2734 448 2760; x_wconf 89' lang='lat' dir='ltr'><strong>et</strong></span> <span class='ocrx_word' id='word_1_257' title='bbox 475 2728 635 2770; x_wconf 87' lang='lat' dir='ltr'><strong>quicquid</strong></span> <span class='ocrx_word' id='word_1_258' title='bbox 661 2727 788 2768; x_wconf 87' lang='lat' dir='ltr'><strong>peritu-</strong></span> 
     </span>
     <span class='ocr_line' id='line_1_51' title="bbox 90 2776 789 2819; baseline -0.007 -6"><span class='ocrx_word' id='word_1_259' title='bbox 90 2791 164 2813; x_wconf 87' lang='lat' dir='ltr'><strong>rum</strong></span> <span class='ocrx_word' id='word_1_260' title='bbox 178 2778 339 2812; x_wconf 84' lang='lat' dir='ltr'><strong>mortales</strong></span> <span class='ocrx_word' id='word_1_261' title='bbox 355 2778 483 2818; x_wconf 88' lang='lat' dir='ltr'><strong>colunt,</strong></span> <span class='ocrx_word' id='word_1_262' title='bbox 497 2778 598 2819; x_wconf 84' lang='lat' dir='ltr'><strong>longe</strong></span> <span class='ocrx_word' id='word_1_263' title='bbox 614 2777 702 2809; x_wconf 86' lang='lat' dir='ltr'><strong>illius</strong></span> <span class='ocrx_word' id='word_1_264' title='bbox 718 2776 789 2816; x_wconf 82' lang='lat' dir='ltr'><strong>dig—</strong></span> 
     </span>
    </p>
   </div>
   <div class='ocr_carea' id='block_1_3' title="bbox 719 221 1078 250">
    <p class='ocr_par' dir='ltr' id='par_1_9' title="bbox 719 221 1078 250">
     <span class='ocr_line' id='line_1_52' title="bbox 719 221 1078 250; baseline -0.003 0"><span class='ocrx_word' id='word_1_265' title='bbox 719 221 857 250; x_wconf 81' lang='lat' dir='ltr'><strong>coNS.</strong></span> <span class='ocrx_word' id='word_1_266' title='bbox 891 221 1078 250; x_wconf 82' lang='lat' dir='ltr'><strong>HONOR.</strong></span> 
     </span>
    </p>
   </div>
   <div class='ocr_carea' id='block_1_4' title="bbox 1420 208 1531 249">
    <p class='ocr_par' dir='ltr' id='par_1_10' title="bbox 1420 208 1531 249">
     <span class='ocr_line' id='line_1_53' title="bbox 1420 208 1531 249; baseline 0 -1"><span class='ocrx_word' id='word_1_267' title='bbox 1420 208 1531 249; x_wconf 77' lang='lat'>13:39</span> 
     </span>
    </p>
   </div>
   <div class='ocr_carea' id='block_1_5' title="bbox 828 312 1541 2814">
    <p class='ocr_par' dir='ltr' id='par_1_11' title="bbox 831 312 1423 345">
     <span class='ocr_line' id='line_1_54' title="bbox 831 312 1423 345; baseline -0.007 0"><span class='ocrx_word' id='word_1_268' title='bbox 831 315 939 345; x_wconf 83' lang='lat' dir='ltr'><strong>nitate</strong></span> <span class='ocrx_word' id='word_1_269' title='bbox 956 314 1096 345; x_wconf 81' lang='lat' dir='ltr'><strong>iuferius</strong></span> <span class='ocrx_word' id='word_1_270' title='bbox 1112 321 1185 343; x_wconf 82' lang='lat' dir='ltr'><strong>esse</strong></span> <span class='ocrx_word' id='word_1_271' title='bbox 1203 313 1305 342; x_wconf 87' lang='lat' dir='ltr'><strong>cauit.</strong></span> <span class='ocrx_word' id='word_1_272' title='bbox 1331 312 1423 342; x_wconf 78' lang='lat' dir='ltr'><strong>Idem.</strong></span> 
     </span>
    </p>

    <p class='ocr_par' dir='ltr' id='par_1_12' title="bbox 831 360 1532 446">
     <span class='ocr_line' id='line_1_55' title="bbox 873 360 1532 404; baseline -0.005 -9"><span class='ocrx_word' id='word_1_273' title='bbox 873 367 935 395; x_wconf 66' lang='lat'><strong>224</strong></span> <span class='ocrx_word' id='word_1_274' title='bbox 964 365 1063 404; x_wconf 76' lang='lat' dir='ltr'><strong>Lyra,</strong></span> <span class='ocrx_word' id='word_1_275' title='bbox 1100 372 1167 402; x_wconf 73' lang='lat' dir='ltr'><strong>quw</strong></span> <span class='ocrx_word' id='word_1_276' title='bbox 1203 360 1328 400; x_wconf 77' lang='lat' dir='ltr'><strong>reticet]</strong></span> <span class='ocrx_word' id='word_1_277' title='bbox 1375 362 1532 392; x_wconf 83' lang='lat' dir='ltr'><strong>Occultae</strong></span> 
     </span>
     <span class='ocr_line' id='line_1_56' title="bbox 831 414 1234 446; baseline -0.007 -1"><span class='ocrx_word' id='word_1_278' title='bbox 831 416 971 446; x_wconf 65' lang='lat' dir='ltr'><strong>Musica*</strong></span> <span class='ocrx_word' id='word_1_279' title='bbox 989 415 1098 444; x_wconf 77' lang='lat' dir='ltr'><strong>nullus</strong></span> <span class='ocrx_word' id='word_1_280' title='bbox 1121 414 1234 443; x_wconf 80' lang='lat' dir='ltr'><strong>lionos.</strong></span> 
     </span>
    </p>

    <p class='ocr_par' dir='ltr' id='par_1_13' title="bbox 829 460 1532 604">
     <span class='ocr_line' id='line_1_57' title="bbox 875 460 1532 500; baseline -0.006 -7"><span class='ocrx_word' id='word_1_281' title='bbox 875 467 937 500; x_wconf 79' lang='lat' dir='ltr'><strong>Qui</strong></span> <span class='ocrx_word' id='word_1_282' title='bbox 962 475 1021 495; x_wconf 82' lang='lat' dir='ltr'><strong>uon</strong></span> <span class='ocrx_word' id='word_1_283' title='bbox 1044 464 1184 494; x_wconf 73' lang='lat' dir='ltr'><strong>tenditur</strong></span> <span class='ocrx_word' id='word_1_284' title='bbox 1208 460 1313 499; x_wconf 80' lang='lat' dir='ltr'><strong>arcus]</strong></span> <span class='ocrx_word' id='word_1_285' title='bbox 1347 460 1462 490; x_wconf 78' lang='lat' dir='ltr'><strong>Simile</strong></span> <span class='ocrx_word' id='word_1_286' title='bbox 1491 461 1532 490; x_wconf 79' lang='lat' dir='ltr'><strong>ab</strong></span> 
     </span>
     <span class='ocr_line' id='line_1_58' title="bbox 830 511 1532 555; baseline -0.009 -10"><span class='ocrx_word' id='word_1_287' title='bbox 830 516 942 553; x_wconf 78' lang='lat' dir='ltr'><strong>armis,</strong></span> <span class='ocrx_word' id='word_1_288' title='bbox 959 526 1046 555; x_wconf 65' lang='lat' dir='ltr'><strong>quae,</strong></span> <span class='ocrx_word' id='word_1_289' title='bbox 1075 515 1134 545; x_wconf 90' lang='lat' dir='ltr'><strong>nisi</strong></span> <span class='ocrx_word' id='word_1_290' title='bbox 1162 516 1382 552; x_wconf 82' lang='lat' dir='ltr'><strong>usurpentur,</strong></span> <span class='ocrx_word' id='word_1_291' title='bbox 1411 511 1532 540; x_wconf 86' lang='lat' dir='ltr'><strong>nullius</strong></span> 
     </span>
     <span class='ocr_line' id='line_1_59' title="bbox 829 560 1406 604; baseline -0.009 -10"><span class='ocrx_word' id='word_1_292' title='bbox 829 571 905 594; x_wconf 79' lang='lat' dir='ltr'><strong>sunt</strong></span> <span class='ocrx_word' id='word_1_293' title='bbox 925 564 1025 604; x_wconf 69' lang='lat' dir='ltr'><strong>pretii</strong></span> <span class='ocrx_word' id='word_1_294' title='bbox 1043 565 1096 593; x_wconf 77' lang='lat' dir='ltr'><strong>vel</strong></span> <span class='ocrx_word' id='word_1_295' title='bbox 1114 562 1264 593; x_wconf 70' lang='lat' dir='ltr'><strong>effectus.</strong></span> <span class='ocrx_word' id='word_1_296' title='bbox 1291 560 1406 591; x_wconf 73' lang='lat' dir='ltr'><strong>Barth.</strong></span> 
     </span>
    </p>

    <p class='ocr_par' dir='ltr' id='par_1_14' title="bbox 828 610 1536 1148">
     <span class='ocr_line' id='line_1_60' title="bbox 870 610 1535 653; baseline -0.011 -7"><span class='ocrx_word' id='word_1_297' title='bbox 870 618 932 646; x_wconf 78' lang='lat'><strong>⁵225</strong></span> <span class='ocrx_word' id='word_1_298' title='bbox 959 615 1212 653; x_wconf 59' lang='lat' dir='ltr'><strong>Agnou-erumna</strong></span> <span class='ocrx_word' id='word_1_299' title='bbox 1224 611 1342 650; x_wconf 64' lang='lat' dir='ltr'><strong>Setuci]</strong></span> <span class='ocrx_word' id='word_1_300' title='bbox 1367 610 1535 649; x_wconf 81' lang='lat' dir='ltr'><strong>Animam,</strong></span> 
     </span>
     <span class='ocr_line' id='line_1_61' title="bbox 829 661 1534 706; baseline -0.009 -10"><span class='ocrx_word' id='word_1_301' title='bbox 829 675 966 706; x_wconf 81' lang='lat' dir='ltr'><strong>corpus,</strong></span> <span class='ocrx_word' id='word_1_302' title='bbox 983 664 1139 701; x_wconf 81' lang='lat' dir='ltr'><strong>affectus,</strong></span> <span class='ocrx_word' id='word_1_303' title='bbox 1151 668 1367 703; x_wconf 83' lang='lat' dir='ltr'><strong>potestatem.</strong></span> <span class='ocrx_word' id='word_1_304' title='bbox 1414 661 1455 691; x_wconf 92' lang='lat' dir='ltr'><strong>Iu</strong></span> <span class='ocrx_word' id='word_1_305' title='bbox 1472 661 1534 691; x_wconf 86' lang='lat' dir='ltr'><strong>hoc</strong></span> 
     </span>
     <span class='ocr_line' id='line_1_62' title="bbox 829 712 1534 755; baseline -0.01 -8"><span class='ocrx_word' id='word_1_306' title='bbox 829 726 961 747; x_wconf 88' lang='lat' dir='ltr'><strong>omnem</strong></span> <span class='ocrx_word' id='word_1_307' title='bbox 990 715 1191 755; x_wconf 79' lang='lat' dir='ltr'><strong>sapientiam</strong></span> <span class='ocrx_word' id='word_1_308' title='bbox 1222 712 1432 743; x_wconf 82' lang='lat' dir='ltr'><strong>reconditam</strong></span> <span class='ocrx_word' id='word_1_309' title='bbox 1460 720 1534 741; x_wconf 85' lang='lat' dir='ltr'><strong>esse</strong></span> 
     </span>
     <span class='ocr_line' id='line_1_63' title="bbox 828 762 1535 798; baseline -0.011 0"><span class='ocrx_word' id='word_1_310' title='bbox 828 767 1058 798; x_wconf 72' lang='lat' dir='ltr'><strong>vetustissima</strong></span> <span class='ocrx_word' id='word_1_311' title='bbox 1074 765 1176 796; x_wconf 80' lang='lat' dir='ltr'><strong>docet</strong></span> <span class='ocrx_word' id='word_1_312' title='bbox 1192 763 1358 794; x_wconf 85' lang='lat' dir='ltr'><strong>eruditio:</strong></span> <span class='ocrx_word' id='word_1_313' title='bbox 1385 766 1422 792; x_wconf 93' lang='lat' dir='ltr'><strong>nt</strong></span> <span class='ocrx_word' id='word_1_314' title='bbox 1437 762 1535 792; x_wconf 89' lang='lat' dir='ltr'><strong>homo</strong></span> 
     </span>
     <span class='ocr_line' id='line_1_64' title="bbox 833 812 1535 857; baseline -0.011 -9"><span class='ocrx_word' id='word_1_315' title='bbox 833 827 894 857; x_wconf 86' lang='lat' dir='ltr'><strong>pro</strong></span> <span class='ocrx_word' id='word_1_316' title='bbox 911 827 945 847; x_wconf 80' lang='lat' dir='ltr'><strong>se</strong></span> <span class='ocrx_word' id='word_1_317' title='bbox 962 817 1104 857; x_wconf 83' lang='lat' dir='ltr'><strong>quisque.</strong></span> <span class='ocrx_word' id='word_1_318' title='bbox 1123 824 1233 845; x_wconf 88' lang='lat' dir='ltr'><strong>rerum</strong></span> <span class='ocrx_word' id='word_1_319' title='bbox 1251 818 1469 844; x_wconf 84' lang='lat' dir='ltr'><strong>externarum</strong></span> <span class='ocrx_word' id='word_1_320' title='bbox 1487 812 1535 841; x_wconf 93' lang='lat' dir='ltr'><strong>lu-</strong></span> 
     </span>
     <span class='ocr_line' id='line_1_65' title="bbox 830 863 1535 905; baseline -0.007 -8"><span class='ocrx_word' id='word_1_321' title='bbox 830 867 948 898; x_wconf 87' lang='lat' dir='ltr'><strong>dibriis</strong></span> <span class='ocrx_word' id='word_1_322' title='bbox 977 866 1252 905; x_wconf 83' lang='lat' dir='ltr'><strong>vanitatibusqne</strong></span> <span class='ocrx_word' id='word_1_323' title='bbox 1278 863 1460 903; x_wconf 58' lang='lat' dir='ltr'><strong>(lespretis,</strong></span> <span class='ocrx_word' id='word_1_324' title='bbox 1486 863 1535 893; x_wconf 91' lang='lat' dir='ltr'><strong>in-</strong></span> 
     </span>
     <span class='ocr_line' id='line_1_66' title="bbox 832 912 1535 955; baseline -0.007 -8"><span class='ocrx_word' id='word_1_325' title='bbox 832 917 969 947; x_wconf 80' lang='lat' dir='ltr'><strong>cumbat</strong></span> <span class='ocrx_word' id='word_1_326' title='bbox 997 916 1075 953; x_wconf 81' lang='lat' dir='ltr'><strong>sibi,</strong></span> <span class='ocrx_word' id='word_1_327' title='bbox 1101 914 1249 955; x_wconf 83' lang='lat' dir='ltr'><strong>quidque</strong></span> <span class='ocrx_word' id='word_1_328' title='bbox 1279 914 1355 953; x_wconf 88' lang='lat' dir='ltr'><strong>sibi,</strong></span> <span class='ocrx_word' id='word_1_329' title='bbox 1386 912 1535 952; x_wconf 79' lang='lat' dir='ltr'><strong>regendo</strong></span> 
     </span>
     <span class='ocr_line' id='line_1_67' title="bbox 832 967 1536 1007; baseline -0.007 -9"><span class='ocrx_word' id='word_1_330' title='bbox 832 969 966 1006; x_wconf 76' lang='lat' dir='ltr'><strong>debeat,</strong></span> <span class='ocrx_word' id='word_1_331' title='bbox 991 967 1070 1007; x_wconf 84' lang='lat' dir='ltr'><strong>quid</strong></span> <span class='ocrx_word' id='word_1_332' title='bbox 1094 976 1136 997; x_wconf 80' lang='lat' dir='ltr'><strong>ex</strong></span> <span class='ocrx_word' id='word_1_333' title='bbox 1164 977 1198 997; x_wconf 89' lang='lat' dir='ltr'><strong>se</strong></span> <span class='ocrx_word' id='word_1_334' title='bbox 1228 967 1318 1003; x_wconf 87' lang='lat' dir='ltr'><strong>Deo,</strong></span> <span class='ocrx_word' id='word_1_335' title='bbox 1345 975 1379 995; x_wconf 88' lang='lat' dir='ltr'><strong>se</strong></span> <span class='ocrx_word' id='word_1_336' title='bbox 1398 973 1536 1004; x_wconf 80' lang='lat' dir='ltr'><strong>coguos-</strong></span> 
     </span>
     <span class='ocr_line' id='line_1_68' title="bbox 831 1015 1535 1049; baseline -0.007 -1"><span class='ocrx_word' id='word_1_337' title='bbox 831 1018 941 1049; x_wconf 87' lang='lat' dir='ltr'><strong>cendo</strong></span> <span class='ocrx_word' id='word_1_338' title='bbox 978 1016 1175 1047; x_wconf 86' lang='lat' dir='ltr'><strong>condiscat:</strong></span> <span class='ocrx_word' id='word_1_339' title='bbox 1217 1015 1250 1045; x_wconf 89' lang='lat' dir='ltr'><strong>in</strong></span> <span class='ocrx_word' id='word_1_340' title='bbox 1278 1025 1318 1045; x_wconf 91' lang='lat' dir='ltr'><strong>eo</strong></span> <span class='ocrx_word' id='word_1_341' title='bbox 1346 1015 1435 1044; x_wconf 76' lang='lat' dir='ltr'><strong>enim</strong></span> <span class='ocrx_word' id='word_1_342' title='bbox 1462 1022 1535 1044; x_wconf 85' lang='lat' dir='ltr'><strong>esse</strong></span> 
     </span>
     <span class='ocr_line' id='line_1_69' title="bbox 834 1063 1536 1098; baseline -0.009 0"><span class='ocrx_word' id='word_1_343' title='bbox 834 1077 996 1098; x_wconf 87' lang='lat' dir='ltr'><strong>summam</strong></span> <span class='ocrx_word' id='word_1_344' title='bbox 1036 1067 1116 1096; x_wconf 77' lang='lat' dir='ltr'><strong>vitae</strong></span> <span class='ocrx_word' id='word_1_345' title='bbox 1163 1070 1256 1096; x_wconf 87' lang='lat' dir='ltr'><strong>recte</strong></span> <span class='ocrx_word' id='word_1_346' title='bbox 1302 1063 1536 1094; x_wconf 78' lang='lat' dir='ltr'><strong>decnrrendae.</strong></span> 
     </span>
     <span class='ocr_line' id='line_1_70' title="bbox 834 1118 933 1148; baseline -0.01 0"><span class='ocrx_word' id='word_1_347' title='bbox 834 1118 933 1148; x_wconf 75' lang='lat' dir='ltr'><strong>Idem.</strong></span> 
     </span>
    </p>

    <p class='ocr_par' dir='ltr' id='par_1_15' title="bbox 833 1162 1540 2153">
     <span class='ocr_line' id='line_1_71' title="bbox 876 1162 1537 1203; baseline -0.011 -5"><span class='ocrx_word' id='word_1_348' title='bbox 876 1170 939 1198; x_wconf 82' lang='lat'><strong>226</strong></span> <span class='ocrx_word' id='word_1_349' title='bbox 965 1167 1103 1197; x_wconf 68' lang='lat' dir='ltr'><strong>lacertos</strong></span> <span class='ocrx_word' id='word_1_350' title='bbox 1129 1164 1226 1195; x_wconf 79' lang='lat' dir='ltr'><strong>(mimi</strong></span> <span class='ocrx_word' id='word_1_351' title='bbox 1250 1163 1405 1203; x_wconf 68' lang='lat' dir='ltr'><strong>pacaverit</strong></span> <span class='ocrx_word' id='word_1_352' title='bbox 1428 1162 1537 1202; x_wconf 75' lang='lat' dir='ltr'><strong>cestus]</strong></span> 
     </span>
     <span class='ocr_line' id='line_1_72' title="bbox 837 1212 1537 1253; baseline -0.007 -6"><span class='ocrx_word' id='word_1_353' title='bbox 837 1217 1001 1248; x_wconf 71' lang='lat' dir='ltr'><strong>Pacaccrit</strong></span> <span class='ocrx_word' id='word_1_354' title='bbox 1021 1219 1118 1246; x_wconf 79' lang='lat' dir='ltr'><strong>recte</strong></span> <span class='ocrx_word' id='word_1_355' title='bbox 1135 1214 1224 1245; x_wconf 83' lang='lat' dir='ltr'><strong>idem</strong></span> <span class='ocrx_word' id='word_1_356' title='bbox 1251 1213 1424 1244; x_wconf 81' lang='lat' dir='ltr'><strong>Bartliius.</strong></span> <span class='ocrx_word' id='word_1_357' title='bbox 1449 1212 1537 1253; x_wconf 91' lang='lat' dir='ltr'><strong>quod</strong></span> 
     </span>
     <span class='ocr_line' id='line_1_73' title="bbox 833 1263 1537 1304; baseline -0.009 -6"><span class='ocrx_word' id='word_1_358' title='bbox 833 1272 947 1298; x_wconf 85' lang='lat' dir='ltr'><strong>tamen</strong></span> <span class='ocrx_word' id='word_1_359' title='bbox 988 1265 1189 1297; x_wconf 81' lang='lat' dir='ltr'><strong>retractavit</strong></span> <span class='ocrx_word' id='word_1_360' title='bbox 1224 1272 1404 1304; x_wconf 79' lang='lat' dir='ltr'><strong>perperam</strong></span> <span class='ocrx_word' id='word_1_361' title='bbox 1444 1263 1537 1293; x_wconf 88' lang='lat' dir='ltr'><strong>curis</strong></span> 
     </span>
     <span class='ocr_line' id='line_1_74' title="bbox 834 1312 1537 1348; baseline -0.009 0"><span class='ocrx_word' id='word_1_362' title='bbox 834 1317 1002 1348; x_wconf 77' lang='lat' dir='ltr'><strong>secundis.</strong></span> <span class='ocrx_word' id='word_1_363' title='bbox 1027 1314 1231 1347; x_wconf 83' lang='lat' dir='ltr'><strong>confirmant</strong></span> <span class='ocrx_word' id='word_1_364' title='bbox 1248 1315 1395 1344; x_wconf 85' lang='lat' dir='ltr'><strong>Putean.</strong></span> <span class='ocrx_word' id='word_1_365' title='bbox 1420 1317 1455 1343; x_wconf 89' lang='lat' dir='ltr'><strong>et</strong></span> <span class='ocrx_word' id='word_1_366' title='bbox 1471 1312 1537 1342; x_wconf 83' lang='lat' dir='ltr'><strong>Pa-</strong></span> 
     </span>
     <span class='ocr_line' id='line_1_75' title="bbox 834 1362 1537 1404; baseline -0.007 -7"><span class='ocrx_word' id='word_1_367' title='bbox 834 1367 978 1398; x_wconf 87' lang='lat' dir='ltr'><strong>tavinus.</strong></span> <span class='ocrx_word' id='word_1_368' title='bbox 1003 1365 1110 1396; x_wconf 85' lang='lat' dir='ltr'><strong>infra:</strong></span> <span class='ocrx_word' id='word_1_369' title='bbox 1137 1366 1145 1381; x_wconf 93' lang='lat'>‘</span> <span class='ocrx_word' id='word_1_370' title='bbox 1160 1365 1234 1395; x_wconf 90' lang='lat' dir='ltr'><strong>Hos</strong></span> <span class='ocrx_word' id='word_1_371' title='bbox 1251 1364 1355 1404; x_wconf 83' lang='lat' dir='ltr'><strong>igitur</strong></span> <span class='ocrx_word' id='word_1_372' title='bbox 1379 1363 1493 1403; x_wconf 87' lang='lat' dir='ltr'><strong>potuit</strong></span> <span class='ocrx_word' id='word_1_373' title='bbox 1509 1362 1537 1392; x_wconf 88' lang='lat' dir='ltr'><strong>si</strong></span> 
     </span>
     <span class='ocr_line' id='line_1_76' title="bbox 835 1413 1537 1459; baseline -0.007 -11"><span class='ocrx_word' id='word_1_374' title='bbox 835 1418 908 1459; x_wconf 88' lang='lat' dir='ltr'><strong>quis</strong></span> <span class='ocrx_word' id='word_1_375' title='bbox 924 1416 1043 1447; x_wconf 89' lang='lat' dir='ltr'><strong>sedare</strong></span> <span class='ocrx_word' id='word_1_376' title='bbox 1070 1413 1257 1445; x_wconf 88' lang='lat' dir='ltr'><strong>tumultus.’</strong></span> <span class='ocrx_word' id='word_1_377' title='bbox 1296 1414 1417 1444; x_wconf 84' lang='lat' dir='ltr'><strong>Cicero</strong></span> <span class='ocrx_word' id='word_1_378' title='bbox 1433 1413 1537 1443; x_wconf 89' lang='lat' dir='ltr'><strong>Tusc.</strong></span> 
     </span>
     <span class='ocr_line' id='line_1_77' title="bbox 833 1465 1537 1504; baseline -0.014 -2"><span class='ocrx_word' id='word_1_379' title='bbox 833 1472 964 1504; x_wconf 68' lang='lat' dir='ltr'><strong>Quaest.</strong></span> <span class='ocrx_word' id='word_1_380' title='bbox 981 1469 1055 1500; x_wconf 89' lang='lat' dir='ltr'><strong>libr.</strong></span> <span class='ocrx_word' id='word_1_381' title='bbox 1072 1478 1103 1498; x_wconf 76' lang='lat' dir='ltr'><strong>v.</strong></span> <span class='ocrx_word' id='word_1_382' title='bbox 1122 1469 1131 1484; x_wconf 85' lang='lat'>‘</span> <span class='ocrx_word' id='word_1_383' title='bbox 1147 1468 1195 1498; x_wconf 92' lang='lat' dir='ltr'><strong>Ut</strong></span> <span class='ocrx_word' id='word_1_384' title='bbox 1211 1465 1312 1496; x_wconf 84' lang='lat' dir='ltr'><strong>maris</strong></span> <span class='ocrx_word' id='word_1_385' title='bbox 1327 1465 1432 1504; x_wconf 83' lang='lat' dir='ltr'><strong>igitur</strong></span> <span class='ocrx_word' id='word_1_386' title='bbox 1447 1468 1537 1494; x_wconf 88' lang='lat' dir='ltr'><strong>trau-</strong></span> 
     </span>
     <span class='ocr_line' id='line_1_78' title="bbox 833 1513 1536 1562; baseline -0.014 -10"><span class='ocrx_word' id='word_1_387' title='bbox 833 1521 984 1562; x_wconf 89' lang='lat' dir='ltr'><strong>quillitas</strong></span> <span class='ocrx_word' id='word_1_388' title='bbox 1001 1518 1218 1557; x_wconf 82' lang='lat' dir='ltr'><strong>intelligitur,</strong></span> <span class='ocrx_word' id='word_1_389' title='bbox 1235 1515 1327 1546; x_wconf 87' lang='lat' dir='ltr'><strong>nulla</strong></span> <span class='ocrx_word' id='word_1_390' title='bbox 1345 1524 1384 1544; x_wconf 89' lang='lat' dir='ltr'><strong>ne</strong></span> <span class='ocrx_word' id='word_1_391' title='bbox 1399 1513 1536 1554; x_wconf 87' lang='lat' dir='ltr'><strong>quidem</strong></span> 
     </span>
     <span class='ocr_line' id='line_1_79' title="bbox 833 1564 1537 1603; baseline -0.013 -1"><span class='ocrx_word' id='word_1_392' title='bbox 833 1571 969 1602; x_wconf 88' lang='lat' dir='ltr'><strong>minima</strong></span> <span class='ocrx_word' id='word_1_393' title='bbox 986 1578 1065 1600; x_wconf 83' lang='lat' dir='ltr'><strong>aura</strong></span> <span class='ocrx_word' id='word_1_394' title='bbox 1089 1567 1211 1599; x_wconf 85' lang='lat' dir='ltr'><strong>fluctus</strong></span> <span class='ocrx_word' id='word_1_395' title='bbox 1228 1569 1473 1603; x_wconf 81' lang='lat' dir='ltr'><strong>commovente,</strong></span> <span class='ocrx_word' id='word_1_396' title='bbox 1489 1564 1537 1594; x_wconf 82' lang='lat' dir='ltr'><strong>sic</strong></span> 
     </span>
     <span class='ocr_line' id='line_1_80' title="bbox 834 1618 1538 1660; baseline -0.014 -8"><span class='ocrx_word' id='word_1_397' title='bbox 834 1621 937 1652; x_wconf 89' lang='lat' dir='ltr'><strong>animi</strong></span> <span class='ocrx_word' id='word_1_398' title='bbox 960 1619 1096 1660; x_wconf 89' lang='lat' dir='ltr'><strong>quietus</strong></span> <span class='ocrx_word' id='word_1_399' title='bbox 1125 1622 1160 1648; x_wconf 88' lang='lat' dir='ltr'><strong>et</strong></span> <span class='ocrx_word' id='word_1_400' title='bbox 1184 1621 1325 1656; x_wconf 80' lang='lat' dir='ltr'><strong>pacatus</strong></span> <span class='ocrx_word' id='word_1_401' title='bbox 1343 1618 1452 1645; x_wconf 83' lang='lat' dir='ltr'><strong>status</strong></span> <span class='ocrx_word' id='word_1_402' title='bbox 1465 1623 1538 1644; x_wconf 87' lang='lat' dir='ltr'><strong>cer-</strong></span> 
     </span>
     <span class='ocr_line' id='line_1_81' title="bbox 834 1665 1537 1710; baseline -0.016 -7"><span class='ocrx_word' id='word_1_403' title='bbox 834 1673 938 1710; x_wconf 89' lang='lat' dir='ltr'><strong>nitur,</strong></span> <span class='ocrx_word' id='word_1_404' title='bbox 959 1680 1035 1702; x_wconf 91' lang='lat' dir='ltr'><strong>cum</strong></span> <span class='ocrx_word' id='word_1_405' title='bbox 1051 1667 1263 1710; x_wconf 77' lang='lat' dir='ltr'><strong>perturbatio</strong></span> <span class='ocrx_word' id='word_1_406' title='bbox 1281 1665 1372 1695; x_wconf 88' lang='lat' dir='ltr'><strong>nulla</strong></span> <span class='ocrx_word' id='word_1_407' title='bbox 1388 1669 1454 1703; x_wconf 86' lang='lat' dir='ltr'><strong>est,</strong></span> <span class='ocrx_word' id='word_1_408' title='bbox 1471 1673 1537 1704; x_wconf 88' lang='lat' dir='ltr'><strong>qna</strong></span> 
     </span>
     <span class='ocr_line' id='line_1_82' title="bbox 834 1714 1540 1760; baseline -0.014 -8"><span class='ocrx_word' id='word_1_409' title='bbox 834 1721 962 1752; x_wconf 91' lang='lat' dir='ltr'><strong>moveri</strong></span> <span class='ocrx_word' id='word_1_410' title='bbox 979 1717 1104 1760; x_wconf 62' lang='lat' dir='ltr'><strong>queat?</strong></span> <span class='ocrx_word' id='word_1_411' title='bbox 1136 1716 1192 1747; x_wconf 92' lang='lat' dir='ltr'><strong>nbi</strong></span> <span class='ocrx_word' id='word_1_412' title='bbox 1209 1724 1386 1755; x_wconf 87' lang='lat' dir='ltr'><strong>perperam</strong></span> <span class='ocrx_word' id='word_1_413' title='bbox 1400 1714 1540 1753; x_wconf 77' lang='lat' dir='ltr'><strong>placatus</strong></span> 
     </span>
     <span class='ocr_line' id='line_1_83' title="bbox 835 1763 1538 1809; baseline -0.014 -7"><span class='ocrx_word' id='word_1_414' title='bbox 835 1771 939 1802; x_wconf 88' lang='lat' dir='ltr'><strong>etiam</strong></span> <span class='ocrx_word' id='word_1_415' title='bbox 968 1770 1070 1809; x_wconf 83' lang='lat' dir='ltr'><strong>vulgo</strong></span> <span class='ocrx_word' id='word_1_416' title='bbox 1098 1767 1236 1807; x_wconf 82' lang='lat' dir='ltr'><strong>legitur.</strong></span> <span class='ocrx_word' id='word_1_417' title='bbox 1273 1765 1405 1795; x_wconf 76' lang='lat' dir='ltr'><strong>incestos</strong></span> <span class='ocrx_word' id='word_1_418' title='bbox 1435 1763 1538 1794; x_wconf 87' lang='lat' dir='ltr'><strong>etiam</strong></span> 
     </span>
     <span class='ocr_line' id='line_1_84' title="bbox 835 1811 1539 1861; baseline -0.013 -10"><span class='ocrx_word' id='word_1_419' title='bbox 835 1820 1024 1861; x_wconf 83' lang='lat' dir='ltr'><strong>Isingrinns</strong></span> <span class='ocrx_word' id='word_1_420' title='bbox 1037 1815 1232 1849; x_wconf 87' lang='lat' dir='ltr'><strong>etnonnnlli</strong></span> <span class='ocrx_word' id='word_1_421' title='bbox 1244 1824 1287 1845; x_wconf 83' lang='lat' dir='ltr'><strong>ex</strong></span> <span class='ocrx_word' id='word_1_422' title='bbox 1299 1813 1434 1851; x_wconf 86' lang='lat' dir='ltr'><strong>uostris,</strong></span> <span class='ocrx_word' id='word_1_423' title='bbox 1449 1811 1539 1854; x_wconf 91' lang='lat' dir='ltr'><strong>quod</strong></span> 
     </span>
     <span class='ocr_line' id='line_1_85' title="bbox 836 1861 1537 1910; baseline -0.011 -8"><span class='ocrx_word' id='word_1_424' title='bbox 836 1871 958 1903; x_wconf 86' lang='lat' dir='ltr'><strong>Delrio</strong></span> <span class='ocrx_word' id='word_1_425' title='bbox 976 1869 1098 1910; x_wconf 85' lang='lat' dir='ltr'><strong>placet,</strong></span> <span class='ocrx_word' id='word_1_426' title='bbox 1119 1876 1184 1897; x_wconf 88' lang='lat' dir='ltr'><strong>non</strong></span> <span class='ocrx_word' id='word_1_427' title='bbox 1208 1865 1300 1895; x_wconf 90' lang='lat' dir='ltr'><strong>mihi.</strong></span> <span class='ocrx_word' id='word_1_428' title='bbox 1335 1864 1461 1896; x_wconf 89' lang='lat' dir='ltr'><strong>Lucan.</strong></span> <span class='ocrx_word' id='word_1_429' title='bbox 1479 1861 1537 1894; x_wconf 90' lang='lat' dir='ltr'><strong>lib.</strong></span> 
     </span>
     <span class='ocr_line' id='line_1_86' title="bbox 836 1913 1538 1957; baseline -0.014 -5"><span class='ocrx_word' id='word_1_430' title='bbox 836 1930 916 1952; x_wconf 85' lang='lat' dir='ltr'><strong>vm.</strong></span> <span class='ocrx_word' id='word_1_431' title='bbox 938 1920 1110 1950; x_wconf 85' lang='lat' dir='ltr'><strong>‘incertos</strong></span> <span class='ocrx_word' id='word_1_432' title='bbox 1127 1915 1276 1957; x_wconf 86' lang='lat' dir='ltr'><strong>pectoris</strong></span> <span class='ocrx_word' id='word_1_433' title='bbox 1293 1913 1411 1945; x_wconf 81' lang='lat' dir='ltr'><strong>aestus’</strong></span> <span class='ocrx_word' id='word_1_434' title='bbox 1436 1913 1538 1943; x_wconf 85' lang='lat' dir='ltr'><strong>dixit.</strong></span> 
     </span>
     <span class='ocr_line' id='line_1_87' title="bbox 837 1962 1538 2005; baseline -0.014 -3"><span class='ocrx_word' id='word_1_435' title='bbox 837 1976 873 2003; x_wconf 88' lang='lat' dir='ltr'><strong>et</strong></span> <span class='ocrx_word' id='word_1_436' title='bbox 899 1970 975 2000; x_wconf 85' lang='lat' dir='ltr'><strong>Val.</strong></span> <span class='ocrx_word' id='word_1_437' title='bbox 1001 1969 1158 2005; x_wconf 81' lang='lat' dir='ltr'><strong>Flaccus,</strong></span> <span class='ocrx_word' id='word_1_438' title='bbox 1180 1965 1237 2005; x_wconf 84' lang='lat' dir='ltr'><strong>lib.</strong></span> <span class='ocrx_word' id='word_1_439' title='bbox 1268 1973 1305 1994; x_wconf 86' lang='lat' dir='ltr'><strong>v.</strong></span> <span class='ocrx_word' id='word_1_440' title='bbox 1332 1964 1340 1980; x_wconf 90' lang='lat'>‘</span> <span class='ocrx_word' id='word_1_441' title='bbox 1356 1962 1538 2002; x_wconf 83' lang='lat' dir='ltr'><strong>Praecipue</strong></span> 
     </span>
     <span class='ocr_line' id='line_1_88' title="bbox 837 2016 1538 2053; baseline -0.014 -1"><span class='ocrx_word' id='word_1_442' title='bbox 837 2019 1020 2053; x_wconf 85' lang='lat' dir='ltr'><strong>AEsouiden</strong></span> <span class='ocrx_word' id='word_1_443' title='bbox 1048 2017 1157 2049; x_wconf 81' lang='lat' dir='ltr'><strong>varios</strong></span> <span class='ocrx_word' id='word_1_444' title='bbox 1186 2016 1318 2047; x_wconf 85' lang='lat' dir='ltr'><strong>incerta</strong></span> <span class='ocrx_word' id='word_1_445' title='bbox 1348 2023 1409 2053; x_wconf 90' lang='lat' dir='ltr'><strong>per</strong></span> <span class='ocrx_word' id='word_1_446' title='bbox 1434 2017 1538 2043; x_wconf 79' lang='lat' dir='ltr'><strong>aestus</strong></span> 
     </span>
     <span class='ocr_line' id='line_1_89' title="bbox 838 2062 1539 2110; baseline -0.016 -7"><span class='ocrx_word' id='word_1_447' title='bbox 838 2073 938 2103; x_wconf 86' lang='lat' dir='ltr'><strong>Mens</strong></span> <span class='ocrx_word' id='word_1_448' title='bbox 983 2069 1073 2110; x_wconf 85' lang='lat' dir='ltr'><strong>rapit</strong></span> <span class='ocrx_word' id='word_1_449' title='bbox 1111 2066 1302 2098; x_wconf 81' lang='lat' dir='ltr'><strong>unanimem</strong></span> <span class='ocrx_word' id='word_1_450' title='bbox 1338 2062 1449 2094; x_wconf 86' lang='lat' dir='ltr'><strong>curis.’</strong></span> <span class='ocrx_word' id='word_1_451' title='bbox 1492 2062 1539 2093; x_wconf 88' lang='lat' dir='ltr'><strong>D.</strong></span> 
     </span>
     <span class='ocr_line' id='line_1_90' title="bbox 840 2122 953 2153; baseline -0.027 0"><span class='ocrx_word' id='word_1_452' title='bbox 840 2122 953 2153; x_wconf 83' lang='lat' dir='ltr'><strong>Heius.</strong></span> 
     </span>
    </p>

    <p class='ocr_par' dir='ltr' id='par_1_16' title="bbox 839 2161 1539 2254">
     <span class='ocr_line' id='line_1_91' title="bbox 883 2161 1539 2209; baseline -0.017 -6"><span class='ocrx_word' id='word_1_453' title='bbox 883 2169 1034 2209; x_wconf 74' lang='lat' dir='ltr'><strong>lacertos]</strong></span> <span class='ocrx_word' id='word_1_454' title='bbox 1059 2168 1311 2204; x_wconf 77' lang='lat' dir='ltr'><strong>Inconstantes,</strong></span> <span class='ocrx_word' id='word_1_455' title='bbox 1331 2171 1464 2203; x_wconf 90' lang='lat' dir='ltr'><strong>semper</strong></span> <span class='ocrx_word' id='word_1_456' title='bbox 1479 2161 1539 2193; x_wconf 87' lang='lat' dir='ltr'><strong>du-</strong></span> 
     </span>
     <span class='ocr_line' id='line_1_92' title="bbox 839 2222 922 2254; baseline -0.012 0"><span class='ocrx_word' id='word_1_457' title='bbox 839 2222 922 2254; x_wconf 90' lang='lat' dir='ltr'><strong>bios.</strong></span> 
     </span>
    </p>

    <p class='ocr_par' dir='ltr' id='par_1_17' title="bbox 837 2267 1541 2563">
     <span class='ocr_line' id='line_1_93' title="bbox 881 2267 1539 2310; baseline -0.017 -6"><span class='ocrx_word' id='word_1_458' title='bbox 881 2270 1006 2310; x_wconf 80' lang='lat' dir='ltr'><strong>Animi]</strong></span> <span class='ocrx_word' id='word_1_459' title='bbox 1030 2269 1084 2301; x_wconf 86' lang='lat' dir='ltr'><strong>Ab</strong></span> <span class='ocrx_word' id='word_1_460' title='bbox 1098 2267 1315 2310; x_wconf 85' lang='lat' dir='ltr'><strong>inquisitione</strong></span> <span class='ocrx_word' id='word_1_461' title='bbox 1331 2273 1539 2305; x_wconf 87' lang='lat' dir='ltr'><strong>cognoscen-</strong></span> 
     </span>
     <span class='ocr_line' id='line_1_94' title="bbox 839 2316 1539 2358; baseline -0.014 -4"><span class='ocrx_word' id='word_1_462' title='bbox 839 2323 872 2354; x_wconf 92' lang='lat' dir='ltr'><strong>di</strong></span> <span class='ocrx_word' id='word_1_463' title='bbox 885 2324 935 2353; x_wconf 91' lang='lat' dir='ltr'><strong>sui</strong></span> <span class='ocrx_word' id='word_1_464' title='bbox 948 2322 991 2352; x_wconf 90' lang='lat' dir='ltr'><strong>ad</strong></span> <span class='ocrx_word' id='word_1_465' title='bbox 1001 2321 1147 2352; x_wconf 88' lang='lat' dir='ltr'><strong>animum</strong></span> <span class='ocrx_word' id='word_1_466' title='bbox 1159 2316 1428 2358; x_wconf 88' lang='lat' dir='ltr'><strong>componendum</strong></span> <span class='ocrx_word' id='word_1_467' title='bbox 1443 2316 1539 2346; x_wconf 88' lang='lat' dir='ltr'><strong>horno</strong></span> 
     </span>
     <span class='ocr_line' id='line_1_95' title="bbox 839 2363 1538 2412; baseline -0.016 -7"><span class='ocrx_word' id='word_1_468' title='bbox 839 2378 1000 2410; x_wconf 81' lang='lat' dir='ltr'><strong>v&#39;ocatur;</strong></span> <span class='ocrx_word' id='word_1_469' title='bbox 1025 2380 1123 2412; x_wconf 88' lang='lat' dir='ltr'><strong>quem</strong></span> <span class='ocrx_word' id='word_1_470' title='bbox 1142 2369 1216 2408; x_wconf 91' lang='lat' dir='ltr'><strong>nisi,</strong></span> <span class='ocrx_word' id='word_1_471' title='bbox 1244 2371 1296 2398; x_wconf 88' lang='lat' dir='ltr'><strong>tot</strong></span> <span class='ocrx_word' id='word_1_472' title='bbox 1322 2365 1464 2396; x_wconf 85' lang='lat' dir='ltr'><strong>diversis</strong></span> <span class='ocrx_word' id='word_1_473' title='bbox 1491 2363 1538 2394; x_wconf 84' lang='lat' dir='ltr'><strong>af-</strong></span> 
     </span>
     <span class='ocr_line' id='line_1_96' title="bbox 837 2420 1539 2458; baseline -0.017 -3"><span class='ocrx_word' id='word_1_474' title='bbox 837 2423 985 2454; x_wconf 83' lang='lat' dir='ltr'><strong>fectibus</strong></span> <span class='ocrx_word' id='word_1_475' title='bbox 1002 2420 1198 2458; x_wconf 83' lang='lat' dir='ltr'><strong>obnoxium,</strong></span> <span class='ocrx_word' id='word_1_476' title='bbox 1212 2421 1406 2457; x_wconf 86' lang='lat' dir='ltr'><strong>componat,</strong></span> <span class='ocrx_word' id='word_1_477' title='bbox 1417 2424 1539 2455; x_wconf 88' lang='lat' dir='ltr'><strong>nequa-</strong></span> 
     </span>
     <span class='ocr_line' id='line_1_97' title="bbox 840 2467 1537 2515; baseline -0.014 -11"><span class='ocrx_word' id='word_1_478' title='bbox 840 2483 938 2515; x_wconf 90' lang='lat' dir='ltr'><strong>quam</strong></span> <span class='ocrx_word' id='word_1_479' title='bbox 951 2471 1100 2502; x_wconf 87' lang='lat' dir='ltr'><strong>feliciter</strong></span> <span class='ocrx_word' id='word_1_480' title='bbox 1113 2470 1225 2500; x_wconf 90' lang='lat' dir='ltr'><strong>vivet:</strong></span> <span class='ocrx_word' id='word_1_481' title='bbox 1251 2467 1318 2499; x_wconf 80' lang='lat' dir='ltr'><strong>Qui</strong></span> <span class='ocrx_word' id='word_1_482' title='bbox 1335 2472 1447 2497; x_wconf 85' lang='lat' dir='ltr'><strong>antem</strong></span> <span class='ocrx_word' id='word_1_483' title='bbox 1463 2474 1537 2505; x_wconf 89' lang='lat' dir='ltr'><strong>pos-</strong></span> 
     </span>
     <span class='ocr_line' id='line_1_98' title="bbox 839 2515 1541 2563; baseline -0.014 -9"><span class='ocrx_word' id='word_1_484' title='bbox 839 2525 893 2563; x_wconf 84' lang='lat' dir='ltr'><strong>sit,</strong></span> <span class='ocrx_word' id='word_1_485' title='bbox 910 2523 971 2553; x_wconf 89' lang='lat' dir='ltr'><strong>nisi</strong></span> <span class='ocrx_word' id='word_1_486' title='bbox 988 2527 1096 2553; x_wconf 88' lang='lat' dir='ltr'><strong>totum</strong></span> <span class='ocrx_word' id='word_1_487' title='bbox 1113 2523 1222 2551; x_wconf 88' lang='lat' dir='ltr'><strong>semet</strong></span> <span class='ocrx_word' id='word_1_488' title='bbox 1244 2523 1323 2549; x_wconf 87' lang='lat' dir='ltr'><strong>ante</strong></span> <span class='ocrx_word' id='word_1_489' title='bbox 1339 2515 1541 2557; x_wconf 85' lang='lat' dir='ltr'><strong>agnoverit?</strong></span> 
     </span>
    </p>

    <p class='ocr_par' dir='ltr' id='par_1_18' title="bbox 839 2565 1535 2656">
     <span class='ocr_line' id='line_1_99' title="bbox 880 2565 1535 2611; baseline -0.015 -7"><span class='ocrx_word' id='word_1_490' title='bbox 880 2573 989 2606; x_wconf 82' lang='lat' dir='ltr'><strong>Animi</strong></span> <span class='ocrx_word' id='word_1_491' title='bbox 1012 2571 1119 2611; x_wconf 67' lang='lat' dir='ltr'><strong>aestus]</strong></span> <span class='ocrx_word' id='word_1_492' title='bbox 1145 2569 1338 2602; x_wconf 84' lang='lat' dir='ltr'><strong>Afl&#39;ectuum</strong></span> <span class='ocrx_word' id='word_1_493' title='bbox 1365 2565 1535 2608; x_wconf 85' lang='lat' dir='ltr'><strong>perturba·</strong></span> 
     </span>
     <span class='ocr_line' id='line_1_100' title="bbox 839 2622 1102 2656; baseline -0.011 0"><span class='ocrx_word' id='word_1_494' title='bbox 839 2625 961 2656; x_wconf 88' lang='lat' dir='ltr'><strong>tiones.</strong></span> <span class='ocrx_word' id='word_1_495' title='bbox 985 2622 1102 2653; x_wconf 75' lang='lat' dir='ltr'><strong>Barth.</strong></span> 
     </span>
    </p>

    <p class='ocr_par' dir='ltr' id='par_1_19' title="bbox 838 2663 1538 2814">
     <span class='ocr_line' id='line_1_101' title="bbox 880 2663 1538 2711; baseline -0.02 -6"><span class='ocrx_word' id='word_1_496' title='bbox 880 2674 990 2706; x_wconf 80' lang='lat' dir='ltr'><strong>Animi</strong></span> <span class='ocrx_word' id='word_1_497' title='bbox 1017 2671 1126 2711; x_wconf 73' lang='lat' dir='ltr'><strong>cestus]</strong></span> <span class='ocrx_word' id='word_1_498' title='bbox 1169 2665 1384 2708; x_wconf 87' lang='lat' dir='ltr'><strong>Comparatio</strong></span> <span class='ocrx_word' id='word_1_499' title='bbox 1420 2663 1538 2694; x_wconf 82' lang='lat' dir='ltr'><strong>crebra</strong></span> 
     </span>
     <span class='ocr_line' id='line_1_102' title="bbox 838 2716 1535 2767; baseline -0.023 -9"><span class='ocrx_word' id='word_1_500' title='bbox 838 2726 976 2767; x_wconf 82' lang='lat' dir='ltr'><strong>optimis</strong></span> <span class='ocrx_word' id='word_1_501' title='bbox 1001 2721 1224 2763; x_wconf 83' lang='lat' dir='ltr'><strong>scriptoribus</strong></span> <span class='ocrx_word' id='word_1_502' title='bbox 1252 2716 1433 2749; x_wconf 86' lang='lat' dir='ltr'><strong>affectuum</strong></span> <span class='ocrx_word' id='word_1_503' title='bbox 1459 2723 1535 2744; x_wconf 90' lang='lat' dir='ltr'><strong>cum</strong></span> 
     </span>
     <span class='ocr_line' id='line_1_103' title="bbox 840 2763 1533 2814; baseline -0.023 -5"><span class='ocrx_word' id='word_1_504' title='bbox 840 2775 992 2814; x_wconf 77' lang='lat' dir='ltr'><strong>aestibus,</strong></span> <span class='ocrx_word' id='word_1_505' title='bbox 1032 2770 1207 2809; x_wconf 86' lang='lat' dir='ltr'><strong>fluctibus,</strong></span> <span class='ocrx_word' id='word_1_506' title='bbox 1249 2763 1533 2806; x_wconf 55' lang='lat' dir='ltr'><strong>tempestatibus:</strong></span> 
     </span>
    </p>
   </div>
  </div>
 </body>
</html>
