1852 3182
530 243 726 274 munes
761 243 1032 273 nnncums.
1409 234 1521 276 1193

69 338 368 392 Spumantem,
392 338 603 390 cogisque
628 338 743 378 dicm
766 338 941 378 sufferre
963 338 1136 387 luendo,
1440 339 1525 380 115

68 406 215 460 Atque
236 407 435 459 supinato
457 406 682 446 mirantem
704 406 864 446 lumine
884 406 1002 446 vinci

68 473 263 525 Argolici
282 474 422 512 victor
444 476 591 524 portas
613 473 692 512 sub
714 476 828 513 tecta
848 474 1032 525 tyranni.

127 540 263 581 Fama
284 539 398 579 celer
419 543 510 580 tolo
532 541 740 580 victorem
762 546 983 593 sparserat
1005 542 1124 591 orbe,

67 606 380 659 Auxiliumque
404 606 489 647 Dei
510 608 724 660 poscebat
743 607 870 647 Creta
892 606 1089 647 cruentov

67 673 198 714 Victa
218 674 358 714 malo:
392 679 541 714 taurus
563 675 710 715 medio
732 689 832 715 nam
856 675 996 715 sidere
1021 675 1158 715 Lunae
1445 672 1529 714 120

68 740 328 793 Progenitus
352 741 527 783 Dictaea
545 742 676 782 Jovis
697 742 958 796 possederat
979 756 1097 784 arva.

68 806 251 848 Fulmen
273 809 328 849 ab
350 822 421 850 ore.
443 810 572 859 venit,
595 809 867 863 flammisque
886 810 1130 851 furentibus
1152 809 1278 851 ardet

67 874 277 927 Spiritus,
301 880 342 916 ct
364 882 519 917 terram
540 891 627 918 non
649 878 747 918 coeli
772 877 949 918 flamma
971 879 1153 930 perurit,

67 940 157 983 Sed
176 942 307 984 flatus
329 945 524 985 monstri.
588 945 614 970 *
637 944 807 984 Dextro
823 945 918 997 jam
944 945 1058 984 Siria
1081 946 1254 985 cessent

68 1008 238 1059 Sidera,
263 1012 426 1065 Solque
446 1012 546 1051 licet
569 1011 744 1062 glaciali
766 1011 923 1062 frigore
947 1012 1089 1051 victus
1442 1007 1530 1049 125

66 1074 338 1118 Abstrusum
355 1078 521 1118 mundo
541 1078 718 1118 claudat
731 1079 881 1131 jubar,
899 1090 1029 1118 aurea
1048 1077 1240 1118 condens

70 1142 269 1193 Lumina,
292 1148 334 1187 ct
354 1145 533 1196 ignissuo
556 1144 828 1197 stupefactus
850 1145 894 1184 in
915 1145 1020 1184 orbe
1041 1147 1257 1197 tepescat.

67 1210 223 1251 AEstus
242 1211 371 1253 habet
388 1211 587 1253 Cretam:
620 1218 803 1265 pereunt
824 1213 1051 1267 sylvaeque
1072 1213 1299 1266 lacusque,

69 1276 381 1333 Graminaque,
406 1285 447 1321 et
467 1280 607 1321 fontes
628 1282 741 1321 sacri
760 1294 769 1322 :
802 1285 1062 1334 montesque
1082 1281 1245 1334 perurit

68 1344 268 1387 Flamma
286 1347 428 1388 ferox.
492 1347 630 1397 Idam,
655 1348 838 1401 Superis
859 1348 1176 1401 spectantibus,
1198 1347 1310 1400 ignis
1450 1346 1530 1388 130

69 1476 200 1516 Jamque
214 1479 321 1517 sponte
337 1478 566 1518 comprehendis
581 1482 772 1519 spumantem
791 1488 924 1518 aprum,
947 1481 976 1508 et
999 1477 1083 1516 cogis
1097 1477 1184 1508 hunc
1199 1477 1268 1516 pati
1283 1477 1378 1507 lucem
1393 1475 1534 1514 ridendo,

69 1522 98 1549 et
114 1520 213 1549 victor
229 1519 300 1556 fers
327 1520 357 1550 in
375 1521 494 1550 domum
515 1521 658 1560 Tyranni
672 1521 815 1560 Argolici
839 1521 928 1551 liunc
953 1530 1070 1560 apruni
1087 1523 1258 1559 stupentem
1279 1529 1310 1549 se
1336 1518 1418 1548 rinei
1442 1517 1537 1548 oculis

71 1561 209 1592 inversis.
255 1562 354 1592 Fama
372 1563 474 1592 volans
490 1564 677 1602 disperserat
694 1573 756 1603 per
772 1566 870 1593 totum
895 1562 1009 1592 Orbem
1034 1571 1154 1593 nomen
1171 1561 1298 1592 victoris
1323 1561 1481 1599 Herculis,
1504 1564 1534 1590 ct

72 1604 168 1634 Creta
202 1607 347 1643 superata
372 1608 507 1635 monstro
539 1606 656 1636 crudeli
685 1605 791 1635 orabat
817 1615 904 1644 opem
946 1606 1008 1635 Dei
1041 1604 1201 1634 Herculis
1216 1614 1223 1633 z
1261 1613 1390 1643 namque
1428 1606 1536 1633 taurus

69 1650 160 1677 natus
176 1655 218 1676 ex
234 1647 333 1677 medio
349 1650 431 1677 astro
448 1648 545 1678 Lunae
562 1648 716 1678 invaserat
732 1657 826 1686 agros
844 1648 986 1677 Dictoeos
998 1647 1098 1676 doris.
1144 1646 1272 1676 Fulmen
1293 1646 1466 1685 prorumpit
1496 1654 1534 1676 ex

70 1688 143 1728 ejus
160 1698 224 1729 ore,
246 1692 274 1719 et
292 1688 408 1720 halitus
424 1690 576 1730 ejusdem
594 1690 771 1721 incenditur
786 1689 910 1729 ignibus
930 1689 1086 1726 furiosis,·
1108 1692 1137 1718 et
1163 1688 1247 1726 ignis
1264 1688 1340 1717 Coelz'
1356 1697 1413 1717 non
1430 1689 1535 1717 adurit

71 1734 199 1770 terram,
222 1733 275 1761 sed
298 1732 455 1762 anhelitus
473 1733 621 1772 portenti.
667 1733 744 1763 Jam
758 1737 844 1763 astra
862 1731 950 1762 Siria
965 1731 1121 1769 desinant,
1145 1733 1174 1761 et
1191 1730 1247 1760 Sol
1261 1733 1423 1769 superatus
1435 1729 1537 1766 glacie

70 1773 205 1814 hyberna
219 1774 368 1805 subducat
388 1775 466 1805 Orbi
482 1775 585 1805 radios
601 1775 746 1813 occultos,
770 1778 878 1813 tegens
893 1775 987 1804 lucem
998 1774 1170 1813 pulchram,
1183 1776 1212 1802 et
1225 1772 1379 1802 attonitus
1391 1775 1492 1811 tepeat
1504 1772 1537 1802 in

67 1816 158 1855 globo
174 1817 273 1856 igneo.
289 1818 382 1847 Calor
391 1819 501 1857 premit
514 1818 639 1848 Cretam
651 1829 663 1854 ;
675 1818 770 1858 sylroe
775 1817 931 1855 fatiscunt
942 1820 971 1847 et
983 1817 1112 1855 lacus‚et
1126 1815 1239 1853 herbae,
1252 1818 1280 1845 et
1290 1814 1397 1852 fontes
1408 1814 1538 1852 sacrati,

71 1862 99 1889 ct
116 1859 201 1899 ignis
215 1861 325 1890 ardens
341 1863 437 1891 torret
460 1864 594 1891 montes:
610 1860 742 1901 flamma
765 1861 915 1891 consumit
932 1860 1035 1898 Idam,
1061 1859 1139 1890 Diis
1153 1857 1385 1898 aspicientibus,
1408 1859 1436 1887 et
1454 1866 1538 1887 mon-

685 1932 924 1945 eeeeeeeeeeee

77 1973 153 2006 Ald.
171 1975 298 2017 Isingr.
315 1977 559 2017 Gryph.—-118
584 1978 682 2009 Fama
698 1979 802 2009 volans
819 1978 1066 2008 Claver.——-ll9
1100 1975 1215 2006 crudeli
1238 1984 1300 2016 pro
1316 1977 1442 2005 cruento
1460 1972 1537 2004 Ald.

76 2021 475 2051 contrametrmn.-—124
501 2020 565 2051 Sed
582 2020 685 2060 flatus
700 2021 831 2051 monstri
860 2023 951 2050 toeter
978 2019 1069 2058 conj.
1097 2018 1219 2055 Heius.
1243 2017 1349 2048 taetri:
1371 2017 1538 2055 salig.—

78 2061 136 2090 125
169 2060 280 2092 Sidere
304 2061 384 2092 Ald.
413 2062 537 2104 Isingr.
564 2064 807 2104 Gryph.—l26
844 2063 992 2093 Claudat.
1016 2061 1094 2099 juba
1124 2070 1219 2092 aurea
1243 2059 1430 2091 Ald.-127
1455 2059 1538 2098 igni·

734 2164 874 2195 NOTAE

120 2227 181 2256 117
206 2225 321 2255 Portas
335 2225 388 2256 sub
404 2226 500 2266 iectu]
536 2225 667 2267 Aprum
687 2227 779 2257 illum
879 2229 939 2259 124
957 2226 1096 2267 Dextro]
1121 2227 1230 2258 Locus
1246 2226 1459 2266 deploratus,
1481 2224 1541 2256 do-

77 2284 176 2316 quem
194 2274 309 2306 Diana
326 2276 410 2307 irata
427 2276 781 2317 immiserat‚victum,
836 2287 898 2308 nec
923 2277 1111 2307 subsidium
1137 2275 1250 2307 ferant
1278 2275 1423 2308 Codices
1453 2274 1539 2305 anti·

77 2329 113 2356 et
135 2324 282 2356 humeris
297 2325 504 2366 impositum,
527 2327 640 2358 vivum
657 2327 782 2358 detulit
836 2327 907 2367 qui,
925 2328 978 2357 vel
996 2326 1200 2357 Criticorum
1220 2325 1302 2356 felix
1315 2324 1497 2356 industria.

79 2374 121 2406 ad
137 2376 380 2416 Eurystheum,
401 2377 458 2417 qui
482 2377 530 2408 ita
547 2378 689 2409 territus
715 2381 779 2416 est,
880 2378 967 2409 Siria
982 2376 1098 2416 sidera]
1129 2377 1304 2415 Canicula,
1327 2375 1371 2407 de
1398 2385 1463 2417 qua
1489 2383 1540 2406 su-

77 2428 114 2456 ut
129 2434 218 2456 aereo
235 2435 314 2456 vase
330 2435 366 2456 se
382 2427 573 2458 occultarit.
830 2429 909 2469 pra.

121 2477 183 2506 120
210 2475 344 2515 Taurus]
368 2476 542 2507 Cretensis
556 2477 700 2517 scilicet,
726 2487 783 2508 na·
882 2481 944 2509 130
967 2478 1098 2518 Superis
1111 2476 1334 2518 spectantibus]
1368 2476 1432 2507 Ida
1448 2483 1541 2506 mons

79 2529 133 2557 tus
147 2526 266 2557 itidem
291 2535 333 2557 ex
360 2527 466 2558 Lunae
488 2527 613 2567 sidere,
640 2528 698 2559 ubi
716 2539 783 2559 ma-
838 2534 891 2560 est
907 2538 1004 2561 sacer
1022 2529 1163 2569 Cybelae
1186 2528 1288 2559 matri
1306 2528 1475 2563 Deorum;
1508 2529 1542 2555 et

74 2576 150 2616 jora
160 2577 315 2608 animalia
325 2577 368 2608 ali
380 2577 539 2609 dicebant
553 2578 691 2620 quidam
703 2579 782 2610 Phi-
838 2585 967 2621 tamen,
994 2580 1043 2611 his
1058 2579 1341 2620 inspectantibus,
1357 2582 1540 2608 monstrum

81 2625 220 2667 ¹⁰⁵⁰Ph3·
837 2631 946 2662 halitu
977 2629 1143 2670 pestifero
1170 2629 1263 2659 illum
1290 2633 1438 2658 montem
1464 2633 1541 2654 con-

125 2681 184 2709 121
223 2680 365 2721 Dictaea]
411 2681 605 2720 Cretensia,
636 2691 655 2712 a
674 2681 782 2712 Dicte
839 2679 1178 2720 sumit‚infestatque
1202 2679 1304 2709 etiam
1324 2679 1430 2707 locum
1449 2674 1540 2704 illum

84 2731 202 2759 monte
218 2729 342 2771 Cretae,
357 2731 390 2762 iu
417 2741 482 2773 qua
506 2731 646 2772 Jupiter
661 2731 784 2764 educa·
839 2730 896 2772 qui
913 2734 1131 2762 consecratus
1149 2733 1202 2760 est
1217 2728 1313 2760 Jovis
1328 2724 1516 2757 cunabulis.

87 2782 139 2808 tus
157 2781 220 2810 est.
