1851 3213
331 221 446 264 1094
781 233 856 264 GL.
889 233 1172 265 GLAUDJANJ
1207 233 1348 264 Χινι.

332 327 518 382 Reptat,
541 332 583 370 et
603 330 762 371 attritis
784 331 859 371 vix
882 330 1088 383 languida
1112 331 1250 384 serpit
1270 331 1425 371 arenis.

329 396 417 437 Sed
438 397 554 437 latus
575 398 760 438 armavit
782 398 924 449 gelido
944 402 1101 438 natura
1123 412 1292 439 veneno
1312 412 1321 449 3
1764 399 1792 438 5

330 463 387 504 Et
407 463 560 516 frigus,
584 478 674 517 quo
698 470 853 505 cuncta
873 466 1008 515 rigent
1025 466 1233 515 animata,
1255 466 1457 506 medullis

328 530 536 581 Miscuit,
561 536 604 572 et
623 534 821 585 proprias
840 532 1020 585 hyemes
1043 545 1122 586 per
1141 534 1314 574 viscera
1335 533 1474 574 duxit.

330 598 548 639 Naturam
564 599 692 652 juvat
711 600 813 652 ipsa
836 600 964 649 dolis,
989 604 1030 640 et
1053 601 1234 640 conscia
1255 601 1386 641 sortis

329 665 480 706 Utitur
500 667 689 719 ingenio,
712 668 925 720 longeque
948 672 1128 708 extenta
1150 683 1224 722 per
1247 668 1371 719 algas

326 733 431 774 Hac
453 734 623 774 confisa
637 735 781 788 Jacet:
814 747 1025 775 successu
1047 735 1150 774 laeta
1171 736 1370 787 resurgit,
1735 733 1792 773 10

327 801 385 841 Et
404 801 532 842 vivos
555 802 729 854 impune
748 801 871 840 ferox
893 800 1149 852 depascitur
1171 804 1302 841 artus.

326 868 375 908 Si
394 867 571 921 quando
593 868 751 907 vestita
773 866 887 907 cibis
903 867 1122 907 incautior
1142 879 1232 907 aera

327 934 559 984 Hauserit,
580 938 620 974 et
641 935 790 974 curvis
812 933 991 974 fraenari
1012 935 1199 974 senserit
1221 933 1359 974 hamis
1377 948 1387 987 ;

325 1000 370 1041 N
375 1014 431 1041 on
453 1000 572 1051 furit,
594 1005 667 1042 aut
687 1014 799 1042 vano
822 1004 1004 1042 conatur
1027 1001 1190 1042 vellere
1209 1014 1379 1042 morsu:

325 1148 355 1177 et
371 1147 454 1176 lenta
470 1145 525 1175 rix
540 1145 640 1175 trahit
656 1155 690 1176 se
705 1146 808 1176 arenis
818 1145 943 1185 pressis.
989 1145 1035 1177 At
1050 1148 1163 1176 natura
1178 1144 1333 1176 instruxit
1347 1145 1430 1175 lutus
1443 1144 1516 1185 ejus
1532 1152 1645 1175 veneno
1651 1143 1790 1184 frigido,

325 1191 356 1219 et
372 1189 494 1218 addidit
510 1189 652 1219 medullis
665 1189 812 1228 glaciem,
838 1199 896 1228 qua
912 1189 1059 1219 animalia
1074 1189 1177 1219 omnia
1193 1191 1327 1228 torpent,
1343 1190 1372 1218 et
1387 1188 1453 1227 egit
1465 1197 1522 1228 per
1537 1190 1610 1217 θετέα
1627 1187 1700 1227 ejus
1716 1188 1790 1228 hye-

324 1241 403 1262 mem
427 1241 523 1261 suam.
569 1231 642 1271 Ipsa
668 1231 698 1260 T
702 1231 831 1271 orpedo
859 1231 985 1269 adjuvat
999 1235 1144 1262 naturam
1177 1231 1302 1262 insidiis
1324 1230 1405 1268 suis,
1431 1233 1461 1261 et
1486 1239 1667 1269 cognoscens
1681 1229 1792 1268 fatum

325 1283 434 1312 suum,
456 1274 609 1313 impendit
633 1274 789 1313 ingenium
807 1284 914 1312 suum,
937 1277 967 1304 et
990 1278 1134 1314 porrecta
1149 1275 1210 1305 late
1221 1284 1279 1313 per
1301 1283 1438 1304 muscum
1461 1273 1641 1312 marinum,
1664 1272 1791 1304 recubat

323 1317 476 1358 considens
491 1317 590 1346 tactui
605 1326 664 1347 suo
680 1327 686 1346 :
704 1322 739 1346 at
750 1317 888 1354 gaudens
903 1326 1037 1347 successu
1054 1317 1225 1354 excitatur,
1240 1319 1270 1347 et
1285 1317 1419 1346 crudelis
1435 1317 1562 1346 dez-orat
1578 1319 1644 1346 tuto
1661 1325 1788 1356 corpora

322 1360 459 1389 vii-entia
475 1359 630 1398 piscium.
677 1359 713 1389 Si
728 1359 893 1398 aliquando
916 1359 1139 1398 imprudentior
1156 1359 1348 1389 exsorbuerit
1370 1358 1504 1388 hamum
1520 1367 1633 1388 cereum
1653 1358 1789 1389 cinctum

324 1411 403 1440 esca,
431 1405 461 1432 et
475 1401 604 1432 senserit
621 1410 656 1432 se
673 1402 772 1431 teneri
788 1402 888 1431 hamis
913 1403 1061 1440 curt-atis,
1088 1402 1169 1432 haud
1185 1401 1313 1442 effugit,
1341 1404 1395 1431 aut
1412 1404 1513 1432 tentat
1529 1401 1658 1431 avellere
1673 1401 1789 1432 hamos

940 1497 1176 1511 eeeeeeeeeeee

322 1561 463 1592 Salmas.
483 1561 525 1592 ad
544 1561 637 1592 Hist.
655 1561 744 1601 Aug.
762 1572 796 1602 p.
810 1561 962 1593 293.’—-1
985 1562 1019 1592 in
1034 1561 1180 1592 attritum
1196 1572 1225 1592 v.
1243 1562 1264 1593 l.
1278 1562 1391 1602 serpsit
1418 1561 1495 1592 Pal.
1521 1561 1655 1599 fortuna
1676 1570 1789 1592 veneno

321 1605 403 1634 Vat.
423 1608 504 1634 tert.
530 1604 753 1635 Florent.——6
776 1603 911 1635 membra
937 1604 1042 1643 rigent
1070 1604 1276 1644 conjiciebat
1302 1605 1423 1635 Heius.
1446 1607 1587 1635 armentu
1602 1603 1721 1636 Ambr.
1737 1613 1788 1644 pr.

322 1646 444 1677 Sched.
462 1646 553 1678 Gud.
576 1650 699 1677 armatu
716 1656 832 1677 omnes
857 1647 952 1678 Vatt.
971 1646 1077 1677 Hafu.
1095 1648 1170 1678 Pal.
1188 1647 1283 1679 Rott.
1308 1647 1416 1679 Oisel.
1434 1647 1546 1679 Oxou.
1563 1650 1694 1678 δρα-Π
1714 1656 1788 1687 pro-

317 1699 411 1730 peras
427 1699 487 1729 pro
500 1690 645 1729 proprias
659 1690 799 1730 legebat
820 1689 1001 1722 Heins.——8
1037 1700 1096 1720 ηοιι
1113 1700 1173 1730 pro
1192 1690 1286 1728 juvat
1302 1690 1434 1721 Buslid.
1461 1690 1549 1728 juvit
1565 1690 1631 1721 duo
1648 1689 1790 1721 Med.—

321 1735 342 1763 9
367 1732 503 1772 Impedit
521 1741 580 1772 pro
602 1733 714 1763 Utitur
729 1732 860 1763 Buslid.
884 1733 998 1763 Uritur
1014 1732 1078 1763 duo
1095 1732 1189 1764 Med2
1208 1733 1289 1764 Put.
1314 1734 1403 1773 longe
1417 1734 1553 1764 distenta
1569 1733 1667 1764 Rott.
1692 1733 1791 1764 undas

320 1785 383 1815 pro
407 1776 495 1814 ulgus
511 1775 732 1806 {susum—10
756 1776 829 1806 Hac
853 1775 967 1817 confisa
983 1776 1070 1814 jacet
1100 1777 1251 1807 Florent.
1285 1777 1382 1807 Tactu
1399 1776 1465 1818 fisa
1480 1775 1566 1814 jacet
1594 1774 1701 1806 Hafu.
1741 1776 1789 1806 Ac

319 1818 527 1860 confisajucet
538 1819 619 1849 Vat.
633 1823 715 1848 tert.
731 1819 825 1849 Rott.
840 1819 989 1850 Floreut.
1002 1829 1046 1849 ni.
1061 1829 1128 1851 sec.
1153 1818 1200 1850 Ac
1212 1822 1297 1851 tactu
1309 1819 1517 1861 confisujucet
1532 1819 1599 1850 duo
1611 1819 1709 1850 Vatt.
1723 1818 1790 1849 Pe-

321 1865 392 1892 tav.
410 1871 479 1892 sec.
504 1863 638 1891 Attactu
652 1861 860 1902 confisaJ'acet
878 1862 991 1893 Oxou.
1010 1871 1079 1894 sec.
1112 1862 1246 1893 Attactu
1261 1863 1373 1904 confisa
1387 1872 1441 1893 suo
1458 1862 1541 1893 Var.
1561 1862 1627 1893 LL.
1645 1871 1663 1892 e
1680 1871 1790 1902 maig.

320 1904 437 1934 Pan-,m
474 1903 527 1935 Ad
552 1907 671 1934 tactum
686 1905 770 1935 Var.
789 1904 859 1935 LL.
885 1904 940 1936 ed.
961 1904 1066 1936 Antv.
1106 1905 1204 1936 Tactu
1226 1905 1444 1947 cmfisaJ’acct
1468 1904 1543 1935 Pal.
1561 1904 1658 1935 Med.
1676 1908 1789 1945 quart.

319 1947 453 1979 Attae-tu
469 1946 564 1977 Med.
589 1956 639 1986 pi.
664 1947 732 1978 inc.
750 1947 871 1978 Heius.
895 1948 976 1979 Put.
996 1949 1118 1978 Petav.
1136 1957 1188 1988 pr.
1206 1949 1337 1980 Bonon.
1353 1948 1480 1979 Moret.
1499 1957 1549 1988 pr.
1566 1947 1649 1978 Cod.
1669 1947 1787 1988 Epigr.

320 1988 438 2020 Ambr.
476 1989 613 2020 Atlactu
627 1990 741 2038 εοιιῄεα
759 1990 847 2028 jacet
862 1993 892 2020 et
915 1992 987 2021 lata
1005 1991 1142 2030 resmgit
1170 1991 1265 2021 Wled.
1282 2001 1350 2022 sec.
1386 1992 1414 2022 A
1433 1994 1520 2021 tactu
1545 1989 1674 2028 confusa
1689 1990 1789 2032 jacet,

318 2041 456 2063 successu
474 2033 546 2063 laeta
573 2033 711 2071 resurgIt
738 2033 869 2064 Buslid.
907 2033 1005 2064 Tacta
1022 2034 1097 2075 fixa
1114 2033 1216 2073 jacet,
1240 2043 1381 2065 successu
1405 2035 1479 2064 laeta
1505 2033 1641 2072 resurgit
1668 2013 1789 2066 Ambr.

321 2079 402 2106 tert.
427 2077 564 2106 Attactu
579 2075 691 2117 confisa
707 2085 776 2115 suo,
793 2077 897 2107 tuml.
915 2078 1055 2116 vesmgit
1072 2075 1189 2107 Ambu
1207 2086 1400 2116 p1.m.sec.
1428 2076 1786 2117 TactuficajacetVat.

321 2127 389 2149 sec.
425 2119 458 2148 in
476 2119 554 2149 Vat.
573 2128 620 2158 pi.
641 2123 726 2156 erat,
761 2119 789 2149 A
808 2122 895 2150 tactu
910 2120 1032 2160 confixa
1046 2130 1155 2150 sua...
1170 2120 1233 2154 Qui
1257 2119 1514 2159 tetigeveJ'acent.
1551 2128 1689 2150 successu
1714 2119 1788 2150 loeta

317 2165 497 2200 resurgunt.
522 2162 612 2202 quod
629 2166 663 2192 et
681 2161 798 2192 Ambr.
825 2172 874 2202 pr.
890 2162 1003 2199 habet,
1028 2163 1061 2192 in
1079 2163 1161 2193 Exc.
1179 2163 1321 2193 Lucens.
1338 2172 1390 2202 pr.
1406 2166 1493 2200 erat,
1516 2161 1651 2193 Attuctu
1673 2160 1788 2203 confisa

317 2213 372 2234 suo
388 2204 551 2235 immobilis
567 2205 675 2244 haret,
694 2205 756 2239 Qui
771 2205 903 2244 tetigere
914 2206 1029 2244 jacent.
1044 2215 1181 2236 successu
1198 2207 1270 2236 Ioetu
1285 2206 1432 2244 resurgit.
1459 2204 1523 2240 Qui
1538 2205 1668 2243 tetigere
1675 2203 1788 2241 jacent

318 2245 371 2277 ed.
388 2247 501 2278 Parm.
528 2248 560 2277 iu
587 2248 756 2288 vet.Gy1·.
786 2248 965 2278 immutato
995 2248 1112 2279 ordine
1132 2258 1286 2278 versuum
1312 2254 1398 2286 erat,
1426 2247 1490 2282 Qui
1515 2247 1646 2286 tetigere
1665 2246 1786 2285 jacens.

317 2296 456 2320 successu
471 2291 545 2320 la’ta
560 2300 725 2329 resurgens
740 2292 872 2321 Attactu
890 2290 1003 2332 confisa
1017 2301 1083 2330 suo,
1109 2291 1276 2321 immobilis
1292 2290 1400 2321 hoeret.
1404 2292 1485 2321 -u
1503 2289 1603 2328 ferox
1620 2289 1786 2321 Va1·.LL.

317 2340 460 2371 emarg.
478 2333 592 2363 Pan-,m
621 2333 711 2370 firos
727 2333 791 2363 duo
815 2334 911 2364 Vatt.
931 2335 1060 2364 Monet.
1079 2343 1130 2373 pr.
1165 2343 1234 2364 suos
1249 2332 1302 2362 ed.
1321 2333 1435 2363 Pa1·.m
1474 2334 1649 2381 deposcitur
1662 2332 1784 2365 Petav.

317 2383 385 2406 sec.
389 2377 472 2405 —12
496 2385 542 2406 me
558 2375 654 2406 vicior
670 2386 732 2415 pio
748 2376 905 2406 incautior
921 2377 998 2407 Vat.
1016 2386 1083 2407 sec.
1119 2376 1214 2406 ullum
1241 2385 1302 2415 pro
1319 2385 1382 2406 (ενα
1399 2376 1528 2406 Buslid.
1550 2375 1607 2416 qui
1623 2385 1693 2416 seq.
1709 2384 1784 2406 ver·

317 2426 390 2448 sum
408 2417 456 2447 ita
474 2422 711 2456 repraesentat,
737 2419 893 2448 Hauserit
909 2422 937 2449 et
960 2422 1057 2449 totum
1073 2419 1143 2457 jam
1164 2418 1302 2458 perdidit
1318 2428 1405 2449 omne
1419 2429 1576 2449 venenum.
1611 2418 1707 2449 armis
1722 2427 1783 2458 pro

317 2460 416 2490 hamis
433 2465 501 2490 tres
517 2461 615 2491 Vatt.
643 2460 716 2490 Pal.
745 2461 840 2491 Rott.
866 2461 970 2491 Oisel.
999 2462 1147 2491 Florem.
1177 2465 1245 2490 tres
1262 2461 1355 2491 Med.
1383 2461 1448 2492 inc.
1469 2461 1587 2492 Heius.
1617 2461 1697 2492 Put.
1714 2461 1782 2491 duo

317 2502 440 2534 Petav.
460 2504 591 2533 Bonon.
611 2502 695 2533 Cod.
713 2503 803 2543 Epig
807 2513 831 2534 r.
846 2502 953 2534 Amb1
957 2528 964 2535 .
979 2505 1061 2535 Exc.
1079 2504 1223 2534 Lucens.
1242 2512 1294 2543 pr.
1307 2504 1386 2535 Van.
1400 2504 1468 2535 LL.
1483 2504 1539 2534 ed.
1553 2503 1659 2534 Antv.
1673 2513 1716 2534 m.
1730 2513 1781 2543 pr.

316 2549 400 2577 —14
428 2546 499 2576 Non
513 2548 583 2576 sunt
602 2546 684 2576 hamt
700 2555 777 2576 vano
792 2545 924 2576 Buslid.
950 2545 1037 2584 furit
1056 2551 1201 2586 quatuor
1214 2546 1309 2576 Vatt.
1329 2545 1434 2577 Hafn.
1462 2546 1535 2577 Pal.
1552 2547 1648 2576 Rott.
1671 2545 1784 2577 Oisel.

316 2588 470 2620 Florent.
489 2593 558 2620 tres
575 2587 673 2619 Med.
702 2588 824 2619 Petav.
843 2597 910 2619 sec.
936 2589 1002 2619 duo
1021 2588 1137 2620 Ambr.
1155 2587 1241 2618 Cod.
1268 2588 1387 2629 Epigr.
1406 2588 1523 2621 Ambr.
1550 2588 1670 2620 Sehed.
1689 2587 1780 2621 Gud.

978 2685 1116 2718 NOTAE

360 2754 379 2782 8
406 2750 534 2781 Conscia
547 2750 657 2792 sortis]
683 2751 899 2792 cognoscens
920 2761 1019 2782 vene·
1075 2751 1168 2782 nius:
1193 2751 1201 2767 ‘
1221 2749 1329 2781 Novit
1342 2747 1500 2790 Torpedo
1518 2748 1584 2781 vim
1607 2758 1715 2790 suam,
1729 2748 1778 2791 ip-

314 2811 395 2833 num
410 2801 473 2834 sibi
499 2805 592 2833 sorte
607 2810 667 2833 seu
682 2800 755 2834 fato
772 2802 901 2835 datum.
947 2802 1019 2835 Pli-
1072 2811 1111 2834 sa
1126 2811 1192 2834 non
1209 2799 1372 2843 torpeus,'
1389 2802 1455 2833 διο.
