1851 3213
277 185 394 229 1422

325 292 494 331 Opulentz'u
507 291 638 332 ling-me]
656 293 747 322 Fusa
759 291 916 333 quaedaul
929 291 987 322 ab·

277 343 478 383 undansque
495 344 604 383 copia.
634 343 747 374 Barth.

320 397 363 425 22
389 395 653 434 Tutariqnerm]
676 394 797 425 Studia
815 393 986 434 priin‘eevae

276 445 465 476 nobilitatis
484 446 644 475 llouzauoe
664 446 857 485 priusquam
874 445 914 473 ad
932 444 987 474 lio-

276 505 376 526 nores
408 496 576 535 gerendos
615 495 780 526 accedere
820 501 983 536 possent:

276 546 395 576 summi
428 547 515 576 enim
546 546 636 575 tituli
666 551 741 575 erat
768 546 984 586 eloquentem

274 605 360 627 esse.
407 597 591 635 Principum
618 596 728 627 liberos
745 596 778 627 id
796 597 899 627 etiam
916 602 986 627 stu-

275 647 389 677 duisse
405 647 489 677 adeo
507 657 623 677 verum
637 652 704 686 est,
722 652 806 677 utet
824 648 899 678 liinc
914 648 984 678 lau-

275 697 352 729 dem
369 698 649 738 inscriptionibus
667 697 811 738 publicis
837 698 985 728 ambive-

275 749 355 780 rint.

317 799 390 839 Ipsa
406 800 471 829 ‘'m’c
497 798 689 838 amplissima
712 798 813 837 sedes]
847 796 983 828 Curiam

275 849 371 881 dicit.
399 849 517 879 Barth.

319 901 360 929 23
388 900 540 929 Orantem
564 898 702 939 stupuit]
725 898 843 929 Verba
857 897 984 929 facien-

275 953 357 980 tem.
420 949 551 988 Stupuit
589 948 631 979 ad
672 949 879 990 eloquentiae
916 949 984 979 vim

274 1000 440 1040 pertinet,
457 1000 606 1030 attonito
624 999 876 1039 quodammodo
893 999 986 1030 audi-

273 1055 359 1083 tore.
386 1052 483 1081 Idem.

316 1104 358 1132 24
383 1103 466 1132 Pars
478 1101 604 1142 Lz'byce]
628 1101 875 1132 Proconsulem
892 1099 984 1131 Afri-

273 1162 323 1185 cae
341 1157 423 1193 puto
441 1152 600 1192 intelligi,
617 1156 674 1182 aut
692 1151 803 1191 potius
821 1151 983 1182 vicarium

273 1203 418 1244 Africae,
434 1203 542 1233 virum
561 1202 756 1242 spectatiSS.
789 1202 914 1232 Cluver-

315 1258 424 1298 Libyae
440 1257 649 1287 moderantem
664 1254 757 1293 jura]
791 1254 983 1283 Proconsu-

271 1307 336 1338 lem
353 1306 480 1337 Africae
495 1305 659 1344 intehige.
687 1303 928 1334 Moderatores
945 1313 984 1334 eo

274 1367 346 1388 aevo
365 1356 553 1387 Provinciis
571 1354 741 1395 praefecti.
765 1354 883 1385 Barth.

316 1410 358 1438 26
370 1408 507 1447 Eriguoe
517 1416 664 1447 peperere
677 1405 784 1445 moroe]
799 1405 930 1438 Quibus
942 1404 983 1436 iis

276 1458 430 1489 adfuisti.
460 1457 534 1488 Nisi
547 1457 731 1497 sispatium
749 1456 839 1487 inter
856 1461 984 1486 utrum-

271 1519 335 1550 que
358 1509 534 1550 honorem,
555 1508 721 1539 minorem
751 1512 787 1539 et
810 1508 985 1549 majorem,

274 1559 451 1599 intelligit.

315 1610 531 1650 populumque
578 1609 741 1649 clientem]
809 1609 984 1639 Patronum

272 1660 453 1690 Manlium.
499 1660 652 1691 Clientes
683 1660 836 1700 proprie,
855 1660 982 1700 quippe

271 1709 368 1741 bonis
385 1710 641 1751 commodisque
665 1708 781 1741 affecti
800 1710 840 1740 ab
859 1710 981 1740 Patro-

271 1770 314 1791 no
332 1760 475 1791 Manlio.
499 1760 620 1791 Barth.

314 1812 355 1840 27
388 1809 570 1848 Testantur]
609 1809 745 1840 Indicio
782 1819 840 1840 suo
869 1809 982 1840 decla-

271 1863 360 1890 rant.
387 1860 485 1890 Idem.

312 1912 354 1940 28
379 1908 555 1949 Macetum]
580 1909 620 1940 Id
639 1914 703 1947 est,
730 1910 979 1942 Macedonum:

271 1970 349 1991 nam
378 1964 415 1991 et
445 1958 588 1990 Μακέτια
615 1960 741 1991 dicitur
774 1961 982 1992 Macedonia

271 2010 461 2050 Stephano.
487 2011 607 2041 Clurer.

317 2062 452 2092 Condita
469 2062 565 2092 Pellae
592 2063 728 2103 Moeniu]
759 2063 981 2095 Conditorem

270 2121 351 2152 ergo
367 2122 477 2151 suum,
493 2113 612 2143 summi
627 2114 764 2145 honoris
785 2114 890 2154 ipsius
908 2125 981 2156 gra-

271 2163 332 2201 tia,
349 2164 517 2194 Manlium
541 2163 703 2195 dixerunt
717 2165 847 2203 Pellaei,
865 2172 898 2197 ut
913 2167 981 2197 Eu-

271 2215 420 2254 tropium
438 2215 620 2246 Consulem
642 2216 763 2248 eodem
788 2227 875 2249 anno
894 2219 982 2250 Con-

271 2264 584 2304 stantinopolitani.
610 2268 726 2298 Barth.

315 2316 446 2345 Credita
477 2316 572 2346 Peuce
599 2318 733 2359 DIoeniu]
758 2320 843 2351 Vult
868 2321 981 2353 Poeta

269 2366 437 2397 Manlium
455 2367 670 2398 Macedoniae
688 2368 790 2400 fuisse
816 2372 978 2411 praeposi-

271 2421 355 2448 tum.
402 2417 524 2448 Deirio
542 2418 614 2448 vult
639 2418 852 2451 Praefectum
873 2421 980 2453 fuisse

270 2466 441 2498 Praetorio
459 2467 632 2507 Illyricae3
656 2469 746 2509 quod
766 2475 871 2501 totam
884 2472 980 2503 Grae-

269 2518 355 2549 ciam
370 2518 676 2558 complectebatur.
725 2521 769 2550 Et
787 2530 867 2551 sane
884 2527 978 2553 recte

269 2577 331 2608 pro
360 2567 567 2598 Macedonia
586 2568 674 2598 Pena
694 2575 900 2609 usurpatur:
925 2576 979 2602 est

268 2618 358 2648 enim
377 2618 601 2649 celeberrima
627 2618 710 2649 urbs
734 2619 824 2650 illius
841 2621 977 2661 provin-

269 2668 342 2699 ciae.
365 2669 509 2708 Dempst.

315 2721 445 2751 Credita
464 2720 558 2750 Pellae
575 2719 711 2760 Moem'a]
734 2721 791 2752 Sic
811 2721 977 2752 membra-

270 2779 324 2802 nae
352 2771 525 2812 pleraeque
552 2780 629 2802 cum
654 2771 764 2812 primo
786 2771 975 2804 Vaticano:

510 197 653 228 NOTAE
686 196 956 227 VARIORUM
991 194 1042 225 IN
1077 195 1154 226 GL.
1187 194 1370 225 CLAUD.
1403 194 1534 226 xvtl.

1039 290 1207 331 quomodo
1225 294 1261 320 et
1277 289 1310 319 in
1327 298 1385 319 ora
1401 288 1477 319 libri
1495 288 1546 319 sui
1563 287 1744 329 legendum

1037 345 1174 371 notarat
1191 350 1331 379 maguus
1349 339 1511 376 Scaliger.
1546 339 1658 379 Vulgo
1674 348 1745 369 con-

1037 391 1115 421 dita.
1138 391 1213 421 Tibi
1228 390 1434 420 Macedonia
1449 395 1482 419 et
1498 389 1604 419 Pellae
1620 388 1746 420 moenia

1038 446 1117 471 sunt
1142 444 1336 472 commissa:
1371 439 1498 470 frustra
1525 445 1655 479 pugnat
1683 447 1746 479 pro

1039 493 1176 532 vulgata
1204 492 1370 532 sciiptura
1399 490 1580 520 Risimus:
1605 498 1681 519 cum
1696 497 1747 520 se-

1037 543 1178 583 quentia
1194 543 1262 581 illa,
1279 543 1447 572 commissae
1463 540 1612 571 revocasti
1626 540 1747 579 gaudia

1033 595 1136 633 genti,
1164 594 1247 624 satis
1273 598 1420 623 nostrum
1451 592 1657 631 scripturam
1686 589 1746 621 ad-

1037 649 1181 675 struant.
1205 643 1409 684 Hujusmodi
1423 652 1538 673 naevos
1556 642 1671 682 plures
1687 650 1746 672 ex-

1039 695 1218 734 punximus
1237 695 1278 724 ad
1297 693 1436 725 Remed.
1453 693 1570 725 Amor.
1587 692 1748 734 Nasonis,

1036 754 1066 774 v.
1081 747 1134 774 65.
1166 744 1210 774 D.
1231 744 1344 774 Heius.

1080 797 1117 824 31
1147 794 1295 824 Bellante
1312 794 1474 834 Philippo]
1499 795 1642 834 Argute.
1665 794 1746 826 Bel-

1034 844 1068 874 la
1084 844 1172 874 enim
1191 849 1227 874 et
1244 845 1389 884 gerebat
1414 849 1450 875 et
1472 845 1662 876 seminabat
1678 856 1745 887 qua

1035 899 1186 936 poterat,
1201 894 1292 926 ferro
1306 900 1340 926 et
1354 895 1492 935 ingenio
1508 896 1746 928 metuendissi·

1035 958 1107 978 mus
1125 947 1303 987 Princeps,
1328 947 1444 978 Barth.

1078 1001 1120 1029 32
1146 998 1224 1029 Cum
1239 999 1345 1039 regia]
1369 998 1473 1038 Regia
1483 1008 1624 1040 regnum
1641 998 1745 1030 deno-

1036 1053 1101 1080 tat.
1133 1049 1230 1080 Idem.

1079 1102 1119 1130 33
1143 1099 1244 1139 Aula]
1268 1100 1463 1140 Imperator
1477 1100 1562 1141 ipse.
1587 1101 1746 1134 Quaesto-

1035 1161 1106 1181 rem
1123 1149 1227 1182 fuisse
1254 1151 1421 1182 Manlium
1451 1152 1577 1182 docent
1601 1161 1746 1194 sequen-

1036 1201 1092 1231 tia.
1117 1201 1219 1232 Idem.

1079 1253 1121 1280 34
1145 1251 1252 1281 Terris
1288 1252 1389 1282 edicta
1417 1252 1561 1292 daturus]
1613 1253 1744 1294 Magna

1036 1301 1197 1341 dignum,
1223 1301 1343 1341 ingens
1368 1302 1473 1332 honos
1491 1304 1683 1336 Qnaestoris
1707 1303 1744 1336 in

1038 1352 1214 1382 Comitatu
1232 1353 1376 1392 aulaque
1390 1352 1626 1393 Imperatoris.
1644 1355 1744 1387 Idem.

1080 1404 1119 1432 35
1147 1403 1283 1434 Oracula
1301 1404 1415 1444 Regis]
1444 1406 1564 1444 Regum
1581 1417 1632 1447 pr.
1646 1410 1744 1442 Med.

1037 1457 1072 1484 et
1088 1454 1203 1485 Palat.
1219 1460 1257 1485 ut
1282 1456 1452 1496 rescripta
1478 1457 1680 1500 Principum
1696 1461 1746 1495 in-

1036 1505 1171 1544 telligat
1187 1510 1222 1536 et
1237 1507 1510 1539 constitutiones.
1544 1510 1589 1541 D.
1605 1510 1721 1544 Heius.

1083 1556 1234 1596 Oraculu]
1272 1557 1328 1588 Ad
1359 1559 1576 1599 majestatem
1606 1571 1742 1594 servan-

1035 1606 1126 1644 dam,
1154 1608 1368 1649 populosque
1394 1614 1446 1640 tot
1462 1610 1560 1641 unius
1591 1611 1743 1652 Imperio

1035 1657 1209 1697 subjectos
1241 1659 1448 1699 retinendos,
1475 1661 1617 1693 Romani
1642 1662 1743 1694 Prin·

1034 1708 1127 1748 cipes
1149 1709 1330 1750 plerasque
1352 1720 1430 1741 suas
1456 1711 1661 1743 domesticas
1687 1722 1742 1745 res

1033 1758 1446 1799 divinitatiadscribunt,
1475 1762 1629 1794 Decreta
1655 1773 1742 1804 prae-

1033 1808 1147 1848 cipue,
1162 1809 1351 1849 Responsa,
1365 1811 1500 1851 Edicta,
1514 1822 1588 1852 quae
1603 1815 1742 1846 oracula

1033 1858 1209 1897 perhiberi
1237 1860 1431 1899 voluerunt,
1458 1871 1599 1902 quorum
1620 1864 1742 1904 magis-

1035 1908 1157 1939 terium
1185 1919 1290 1949 penes
1313 1911 1510 1942 Quaestores
1536 1918 1623 1953 erat,
1650 1914 1741 1947 viros

1032 1959 1210 2000 insigniter
1235 1960 1399 2000 eruditos,
1432 1971 1574 2002 quorum
1606 1973 1663 1994 ore
1694 1965 1742 1996 lo-

1034 2017 1233 2053 querentur,
1251 2013 1308 2054 qui
1335 2023 1371 2044 se
1393 2014 1533 2046 Divinos
1549 2015 1658 2048 videri
1684 2026 1740 2048 vo-

1032 2063 1161 2095 lebant.

1076 2115 1192 2156 Regis]
1215 2116 1389 2157 Principis
1414 2117 1574 2159 Romani,
1589 2123 1740 2151 contem-

1033 2169 1068 2196 ta
1084 2166 1248 2206 religione
1262 2168 1386 2207 prisca.
1413 2168 1530 2200 Barth.

1078 2217 1213 2247 Orac-ula
1250 2216 1366 2257 Regis]
1424 2218 1493 2250 Hic
1539 2219 1739 2260 designatur

1032 2267 1207 2308 Quaestor,
1223 2268 1275 2299 vir
1302 2269 1466 2310 inlustris,
1484 2270 1547 2301 sub
1563 2280 1628 2312 quo
1644 2271 1738 2311 leges

1031 2317 1203 2349 dictandae
1222 2323 1257 2349 et
1283 2328 1414 2359 preces.
1441 2320 1565 2351 Claver.

1073 2368 1128 2399 Sic
1157 2373 1192 2399 et
1224 2369 1389 2409 rescripta
1426 2370 1600 2411 Principis
1640 2364 1737 2402 ‘ora-

1030 2418 1134 2449 cula!
1159 2418 1282 2450 Delrz'o.

1073 2472 1115 2501 36
1138 2471 1270 2510 Eloquio
1285 2481 1407 2502 crevere
1419 2472 1487 2512 tuo]
1511 2472 1735 2512 Splendorem

1029 2526 1223 2551 sumserunt
1238 2521 1278 2551 ab
1296 2522 1503 2562 eloquentia.
1532 2523 1648 2555 Barth.

1072 2573 1112 2601 37
1137 2571 1291 2608 Majestas
1307 2572 1464 2612 Romarm]
1499 2573 1737 2614 Imperatoria.

1027 2621 1225 2652 Sermonem
1253 2622 1407 2654 celebrat
1432 2624 1552 2655 Manlii
1574 2625 1737 2666 gravitati

1029 2672 1191 2702 Romanae
1208 2682 1406 2713 congruum.

1069 2723 1235 2763 Locutam]
1282 2724 1355 2755 Ore
1386 2724 1513 2765 quippe
1544 2725 1736 2759 Quaestoris

1028 2773 1180 2816 loquitur
1194 2774 1373 2815 Princeps.
1397 2775 1518 2808 Barth.
