1852 3182
679 212 842 241 i·;i¹1s'r0
853 213 938 242 [ΛΕ.
1414 210 1525 250 1055

73 306 236 347 Nullus
258 307 339 347 erit
357 305 455 346 finis
475 304 710 358 lacrymis?
743 306 954 347 subitisne
977 306 1171 348 savorem

71 372 302 413 Permutas
323 371 472 412 odiis?
519 370 623 421 Quo
645 385 766 412 mens
788 373 939 425 ignara
960 374 1164 422 nocendi,

71 437 172 488 Quo
194 453 348 480 sensus
369 439 518 480 abiere
536 440 630 493 pii'l
670 440 920 481 Tantumne
943 441 1096 482 licebit

71 505 289 546 Invidiae‘?
321 512 488 548 tantum
511 509 720 562 strepitus
741 509 918 550 valuere
937 509 1117 562 maligni
1135 511 1152 550 Τ

71 572 147 612 Me
169 572 290 613 dolor
310 573 529 623 incautus,
551 589 620 616 me
640 576 808 616 lubrica
829 577 1004 617 duxerit
1024 582 1137 617 aetas
1155 591 1166 628 ;

70 637 147 679 Me
167 642 313 681 tumor
332 642 565 694 impulerit,
587 655 655 683 me
676 642 832 683 devius
847 644 983 696 egerit
1005 644 1155 685 ardor:

1499 516 1526 554 Q·

68 758 169 788 meis?
191 758 242 789 An
257 761 409 791 convertis
424 760 662 793 benevolentium
675 761 707 793 in
723 772 777 793 me
793 765 890 803 tuam,
906 763 939 794 in
954 764 1057 795 odium
1072 763 1290 804 repentinum?
1317 765 1386 800 Quo
1403 765 1524 798 animus

66 801 186 832 nescius
199 804 325 833 nocendi
341 804 502 834 recessit?
536 814 592 844 quo
617 815 722 835 seusus
744 806 834 836 mites
855 805 1069 838 recesserunt?
1103 808 1155 838 An
1180 811 1303 838 tuntum
1326 809 1525 847 permittetur

66 842 178 875 livori?
221 854 262 875 au
292 855 430 876 rumores
455 847 602 877 malitiosi
626 851 748 878 tuntum
769 852 946 888 potuerunt,
972 855 1007 880 ut
1031 849 1205 881 irritarent
1237 854 1270 881 te
1297 855 1419 882 contra
1447 852 1525 882 me?

67 886 161 926 Esto,
175 887 260 918 dolor
274 887 463 930 imprudens,
480 890 629 929 juventus
652 891 773 921 mobilis
788 891 942 932 impulerit
957 902 1003 923 me
1023 893 1065 923 ad
1090 893 1318 933 peccanduu13
1343 894 1525 934 arrogantia

678 975 914 987 eeeeeeeeeeee

67 1023 120 1054 ed.
140 1024 252 1056 Parm.
268 1027 471 1067 simpliciter
484 1029 671 1068 Deprecatio
688 1030 793 1061 audit.
819 1031 898 1061 Vat.
915 1031 1023 1062 Livin.
1046 1031 1151 1062 habet
1178 1032 1224 1062 CI.
1243 1032 1408 1062 Claudiani
1425 1032 1527 1062 Satis-

58 1066 161 1102 suctio
174 1077 230 1107 pro
245 1078 276 1100 se
291 1071 374 1109 apud
388 1070 575 1102 stiliconem.
611 1073 645 1102 in
662 1073 741 1103 Vat.
768 1083 816 1113 pr.
834 1078 909 1104 erat
939 1074 1111 1104 Excusatio
1133 1084 1190 1113 pro
1212 1084 1254 1111 se,
1271 1075 1323 1104 vel
1341 1073 1525 1111 Sutisfuctio

62 1118 118 1148 pro
131 1120 162 1140 se
176 1112 256 1151 apud
272 1111 482 1144 Stilichonem.
511 1114 634 1145 Sched.
653 1114 741 1145 Gud.
769 1116 942 1155 Epistolam
957 1118 997 1146 ad
1014 1116 1215 1147 Hadrianum
1230 1115 1420 1154 Pru’sectum
1437 1116 1529 1146 Prae-

65 1152 144 1181 torio
170 1154 370 1186 inscribunt.
411 1156 443 1186 in
470 1156 601 1188 Buslid.
622 1157 763 1197 Epistola
790 1160 830 1188 ad
858 1158 1058 1189 Hadrianum
1083 1159 1288 1198 simpliciter
1313 1163 1467 1189 vocatur.

111 1198 126 1224 l
151 1199 204 1226 tuo
221 1197 316 1228 Rott.
333 1198 426 1230 Med.
442 1202 559 1238 pr.—2
582 1204 649 1231 erat
667 1201 748 1232 Exc.
764 1201 906 1233 Lucens.
921 1211 972 1241 pr.
996 1202 1055 1232 erit
1067 1206 1213 1242 quatuor
1227 1202 1322 1232 Vatt.
1339 1200 1414 1231 Pal.
1432 1201 1527 1232 Rott.

68 1235 172 1268 Oisel.
205 1242 251 1270 tat
279 1250 338 1279 pro
365 1241 425 1271 erit
449 1242 535 1272 Exc.
560 1242 638 1274 Pat.
657 1252 722 1274 rec.
756 1243 924 1284 subitisque
940 1249 1085 1285 quatuor
1100 1245 1195 1275 Vati.
1212 1244 1286 1274 Pal.
1305 1244 1399 1274 Rott.
1416 1243 1523 1275 Oisel.

63 1278 239 1321 subitusque
265 1283 330 1314 duo
357 1284 514 1315 Med—3
540 1285 713 1316 Per-mittas
741 1287 819 1317 Vat.
847 1292 956 1327 quai-t.
987 1287 1080 1318 Mod.
1111 1296 1178 1317 sec.
1209 1287 1291 1317 Put.
1323 1285 1441 1318 Ambr.
1473 1295 1525 1326 pr.

66 1322 195 1355 Buslid.
215 1325 338 1357 Moret.
355 1336 405 1366 pr.
421 1327 534 1359 Oxou.
558 1338 625 1359 sec.
653 1328 775 1359 Sched.
792 1329 883 1360 Gud.
908 1339 975 1369 qnoe
991 1340 1074 1360 mens
1092 1329 1184 1360 Med.
1202 1332 1317 1370 pr.—4
1342 1330 1388 1360 tui
1405 1338 1465 1369 pro
1478 1329 1525 1368 pii

66 1363 141 1395 Pal.
158 1366 238 1397 Vat.
254 1377 321 1398 sec.
337 1378 382 1399 m.
400 1379 451 1409 pr.
467 1370 534 1400 duo
560 1371 654 1401 Med.
682 1372 804 1402 Petav.
831 1381 881 1411 pr.
898 1371 982 1403 Cod.
1007 1371 1182 1402 Ursin.—5
1209 1372 1342 1402 Invidioe
1359 1375 1388 1402 et
1405 1374 1528 1402 tantum

66 1407 145 1437 Vai‘.
163 1409 230 1440 LL.
247 1419 265 1440 e
282 1420 388 1449 marg.
415 1412 530 1443 Parm.
562 1417 689 1451 potuere
717 1423 778 1452 pro
803 1415 924 1444 valuere
950 1414 1033 1444 Cod.
1059 1414 1238 1444 U1·sin.-—6
1260 1415 1350 1444 decor
1366 1423 1426 1454 pro
1441 1414 1527 1444 dolor

67 1448 160 1480 Med.
178 1460 245 1482 sec.
269 1452 409 1482 incautus
425 1458 568 1494 quatuor
584 1455 679 1485 Vatt.
697 1455 770 1484 Pal.
789 1456 882 1486 nott.
899 1456 1006 1486 Oisel.
1028 1456 1185 1486 incautum
1202 1456 1282 1486 Var.
1300 1457 1366 1486 LL.
1384 1465 1402 1486 e
1421 1465 1526 1495 marg.

66 1490 245 1524 Parm.—7
270 1495 325 1525 Me
339 1498 440 1526 tumor
459 1496 533 1526 Vat.
549 1502 660 1537 quart.
679 1497 744 1528 inc.
765 1498 881 1528 Heius.
906 1498 1059 1529 Floreat.
1085 1497 1180 1528 Med.
1209 1507 1274 1529 sec.
1301 1498 1382 1528 Put.
1412 1498 1526 1529 Oxou.

720 1576 750 1607 N
757 1576 860 1608 OTAE

66 1635 270 1668 cohortibus
290 1637 466 1670 Praetoriis
482 1640 669 1680 imperaret
685 1651 693 1671 ι
718 1640 767 1671 id-

65 1695 129 1727 que
142 1693 283 1719 auctore
295 1689 502 1730 Maecenate,
515 1691 564 1721 ait
579 1691 658 1722 Dio.
669 1691 767 1721 Post-

65 1745 107 1767 ea
132 1737 142 1754 ‘
160 1736 409 1771 Praefecturam
435 1740 596 1772 Praetorii
615 1751 715 1772 unam
733 1745 767 1772 et

65 1788 230 1820 modicam
259 1795 358 1821 antea
390 1792 516 1832 primus
547 1793 687 1833 Sejanus
718 1793 766 1823 in-

66 1837 176 1869 tendit
191 1839 210 1867 :'
235 1849 277 1870 ex
293 1841 421 1873 Tacito.
446 1843 541 1874 Dicti
558 1848 637 1874 sunt
649 1844 658 1860 ‘
673 1842 767 1874 Prae-

63 1888 147 1920 fecti
163 1890 354 1932 Proetorio,'
377 1893 467 1933 quod
484 1898 618 1924 veteres
633 1904 766 1926 omnem

66 1939 320 1981 Magistratum‚
336 1944 391 1984 qui
409 1944 574 1974 exercitui
589 1950 766 1985 praeesset,

66 1990 256 2024 Praetorem
296 1994 522 2034 appellarent.
592 1996 693 2027 Unde
731 2001 767 2028 et

69 2041 257 2072 Proetoriwn
271 2049 321 2073 est
339 2044 446 2074 Ducis
469 2045 639 2077 exercitus
656 2046 766 2077 taber-

66 2092 222 2122 naculum
240 2103 247 2130 ;
272 2098 307 2123 et
334 2094 366 2123 in
384 2095 503 2125 castris
523 2100 622 2135 porta
645 2096 766 2136 praeci-

67 2151 135 2181 pua
151 2142 289 2182 dicitur,
311 2144 438 2175 ‘Porta
454 2145 649 2177 Praetoria)
674 2148 769 2178 Prae-

67 2191 148 2222 fecti
176 2192 343 2223 Praetorio
369 2195 516 2234 dignitas
552 2207 676 2237 magna
705 2203 770 2237 est,

67 2247 101 2273 et
117 2242 223 2282 prima
240 2249 392 2283 potestas
417 2255 435 2274 a
453 2246 627 2286 Principe,
650 2247 707 2287 qui
732 2257 767 2279 se

67 2291 147 2324 fidei
173 2293 420 2326 Praefectorum
448 2297 617 2328 Praetorio
644 2298 764 2330 credit.

68 2343 218 2375 Haucob
229 2354 296 2375 rem
308 2347 340 2376 in
351 2347 477 2377 Codice
485 2348 710 2379 Justinianaeo
722 2348 764 2379 de

67 2403 106 2425 eo
121 2394 246 2426 dicitur
268 2397 276 2411 ‘
291 2396 530 2428 sublimissima
546 2397 667 2437 sedes,’
694 2399 715 2429 l.
729 2408 767 2430 11.

67 2442 110 2474 de
124 2444 228 2475 Cursu
243 2445 390 2485 publico.
407 2447 663 2487 Constantinus,
676 2449 766 2480 victo

67 2493 256 2535 Maxentio,
265 2500 408 2537 quatuor
417 2496 565 2528 instituit
576 2496 766 2529 Praefectos

68 2544 259 2577 Praetorio:
285 2557 368 2579 unus
381 2553 456 2578 erat
470 2547 660 2579 Praefectus
672 2549 763 2580 Prae-

68 2595 155 2627 torio
177 2597 377 2637 Galliarum,
394 2599 480 2630 alter
506 2599 628 2638 ltaliae,
644 2601 764 2630 tertius

67 2645 208 2687 lllyrici,
238 2655 377 2690 quartus
410 2649 575 2687 Orientis,
614 2650 674 2680 snb
701 2660 765 2691 quo

69 2697 309 2730 continebatur
330 2701 510 2741 AEgyptus.
554 2700 621 2732 Sed
638 2706 673 2730 et
689 2700 765 2732 Jus-

69 2745 228 2788 tiniauus,
244 2747 365 2781 Africa
391 2750 564 2791 restituta,
590 2749 766 2782 Vandalis·

822 1651 888 1681 que
916 1642 1096 1682 superatis,
1135 1642 1288 1673 instituit
1311 1641 1525 1675 Praefectum

823 1691 995 1723 Praetorio
1011 1692 1153 1723 Africae.
1199 1693 1255 1723 De
1275 1692 1396 1733 quibus
1422 1694 1528 1724 omni-

824 1741 886 1772 bus
903 1741 1099 1780 Praefecfis,
1121 1742 1156 1773 id
1179 1742 1305 1782 legitur
1330 1743 1362 1773 in
1396 1743 1526 1775 Codice

821 1791 1061 1832 Justinianaeo,
1082 1793 1102 1823 1.
1121 1802 1142 1824 ¹.
1175 1793 1218 1824 de
1234 1792 1399 1824 Praefect.
1418 1793 1528 1826 Praet.

823 1843 831 1859 ⁴
855 1841 1066 1874 Praefectum
1108 1843 1197 1882 urbi,
1240 1847 1276 1874 et
1315 1843 1525 1876 Praefectum

822 1893 1004 1933 Praetorio,
1026 1898 1062 1924 et
1088 1894 1273 1934 Magistros
1302 1895 1452 1935 equitum
1485 1905 1525 1926 ac

821 1943 974 1983 peditum
1003 1944 1200 1975 indiscretae
1236 1943 1388 1975 ducimus
1416 1944 1525 1985 digni-

821 1993 927 2025 tatis!

863 2047 883 2076 4
907 2045 1019 2075 Sensus
1032 2045 1094 2085 pii]
1130 2044 1268 2080 Animus
1283 2045 1384 2086 initis,
1405 2046 1462 2088 qui
1479 2045 1527 2078 di-

822 2095 964 2126 cebatur
981 2105 1054 2126 esse
1069 2096 1102 2126 in
1121 2095 1310 2126 Hadriano.

865 2150 882 2176 5
908 2146 1053 2184 luz-idm,
1067 2146 1216 2186 strepitus
1238 2145 1384 2185 maligni]
1420 2146 1473 2178 Ita
1490 2156 1526 2178 se

823 2195 1028 2226 Claudianus
1060 2201 1225 2226 excusat:
1274 2196 1393 2226 tribuit
1436 2197 1525 2227 enim

823 2245 912 2286 quod
935 2245 1060 2276 dictum
1089 2251 1174 2284 erat,
1202 2245 1341 2277 invidiae
1368 2250 1403 2277 et
1430 2247 1525 2278 malis

819 2296 1030 2326 sermonibus
1045 2295 1215 2326 hominum
1231 2296 1482 2328 malevolorum.

863 2348 882 2376 6
906 2345 1020 2385 Dolor]
1055 2346 1112 2377 Ob
1139 2351 1256 2386 raptas
1280 2356 1332 2377 res
1359 2357 1472 2378 sacras
1489 2350 1525 2377 et

822 2395 1004 2436 profanas:
1031 2396 1088 2427 sed
1106 2401 1142 2428 et
1159 2397 1366 2428 Claudianus
1380 2398 1427 2428 sic
1442 2397 1525 2428 indi-

821 2452 878 2478 cat
893 2457 942 2486 se,
959 2448 1022 2478 etsi
1048 2452 1238 2487 peccasset,
1261 2457 1325 2478 non
1346 2453 1459 2479 tamen
1475 2447 1526 2478 ira

822 2498 989 2529 Hadriani
1007 2498 1146 2538 dignum
1164 2508 1252 2529 esse.

864 2549 999 2579 Lubrica
1014 2549 1105 2588 oetas]
1135 2549 1229 2580 AEtas
1246 2550 1422 2590 juvenilis,
1449 2559 1523 2590 quae

820 2600 954 2629 mobilis
967 2606 1032 2638 est,
1049 2605 1084 2630 et
1101 2600 1207 2630 instar
1232 2601 1354 2640 glaciei
1382 2600 1524 2637 lubrica,

821 2659 886 2689 qua
903 2649 1033 2689 ingredi
1050 2650 1121 2680 sine
1138 2659 1216 2680 casu
1232 2655 1291 2681 aut
1307 2648 1524 2690 prolapsione

820 2698 877 2730 vix
895 2699 1012 2739 possis.

863 2753 883 2781 7
906 2750 1026 2782 Devius
1039 2751 1145 2792 ardor]
1174 2748 1352 2781 Iracundia
1368 2752 1404 2780 et
1418 2750 1523 2779 teme-
