1852 3182
590 213 809 245 EPIGRAM
821 212 951 241 MATA
963 232 972 240 .

1402 202 1508 242 1175

164 315 302 364 Χριστὲ
321 314 522 362 θεορῥήτοιο
540 309 631 358 βίου
651 309 807 360 φυσίέοε
825 308 942 353 πηγὴ,

161 378 307 428 Πατρὸς
325 376 552 426 ἆσημὰντοιο
572 372 672 411 Θεοῦ
692 372 928 420 πρωτόσπορε
948 370 1062 421 φωνὴ,

152 441 222 481 “Os
237 446 338 493 μέγα
357 439 534 491 μητρῴων
554 444 709 475 τοκετῶν
729 435 920 485 ἐγκύμονα
939 432 1086 484 φόρτον,
1486 434 1512 471 5

468 522 861 557 INTERPRETATIO
887 518 1097 553 POETICA

315 599 451 638 Christe,
473 600 657 630 immortalis
671 598 747 636 fons
762 596 996 635 foecundissime
1019 595 1104 633 vitae,

311 642 585 682 Primigenumque
603 642 723 679 Patris,
745 641 796 680 qui
820 641 970 679 temperat
989 638 1104 675 omnia,
1127 635 1276 666 Verbum:

311 686 380 721 Quo
400 695 578 726 proegnuns,
601 683 738 715 mirum!
761 693 818 723 quo
834 681 925 719 facta
946 689 1099 721 puerpera
1128 678 1237 718 Virgo,

491 765 886 802 INTERPRETATIO
912 764 1069 796 PROSA

55 844 282 877 turbulentam
309 846 562 883 necessitatem,
586 846 735 883 Christe,
760 844 883 875 divinae
913 842 991 872 vitae
1016 840 1103 871 alme
1132 838 1224 877 fons,
1249 837 1368 868 Patris
1396 835 1516 884 aeterui

55 888 120 919 Dei
149 889 409 929 primogenitum
442 889 615 927 Verbum;
649 888 718 929 qui,
749 898 766 917 o
803 884 1011 927 prodigium!
1045 882 1161 913 matris
1195 889 1374 921 puerperae
1408 888 1515 920 gravi-

670 970 783 982 cccccc

790 969 903 980 eeeeee

100 1026 154 1057 Ad
181 1027 253 1058 haec
278 1027 402 1058 Graeca
427 1028 526 1058 nulla»
545 1028 624 1057 Var.
644 1027 711 1057 LL.
740 1029 865 1055 notatae
890 1026 1000 1053 erant.
1017 1020 1075 1051 sed
1099 1021 1132 1050 in
1155 1024 1223 1050 vet.
1242 1019 1326 1050 Cod.
1352 1019 1425 1050 Pal.
1442 1023 1519 1049 erat

54 1069 225 1100 Scholium
249 1071 447 1109 marginale.
492 1068 590 1100 Οὗτος
605 1070 622 1098 ὁ
639 1067 829 1099 Κλαυδιανὸς
851 1067 867 1095 ὁ
882 1063 1002 1105 ’γράψας
1027 1063 1068 1093 τὰ
1094 1062 1212 1102 Πατριὰ,
1226 1060 1357 1102 Τάρσου,
1376 1059 1518 1099 Ἀναξάρ-

57 1114 126 1152 Bou,
137 1111 302 1152 Βηρούτου,
315 1112 452 1143 Νικαίας.

717 1163 857 1196 NOTAE

56 1230 172 1261 mertis
189 1229 316 1261 Codice
343 1230 509 1271 prodiisse
538 1234 639 1271 putat
654 1229 761 1261 Hein-

56 1281 136 1311 sius.
182 1281 321 1312 Camers
337 1285 449 1312 tamen
475 1281 545 1313 haec
569 1281 692 1320 omnia,
718 1290 760 1311 ex

55 1330 293 1372 antiquissimo
304 1331 444 1371 Codice,
457 1331 645 1362 Claudiano
662 1341 697 1362 se
714 1341 762 1361 as·

54 1390 169 1412 serere
197 1385 354 1412 testatur.
401 1382 476 1412 Nec
500 1386 553 1412 est
575 1381 664 1422 quod
689 1381 762 1422 quis

57 1431 198 1471 objiciat
214 1431 359 1462 Poetam
376 1431 476 1471 hunc,
493 1442 568 1462 cum
586 1431 761 1472 paganicae

57 1481 294 1522 superstitioni
311 1481 447 1512 deditus
474 1487 577 1521 esset,
591 1492 761 1523 nunquam

57 1530 122 1562 sibi
138 1531 171 1561 iu
188 1536 335 1562 mentem
355 1532 572 1563 inducturum
591 1532 707 1571 fuisse,
725 1539 763 1564 ut

58 1589 112 1612 res
135 1581 344 1612 Christianas
371 1582 578 1614 celebraret.
624 1584 762 1614 Etenim

58 1637 304 1663 assentatorem
317 1633 484 1663 hominem
502 1633 654 1664 Honorio
667 1633 765 1664 Prin-

58 1683 125 1723 cipi
142 1682 336 1715 Christiano
354 1684 513 1725 placendi
536 1684 706 1725 cupiditas
724 1694 764 1715 eo

60 1731 159 1765 facile
177 1734 323 1775 impulit,
339 1739 377 1766 ut
393 1734 592 1775 praedicatis
618 1734 765 1775 Religio-

61 1784 113 1814 nis
129 1789 256 1815 nostrae
272 1785 443 1826 mysteriis
459 1784 597 1825 hujusce
614 1784 765 1825 Impera-

62 1834 146 1866 toris
160 1834 431 1866 benevolentiam
445 1838 686 1875 aucuparetur.
711 1835 766 1866 Sic

61 1890 97 1917 et
121 1885 318 1916 Triboniani
346 1886 409 1916 viri
435 1896 454 1916 a
477 1885 669 1917 Christiana
690 1885 767 1916 reli-

64 1936 177 1977 gione,
191 1936 295 1967 Suida
308 1935 493 1974 referente,
504 1934 711 1973 alienissimi,
724 1944 767 1965 ex

61 1987 245 2020 Justiniani
259 1988 444 2026 sententia,
459 1987 502 2018 de
518 1987 666 2026 Christo,
677 1992 713 2018 et
725 1986 767 2017 de

63 2046 181 2068 summa
197 2038 353 2068 Trinitate
363 2037 468 2068 multa
484 2042 574 2077 sunt,
586 2037 613 2067 si
630 2046 695 2067 non
713 2037 769 2076 pie

65 2087 229 2128 cogitata,
251 2091 286 2118 at
312 2087 405 2118 dicta
433 2087 611 2127 praeclare.
665 2086 768 2118 Quic-

67 2137 147 2178 quid
170 2137 228 2179 sit‚
254 2137 304 2169 his
331 2137 420 2168 inest
434 2137 535 2168 etiam
560 2135 712 2167 versibus
736 2140 770 2166 et

67 2188 248 2228 elegantia.

111 2241 126 2269 1
153 2237 265 2279 Πυρὸς]
289 2238 396 2278 Ignis,
413 2248 474 2278 per
490 2248 588 2279 quem
611 2242 705 2269 certe
723 2238 770 2268 in-

66 2288 271 2333 telligendus
289 2293 340 2319 est
354 2288 502 2328 Spiritus
514 2293 670 2326 sanctus;
694 2298 771 2319 nam

70 2337 223 2369 Christus
240 2339 249 2355 ‘
263 2342 452 2379 conceptus
467 2348 508 2368 ex
524 2338 657 2378 Spiritu
669 2338 772 2369 Sanc-

70 2388 131 2429 to,'
166 2389 221 2429 qui
249 2389 282 2419 in
306 2389 410 2420 Sacra
436 2389 617 2430 Scriptura
644 2388 770 2420 dicitur

68 2438 153 2480 ignis
169 2450 176 2470 ε
210 2439 301 2481 apud
329 2440 362 2471 S.
388 2440 513 2471 Lucam
546 2440 588 2470 de
620 2440 770 2479 Christo,

66 2489 76 2506 ‘
93 2489 207 2530 ignem
235 2490 313 2521 veni
341 2490 479 2521 mittere
509 2490 541 2520 in
569 2496 707 2530 terram,
736 2495 772 2520 et

69 2539 150 2580 quid
174 2540 262 2580 volo,
285 2540 349 2571 nisi
372 2545 407 2570 ut
425 2540 666 2571 accendatur?
704 2539 772 2571 Ubi

70 2589 130 2621 SS.
146 2590 290 2632 August.
306 2596 342 2622 et
358 2591 462 2632 Greg.
476 2591 588 2631 iguem
604 2590 773 2631 interpre-

74 2643 190 2671 tantur
204 2641 371 2681 Spiritum
386 2642 564 2673 Sanctum.
614 2641 715 2672 Unde
739 2646 774 2673 et

75 2689 243 2733 Ecclesia„
257 2692 360 2732 canit,
388 2691 465 2724 fons
482 2692 590 2733 vivus,
605 2692 703 2734 ignis,
719 2702 774 2724 ca-

75 2738 166 2771 ritas.

859 1225 965 1265 Σοφὴν
980 1223 1084 1263 ὠδῖνα]
1101 1223 1281 1264 Sapientem
1294 1223 1430 1260 partum,
1443 1229 1519 1250 nam

815 1276 906 1313 ὀδύνη
923 1281 957 1306 et
971 1274 1041 1305 ὠδὶν
1056 1272 1225 1314 significat
1247 1272 1380 1302 dolorem
1393 1272 1522 1310 partus:

816 1325 998 1367 φυλάσσων,
1012 1323 1197 1361 custodiens,
1212 1330 1357 1356 sert-anu
1379 1320 1443 1350 hoc
1456 1324 1520 1357 est,

817 1389 836 1409 ο
852 1377 1000 1414 Christe,
1014 1375 1072 1415 qui
1089 1382 1203 1404 servas
1220 1375 1255 1402 et
1267 1370 1420 1401 contines
1436 1370 1468 1400 in
1488 1374 1522 1400 te

817 1429 892 1468 ipso
911 1431 1045 1467 partum
1069 1428 1105 1454 et
1131 1431 1215 1461 opus
1237 1421 1245 1436 ‘
1262 1420 1411 1460 Spiritus
1435 1418 1523 1458 sapi-

818 1476 951 1514 entiae3'
974 1476 1021 1506 sic
1038 1475 1069 1505 in
1087 1472 1177 1504 Isaia
1196 1471 1349 1511 legimus,
1372 1471 1380 1486 ‘
1400 1469 1523 1510 Requi-

818 1532 913 1559 escet
941 1533 1045 1565 super
1078 1532 1155 1553 eum
1194 1521 1340 1561 Spiritus
1372 1519 1523 1558 Domini,

818 1577 966 1617 Spiritus
983 1573 1162 1614 sapientiae
1179 1577 1214 1602 et
1229 1571 1437 1610 intellectus,
1450 1570 1525 1610 Spi-

819 1628 904 1658 ritus
928 1623 1082 1656 scientiae
1100 1628 1135 1653 et
1152 1622 1302 1662 pietatis,
1323 1625 1359 1651 et
1376 1621 1524 1661 replebit

820 1687 896 1709 eum
912 1675 1059 1716 Spiritus
1077 1672 1206 1703 timoris
1223 1670 1381 1701 Domini?

862 1730 882 1758 2
922 1723 1074 1763 Κόσμοιο]
1109 1723 1142 1753 S.
1170 1722 1340 1753 Joannes:
1391 1720 1399 1736 ‘
1428 1719 1527 1751 Misit

820 1778 913 1809 Deus
929 1776 1053 1807 Filium
1081 1783 1177 1804 suum
1204 1772 1239 1802 in
1267 1770 1452 1810 mundum,⁷
1469 1771 1527 1811 qui

821 1829 949 1870 optime
966 1829 1181 1867 comparatur
1197 1833 1273 1855 cum
1301 1822 1386 1853 mari
1410 1822 1527 1853 turbu-

821 1881 926 1912 lento.

857 1928 1028 1969 Ἀνάγκην]
1043 1926 1286 1959 Necessitatem:
1300 1925 1309 1941 ‘
1320 1924 1443 1955 Nonne
1454 1923 1527 1953 haec
1582 1949 1585 1952 ,

823 1981 977 2023 oportuit
991 1979 1063 2021 pati
1080 1977 1265 2013 Christum,
1281 1980 1317 2006 et
1334 1975 1383 2006 ita
1398 1974 1528 2005 intrare

825 2033 859 2063 in
877 2030 1018 2073 gloriam
1035 2027 1161 2060 suam?
1202 2050 1205 2053 »

866 2085 884 2113 3
900 2078 1047 2120 Φυσίζοε]
1064 2076 1226 2117 ommes,
1237 2077 1290 2117 qui
1305 2076 1402 2107 eitam
1415 2076 1529 2116 produ-

822 2133 879 2171 cit,
903 2133 1011 2171 almus,
1035 2132 1089 2160 aut
1114 2128 1168 2168 qui
1193 2127 1261 2157 ulit.
1316 2127 1348 2157 S.
1365 2125 1530 2163 Joannes,

823 2184 832 2200 ‘
849 2182 962 2223 Aqua,
976 2190 1074 2222 quam
1093 2178 1180 2209 dabo
1197 2177 1240 2216 ei,
1255 2176 1316 2207 fiet
1338 2176 1373 2206 iu
1396 2184 1436 2205 eo
1452 2173 1529 2206 fons

824 2242 921 2274 aquae
938 2230 1090 2262 salientis
1106 2229 1140 2259 in
1156 2227 1260 2258 vitam
1278 2224 1466 2257 aeteruamss

866 2287 886 2314 4
901 2280 1124 2321 Ἀσημάντοιο]
1138 2279 1253 2311 Ionice
1266 2288 1327 2319 pro
1340 2275 1531 2316 ἀσημάντου.

823 2333 1015 2373 Ἀσῆμαντος
1047 2337 1162 2363 autem
1187 2335 1239 2361 est
1265 2332 1382 2360 rectore
1411 2338 1531 2366 carens,

822 2386 905 2425 nullo
921 2385 1012 2424 signo
1030 2385 1167 2422 notatus,
1176 2381 1227 2422 qui
1243 2391 1262 2411 α
1276 2380 1396 2410 nemine
1409 2380 1531 2419 pendet,

824 2437 874 2467 cui
905 2445 991 2466 nemo
1022 2436 1148 2475 praeest.
1205 2430 1369 2470 Theologi
1407 2433 1532 2460 vocant

825 2488 834 2504 ‘
856 2487 965 2516 Deum
983 2480 1302 2523 independenten12'
1325 2485 1359 2511 et
1376 2478 1533 2510 Ecclesia

827 2536 926 2574 dicit,
947 2536 955 2551 ⁴
974 2534 1115 2565 Patrem
1132 2531 1417 2572 omnipotentem,
1434 2533 1531 2559 aeter-

827 2585 929 2617 num.’

869 2636 971 2676 Φωνὴ]
1018 2634 1270 2674 Primogenitum
1312 2631 1453 2663 Verbum.
1496 2628 1530 2659 S.

826 2688 926 2721 Joan.
949 2689 958 2703 ‘
975 2686 1070 2717 Deus
1086 2689 1160 2715 erat
1175 2681 1348 2719 Verbum,’
1364 2682 1429 2710 διε.

872 2742 890 2769 5
915 2735 1024 2776 Μέγα]
1048 2735 1079 2767 O
1097 2744 1169 2766 rem
1184 2731 1358 2774 magnam!
1384 2738 1402 2759 o
1420 2728 1533 2770 prodi·
