1852 3182
716 233 981 271 EPISTOLAE.

1467 246 1579 288 1073

123 317 350 362 Romanos
371 323 562 364 bibimus
583 327 771 378 primum
794 336 836 373 te
859 333 1054 378 Consule
1075 339 1232 391 fontes,

181 386 236 427 Et
258 388 396 429 Latiae
419 390 554 431 cessit
576 392 714 436 Graia
736 397 895 441 Thalia
918 406 1035 455 togae
1055 419 1064 446 ε

119 451 431 507 Incipiensque
453 457 540 497 tuis
563 472 589 499 a
610 460 794 504 fastibus
817 469 966 509 omina
987 473 1101 525 cepi,
1521 482 1577 521 15

175 519 373 572 Fataque
394 521 562 565 debebo
584 531 825 579 posteriora
846 534 940 576 tibi.

117 586 231 638 Ergo
252 586 490 629 lacessitus
514 593 691 635 tandem
711 600 898 640 rescribe
920 607 1104 654 roganti,

169 651 224 693 Et
245 655 386 706 patria
408 655 567 698 florens
590 665 721 712 sorte,
747 664 955 719 Prohinc,
980 672 1094 714 vale.

107 813 200 844 neque
215 811 329 837 tamen
341 817 487 846 passurus
500 810 646 850 probrum
658 814 778 854 ingrati
795 818 909 851 animi.
957 822 1076 862 Primo,
1085 828 1116 856 te
1130 826 1273 867 Consule,
1284 831 1572 871 potavimusfontes

107 845 247 886 Latinos,
261 852 292 878 et
308 849 402 880 Musa
420 851 522 883 Graia
537 857 686 887 concessit
701 861 784 895 togoe
803 860 964 902 Romunae,

990 869 1019 895 et
1035 868 1196 900 exordiens
1211 881 1228 900 a
1253 875 1304 902 tuo
1324 875 1504 917 Consulatu,
1521 889 1571 909 oc-

105 889 170 928 cepi
186 888 267 921 felix
283 894 485 933 masagium,
511 899 541 926 et
557 898 667 929 debebo
690 900 748 931 tibi
765 902 874 938 sutum
892 915 1003 938 meum
1027 918 1165 949 sequens.
1213 913 1319 951 Igitur
1336 922 1370 946 tu
1387 924 1570 956 provocatus

105 934 250 973 responde
265 936 391 966 tandem
407 937 590 979 aliquando
603 944 756 982 precanti,
773 948 803 975 et
820 948 898 985 vale,
915 958 934 979 ο
952 950 1100 991 Profflne,
1107 953 1222 991 fruens
1230 956 1388 993 felicitate
1399 965 1544 1001 paterna.

715 1048 831 1061 eeeeee

835 1051 950 1063 eeeeee

101 1108 175 1141 Pal.
193 1112 260 1143 dno
278 1115 456 1149 Mede—11³
486 1119 623 1159 primum
638 1122 787 1157 Florent.
813 1131 883 1159 tres
901 1129 997 1162 Med.
1015 1131 1081 1164 inc.
1098 1133 1219 1165 Heius.
1247 1136 1328 1168 Put.
1342 1138 1471 1171 Thuan.
1495 1140 1563 1173 Bo-

100 1160 177 1183 non.
196 1154 262 1186 duo
279 1156 400 1191 Petav.
417 1161 484 1192 duo
499 1162 618 1195 Ambr.
644 1167 770 1198 Moret.

99 1239 139 1268 14
163 1238 265 1271 Latia*
276 1247 372 1280 grata
388 1246 466 1277 Vat.
485 1251 564 1279 tert.
582 1249 658 1281 Pal.

99 1288 167 1311 sec.
194 1282 324 1329 anlid.
353 1287 439 1319 Exc.

95 1327 222 1355 necessat
237 1326 317 1358 Vat.
337 1339 386 1368 pr.
406 1330 524 1365 Ambr.
542 1339 619 1367 tert.
637 1337 715 1368 Vat.
740 1339 849 1370 Livin.

96 1363 214 1396 Ambr.
233 1369 287 1399 ed.
306 1371 417 1403 Parin.
436 1374 516 1405 Var.
536 1377 606 1409 LL.
621 1378 674 1409 ed.
691 1379 798 1412 Antv.

100 1194 157 1225 LL
340 1200 369 1232 p
533 1206 538 1211 .
635 1208 678 1239 dd
719 1210 749 1240 P
800 1179 850 1208 pr·
878 1171 1008 1204 Buslid.
1027 1175 1110 1206 Exc.
1142 1177 1284 1210 Lucens.
1309 1190 1359 1219 pr.
1387 1181 1563 1217 Ald.va1·,

161 1205 323 1238 'emarg'
372 1211 453 1234 arm·
485 1215 588 1244 Immo
613 1216 631 1237 e
683 1233 690 1239 .
752 1220 832 1242 arm.

881 1346 978 1379 grata
1005 1345 1111 1377 Oisel.
1139 1347 1256 1379 Ainbr.
1276 1360 1323 1388 pr.
1342 1352 1425 1381 Cod.
1447 1336 1563 1394 Epigr:

802 1386 885 1414 —15
911 1385 1127 1428 Inripiensque
1145 1390 1256 1421 Oxou.
1276 1402 1342 1422 sec.
1377 1395 1441 1425 tuis
1457 1397 1562 1434 asas-

95 1406 181 1439 cibus
197 1409 292 1441 Med.
309 1420 417 1451 quart.
434 1417 512 1448 Vat.
530 1418 639 1450 Livin.
656 1421 741 1453 Exc.
756 1423 901 1456 Lucens.
917 1436 967 1466 pr.
982 1429 1089 1461 Gesn.
1105 1437 1141 1462 et
1157 1433 1211 1462 ed.
1229 1434 1369 1473 Bipom.
1392 1437 1561 1474 afastibus

94 1449 174 1480 Vat.
191 1460 242 1491 pr.
261 1453 458 1489 Pal.oise1.
474 1459 568 1491 Med.
586 1471 636 1500 pr.
657 1463 771 1495 Ambr.
790 1467 936 1503 pr.A1d.
952 1471 1033 1503 Var.
1053 1473 1119 1503 LL.
1134 1484 1151 1503 e
1163 1484 1266 1515 marg.
1285 1477 1396 1508 Parui.
1410 1480 1561 1519 qffatibus

93 1491 172 1523 vat.
191 1498 269 1525 tert.
288 1497 381 1529 Rott.
399 1500 521 1532 Petav.
539 1512 589 1541 pr.
606 1504 717 1535 Oxou.
735 1516 802 1538 sec.
825 1510 927 1541 omina
944 1512 1038 1543 Med.
1056 1521 1166 1555 quart.
1187 1518 1296 1548 Livin.
1314 1520 1398 1550 ΕΜ.
1415 1523 1558 1557 anens.

95 1542 148 1572 pr.
165 1535 286 1568 Sched.
311 1539 398 1571 Gud.
426 1542 481 1573 ed.
510 1544 627 1576 Parm.

661 1549 762 1578 omnia
781 1550 853 1580 Pal.
871 1551 979 1583 Oxou.
997 1561 1155 1588 sec.—16
1187 1560 1298 1590 debebo
1326 1563 1419 1594 Med.

1446 1571 1558 1604 quart.

92 1575 217 1609 'rbuam
230 1579 297 1610 dno
310 1581 428 1614 Ambr.
442 1585 526 1615 Exc.
543 1586 621 1619 Pat.
638 1597 707 1619 rec.
723 1591 867 1623 Lucens.
884 1604 936 1633 pr.
954 1595 1032 1628 Ald.
1055 1599 1158 1629 delebo
1172 1602 1250 1632 Vat.
1266 1606 1346 1635 tert.
1359 1604 1433 1637 Pal.
1449 1608 1558 1641 Oisel.

92 1618 204 1650 oxon.
223 1630 290 1653 sec.
305 1624 377 1661 jam
390 1627 511 1666 potiora
528 1628 660 1661 Thoan.
671 1631 792 1665 deerat
809 1640 921 1666 antem
934 1638 996 1668 hoc
1010 1639 1178 1672 distichon
1192 1644 1272 1675 Vat.
1286 1655 1337 1684 pr.
1352 1651 1387 1677 et
1399 1654 1557 1688 quart.—

91 1663 131 1692 18
146 1662 286 1702 florens:
299 1665 374 1699 haec
393 1678 457 1700 vox
474 1669 594 1703 deerat
611 1673 685 1705 Pal.
703 1679 739 1706 et
754 1675 886 1709 duobus
903 1679 998 1712 Med.
1021 1682 1157 1724 Propine
1173 1685 1302 1719 Buslid.
1323 1691 1455 1729 propina
1471 1693 1555 1726 Exc.

90 1702 234 1738 Lucens.
250 1717 303 1748 pr,

746 1816 891 1850 NOTAE

87 1876 149 1907 mis
165 1878 336 1921 audendo,
351 1892 445 1916 more
458 1885 657 1930 Poetarum,
668 1899 792 1932 arguar

87 1934 149 1957 cen
166 1931 379 1974 temerarius,
394 1935 455 1966 sed
473 1945 540 1968 non
559 1942 674 1972 tamen
690 1945 728 1974 ut
742 1942 790 1974 in-

85 1981 212 2016 gratus.

128 2030 167 2058 13
191 2029 349 2073 Bibimus]
373 2035 425 2066 Te
440 2037 584 2071 Consule
597 2040 788 2083 incepimus

83 2085 200 2109 versus
219 2080 358 2115 Latinos
375 2094 591 2130 componere,
616 2096 653 2122 et
676 2093 724 2124 sic
740 2094 788 2125 bi·

83 2125 193 2159 bimus
210 2129 321 2162 fontes
338 2134 516 2169 Romanos.

126 2181 166 2209 14
193 2180 316 2221 Thalia]
352 2184 427 2215 Una
453 2196 495 2217 ex
514 2188 633 2229 Musis,
657 2192 787 2225 ἀπὸτοῦ

81 2225 354 2271 θάλλειν,]ἶονενε,
370 2236 460 2275 quod
474 2237 659 2273 Poetarum
677 2244 785 2284 gloria

81 2282 117 2309 et
131 2277 222 2311 datae
239 2291 259 2312 a
273 2282 392 2316 Poetis
407 2285 524 2319 laudes
541 2289 574 2319 in
591 2290 662 2322 dies
677 2295 783 2335 magis

81 2325 306 2363 efflorescant.
331 2333 438 2366 Quasi
452 2336 560 2379 dicat,
576 2341 676 2373 Musa
689 2343 783 2377 Grae-

81 2386 132 2420 ca,
141 2389 201 2412 seu
211 2382 325 2415 studia
335 2390 450 2419 nostra
458 2388 596 2434 Graeca,
604 2401 782 2429 cesserunt

161 2793 280 2836 Delph.
293 2801 322 2829 et
343 2800 412 2835 ναν.
430 2805 514 2839 Clas.

751 2816 860 2849 Claud.

845 1899 937 1936 togae
963 1897 1128 1933 Romanae
1156 1911 1217 1934 seu
1247 1905 1368 1936 studiis
1406 1907 1551 1950 Latinis,

846 1945 924 1978 dum
955 1949 1082 1980 Consul
1112 1961 1214 1984 esseS.
1262 1955 1397 1988 Etenim
1429 1960 1550 1991 studiis
1593 1969 1596 1972 ’

845 1997 1048 2031 Graecorum
1075 2006 1109 2033 te
1135 2007 1275 2036 auctore
1298 2007 1437 2049 relicus,
1460 2010 1550 2051 coepi

843 2048 1030 2081 condendis
1057 2052 1189 2084 Latinis
1212 2056 1372 2088 >versibus
1409 2068 1549 2100 operam

843 2097 934 2130 dare.

885 2150 924 2179 15
949 2148 976 2180 A
989 2149 1146 2192 fastibus]
1179 2152 1249 2185 Alii
1266 2156 1548 2202 leguntfascibus,

841 2197 874 2227 id
892 2204 956 2237 est,
971 2210 989 2230 a
1007 2205 1066 2232 tuo
1083 2204 1284 2244 consulatu;
1310 2208 1365 2247 qui
1383 2210 1548 2249 praedica·

842 2251 897 2277 tur
914 2258 1029 2289 supra,
1046 2251 1087 2281 de
1106 2252 1293 2287 Consulatu
1310 2257 1464 2301 Probini,
1478 2264 1546 2294 ἃς.

883 2301 923 2329 16
947 2300 1086 2343 Debebo]
1121 2303 1186 2334 Alii
1206 2306 1334 2348 legunt,
1361 2318 1426 2342 nec
1443 2313 1543 2354 male,

836 2348 977 2391 Fataque
985 2362 1017 2384 se
1028 2354 1137 2386 debent
1144 2359 1339 2398 prosperiora
1349 2361 1418 2393 tibi.
1434 2363 1541 2398 Quasi

835 2398 980 2444 diceret,
995 2404 1069 2437 Tibi
1086 2406 1249 2450 quicquid
1264 2419 1338 2443 sum
1354 2412 1478 2447 debeo.

1378 2832 1440 2862 3Y
