<?xml version="1.0" encoding="UTF-8"?>
<!DOCTYPE html PUBLIC "-//W3C//DTD XHTML 1.0 Transitional//EN"
    "http://www.w3.org/TR/xhtml1/DTD/xhtml1-transitional.dtd">
<html xmlns="http://www.w3.org/1999/xhtml" xml:lang="en" lang="en">
 <head>
  <title>
</title>
<meta http-equiv="Content-Type" content="text/html;charset=utf-8" />
  <meta name='ocr-system' content='tesseract 3.04.00' />
  <meta name='ocr-capabilities' content='ocr_page ocr_carea ocr_par ocr_line ocrx_word'/>
</head>
<body>
  <div class='ocr_page' id='page_1' title='image "./operaomniaexedit03clauuoft_0425.png"; bbox 0 0 1852 3182; ppageno 0'>
   <div class='ocr_carea' id='block_1_1' title="bbox 549 215 819 250">
    <p class='ocr_par' dir='ltr' id='par_1_1' title="bbox 549 215 819 250">
     <span class='ocr_line' id='line_1_1' title="bbox 549 215 819 250; baseline 0.007 -2"><span class='ocrx_word' id='word_1_1' title='bbox 549 215 628 248; x_wconf 80' lang='lat' dir='ltr'>&#39;DE</span> <span class='ocrx_word' id='word_1_2' title='bbox 662 219 819 250; x_wconf 79' lang='lat' dir='ltr'>BELLO</span> 
     </span>
    </p>
   </div>
   <div class='ocr_carea' id='block_1_2' title="bbox 103 310 826 2835">
    <p class='ocr_par' dir='ltr' id='par_1_2' title="bbox 119 310 826 455">
     <span class='ocr_line' id='line_1_2' title="bbox 124 310 826 352; baseline 0.004 -10"><span class='ocrx_word' id='word_1_3' title='bbox 124 310 266 342; x_wconf 82' lang='lat' dir='ltr'><strong>Oceano</strong></span> <span class='ocrx_word' id='word_1_4' title='bbox 307 311 408 351; x_wconf 80' lang='lat' dir='ltr'>cingi,</span> <span class='ocrx_word' id='word_1_5' title='bbox 439 311 615 352; x_wconf 74' lang='lat' dir='ltr'>Tyberina</span> <span class='ocrx_word' id='word_1_6' title='bbox 654 314 826 345; x_wconf 85' lang='lat' dir='ltr'>clauditur</span> 
     </span>
     <span class='ocr_line' id='line_1_3' title="bbox 121 362 825 406; baseline 0.006 -14"><span class='ocrx_word' id='word_1_7' title='bbox 121 363 210 393; x_wconf 89' lang='lat' dir='ltr'>unda</span> <span class='ocrx_word' id='word_1_8' title='bbox 223 362 243 393; x_wconf 89' lang='lat'>:&#39;</span> <span class='ocrx_word' id='word_1_9' title='bbox 257 368 304 401; x_wconf 89' lang='lat' dir='ltr'>et,</span> <span class='ocrx_word' id='word_1_10' title='bbox 319 364 328 380; x_wconf 89' lang='lat'>‘</span> <span class='ocrx_word' id='word_1_11' title='bbox 339 363 386 394; x_wconf 87' lang='lat' dir='ltr'>At</span> <span class='ocrx_word' id='word_1_12' title='bbox 398 373 486 394; x_wconf 91' lang='lat' dir='ltr'>nunc</span> <span class='ocrx_word' id='word_1_13' title='bbox 500 363 629 402; x_wconf 73' lang='lat' dir='ltr'>Illyrici</span> <span class='ocrx_word' id='word_1_14' title='bbox 643 370 825 406; x_wconf 83' lang='lat' dir='ltr'>postquam</span> 
     </span>
     <span class='ocr_line' id='line_1_4' title="bbox 119 413 652 455; baseline 0.006 -12"><span class='ocrx_word' id='word_1_15' title='bbox 119 413 201 443; x_wconf 88' lang='lat' dir='ltr'>mihi</span> <span class='ocrx_word' id='word_1_16' title='bbox 218 414 454 455; x_wconf 60' lang='lat' dir='ltr'>traditajural</span> <span class='ocrx_word' id='word_1_17' title='bbox 478 415 521 446; x_wconf 93' lang='lat' dir='ltr'>D.</span> <span class='ocrx_word' id='word_1_18' title='bbox 541 415 652 446; x_wconf 77' lang='lat' dir='ltr'>Heius.</span> 
     </span>
    </p>

    <p class='ocr_par' dir='ltr' id='par_1_3' title="bbox 164 464 794 507">
     <span class='ocr_line' id='line_1_5' title="bbox 164 464 794 507; baseline 0.006 -13"><span class='ocrx_word' id='word_1_19' title='bbox 164 464 232 494; x_wconf 84' lang='lat' dir='ltr'>Par</span> <span class='ocrx_word' id='word_1_20' title='bbox 251 465 348 496; x_wconf 82' lang='lat' dir='ltr'>Roma</span> <span class='ocrx_word' id='word_1_21' title='bbox 361 465 451 506; x_wconf 76' lang='lat' dir='ltr'>mihi]</span> <span class='ocrx_word' id='word_1_22' title='bbox 468 466 794 507; x_wconf 79' lang='lat' dir='ltr'>Constantinopolis,</span> 
     </span>
    </p>

    <p class='ocr_par' dir='ltr' id='par_1_4' title="bbox 119 515 824 648">
     <span class='ocr_line' id='line_1_6' title="bbox 162 515 824 556; baseline 0.006 -11"><span class='ocrx_word' id='word_1_23' title='bbox 162 515 336 556; x_wconf 80' lang='lat' dir='ltr'>Divisaque</span> <span class='ocrx_word' id='word_1_24' title='bbox 358 516 487 556; x_wconf 78' lang='lat' dir='ltr'>sumsit]</span> <span class='ocrx_word' id='word_1_25' title='bbox 516 517 686 549; x_wconf 75' lang='lat' dir='ltr'><strong>Abscissa.</strong></span> <span class='ocrx_word' id='word_1_26' title='bbox 725 520 824 549; x_wconf 85' lang='lat' dir='ltr'>Maro</span> 
     </span>
     <span class='ocr_line' id='line_1_7' title="bbox 119 563 824 603; baseline 0.006 -8"><span class='ocrx_word' id='word_1_27' title='bbox 119 563 161 594; x_wconf 86' lang='lat' dir='ltr'>de</span> <span class='ocrx_word' id='word_1_28' title='bbox 177 565 367 603; x_wconf 81' lang='lat' dir='ltr'>Britannia,</span> <span class='ocrx_word' id='word_1_29' title='bbox 382 568 391 583; x_wconf 89' lang='lat'>‘</span> <span class='ocrx_word' id='word_1_30' title='bbox 411 571 483 598; x_wconf 87' lang='lat' dir='ltr'>toto</span> <span class='ocrx_word' id='word_1_31' title='bbox 501 567 627 599; x_wconf 88' lang='lat' dir='ltr'>divisos</span> <span class='ocrx_word' id='word_1_32' title='bbox 651 567 733 599; x_wconf 90' lang='lat' dir='ltr'>orbe</span> <span class='ocrx_word' id='word_1_33' title='bbox 750 570 824 600; x_wconf 91' lang='lat' dir='ltr'>Bri-</span> 
     </span>
     <span class='ocr_line' id='line_1_8' title="bbox 119 616 415 648; baseline 0.007 -2"><span class='ocrx_word' id='word_1_34' title='bbox 119 616 264 647; x_wconf 89' lang='lat' dir='ltr'>tannos.’</span> <span class='ocrx_word' id='word_1_35' title='bbox 298 617 415 648; x_wconf 82' lang='lat' dir='ltr'>Barth.</span> 
     </span>
    </p>

    <p class='ocr_par' dir='ltr' id='par_1_5' title="bbox 120 668 822 751">
     <span class='ocr_line' id='line_1_9' title="bbox 159 668 822 712; baseline 0.011 -15"><span class='ocrx_word' id='word_1_36' title='bbox 159 670 200 698; x_wconf 86' lang='lat'>61</span> <span class='ocrx_word' id='word_1_37' title='bbox 226 668 366 708; x_wconf 72' lang='lat' dir='ltr'>Aurora]</span> <span class='ocrx_word' id='word_1_38' title='bbox 404 669 584 701; x_wconf 85' lang='lat' dir='ltr'>Orientale</span> <span class='ocrx_word' id='word_1_39' title='bbox 624 671 822 712; x_wconf 83' lang='lat' dir='ltr'>Imperium.</span> 
     </span>
     <span class='ocr_line' id='line_1_10' title="bbox 120 719 691 751; baseline 0.004 -1"><span class='ocrx_word' id='word_1_40' title='bbox 120 719 220 751; x_wconf 85' lang='lat' dir='ltr'>Idem.</span> <span class='ocrx_word' id='word_1_41' title='bbox 689 731 691 734; x_wconf 74' lang='grc'>’</span> 
     </span>
    </p>

    <p class='ocr_par' dir='ltr' id='par_1_6' title="bbox 112 772 820 1106">
     <span class='ocr_line' id='line_1_11' title="bbox 157 772 820 814; baseline 0.008 -12"><span class='ocrx_word' id='word_1_42' title='bbox 157 774 199 802; x_wconf 81' lang='grc'>63</span> <span class='ocrx_word' id='word_1_43' title='bbox 222 772 336 814; x_wconf 81' lang='lat' dir='ltr'><strong><em>Libye]</em></strong></span> <span class='ocrx_word' id='word_1_44' title='bbox 372 773 437 804; x_wconf 88' lang='lat' dir='ltr'>Seu</span> <span class='ocrx_word' id='word_1_45' title='bbox 456 773 584 807; x_wconf 84' lang='lat' dir='ltr'>Africa.</span> <span class='ocrx_word' id='word_1_46' title='bbox 615 776 692 806; x_wconf 87' lang='lat' dir='ltr'>Non</span> <span class='ocrx_word' id='word_1_47' title='bbox 709 775 767 807; x_wconf 80' lang='lat' dir='ltr'>abs</span> <span class='ocrx_word' id='word_1_48' title='bbox 785 786 820 808; x_wconf 85' lang='lat' dir='ltr'>re</span> 
     </span>
     <span class='ocr_line' id='line_1_12' title="bbox 114 821 819 866; baseline 0.01 -15"><span class='ocrx_word' id='word_1_49' title='bbox 114 821 204 852; x_wconf 89' lang='lat' dir='ltr'>enim</span> <span class='ocrx_word' id='word_1_50' title='bbox 221 822 376 854; x_wconf 85' lang='lat' dir='ltr'>Zosimus</span> <span class='ocrx_word' id='word_1_51' title='bbox 394 825 512 864; x_wconf 77' lang='lat' dir='ltr'>tradit,</span> <span class='ocrx_word' id='word_1_52' title='bbox 528 826 731 866; x_wconf 82' lang='lat' dir='ltr'>Eutropium</span> <span class='ocrx_word' id='word_1_53' title='bbox 747 827 819 858; x_wconf 88' lang='lat' dir='ltr'>Gil-</span> 
     </span>
     <span class='ocr_line' id='line_1_13' title="bbox 115 871 818 913; baseline 0.007 -11"><span class='ocrx_word' id='word_1_54' title='bbox 115 871 194 902; x_wconf 88' lang='lat' dir='ltr'>doni</span> <span class='ocrx_word' id='word_1_55' title='bbox 210 878 384 905; x_wconf 82' lang='lat' dir='ltr'>auctorem</span> <span class='ocrx_word' id='word_1_56' title='bbox 409 874 528 913; x_wconf 76' lang='lat' dir='ltr'>fuisse,</span> <span class='ocrx_word' id='word_1_57' title='bbox 543 880 580 906; x_wconf 91' lang='lat' dir='ltr'>ut</span> <span class='ocrx_word' id='word_1_58' title='bbox 603 877 707 907; x_wconf 89' lang='lat' dir='ltr'>totius</span> <span class='ocrx_word' id='word_1_59' title='bbox 725 876 818 908; x_wconf 76' lang='lat' dir='ltr'>Afri-</span> 
     </span>
     <span class='ocr_line' id='line_1_14' title="bbox 114 923 818 965; baseline 0.007 -12"><span class='ocrx_word' id='word_1_60' title='bbox 114 931 163 953; x_wconf 86' lang='lat' dir='ltr'>cae</span> <span class='ocrx_word' id='word_1_61' title='bbox 180 923 223 953; x_wconf 91' lang='lat' dir='ltr'>ad</span> <span class='ocrx_word' id='word_1_62' title='bbox 247 924 489 965; x_wconf 78' lang='lat' dir='ltr'>Carthaginem</span> <span class='ocrx_word' id='word_1_63' title='bbox 507 926 711 965; x_wconf 85' lang='lat' dir='ltr'>pertinentis</span> <span class='ocrx_word' id='word_1_64' title='bbox 729 932 818 958; x_wconf 87' lang='lat' dir='ltr'>trac-</span> 
     </span>
     <span class='ocr_line' id='line_1_15' title="bbox 113 974 817 1017; baseline 0.007 -14"><span class='ocrx_word' id='word_1_65' title='bbox 113 976 183 1004; x_wconf 86' lang='lat' dir='ltr'>tum</span> <span class='ocrx_word' id='word_1_66' title='bbox 200 974 396 1006; x_wconf 82' lang='lat' dir='ltr'>invaderet:</span> <span class='ocrx_word' id='word_1_67' title='bbox 422 986 498 1007; x_wconf 89' lang='lat' dir='ltr'>nam</span> <span class='ocrx_word' id='word_1_68' title='bbox 522 977 628 1017; x_wconf 77' lang='lat' dir='ltr'>Libya</span> <span class='ocrx_word' id='word_1_69' title='bbox 651 982 725 1008; x_wconf 85' lang='lat' dir='ltr'>erat</span> <span class='ocrx_word' id='word_1_70' title='bbox 746 978 817 1009; x_wconf 87' lang='lat' dir='ltr'>sine</span> 
     </span>
     <span class='ocr_line' id='line_1_16' title="bbox 112 1026 817 1060; baseline 0.006 -5"><span class='ocrx_word' id='word_1_71' title='bbox 112 1026 346 1057; x_wconf 80' lang='lat' dir='ltr'>controversia</span> <span class='ocrx_word' id='word_1_72' title='bbox 382 1027 444 1057; x_wconf 88' lang='lat' dir='ltr'>sub</span> <span class='ocrx_word' id='word_1_73' title='bbox 476 1027 626 1059; x_wconf 85' lang='lat' dir='ltr'>dominio</span> <span class='ocrx_word' id='word_1_74' title='bbox 667 1028 817 1060; x_wconf 76' lang='lat' dir='ltr'>Arcadii.</span> 
     </span>
     <span class='ocr_line' id='line_1_17' title="bbox 114 1074 238 1106; baseline 0.016 -3"><span class='ocrx_word' id='word_1_75' title='bbox 114 1074 238 1106; x_wconf 76' lang='lat' dir='ltr'>Clarer.</span> 
     </span>
    </p>

    <p class='ocr_par' dir='ltr' id='par_1_7' title="bbox 108 1124 819 1418">
     <span class='ocr_line' id='line_1_18' title="bbox 154 1124 819 1166; baseline 0.006 -12"><span class='ocrx_word' id='word_1_76' title='bbox 154 1126 195 1154; x_wconf 78' lang='lat'>64</span> <span class='ocrx_word' id='word_1_77' title='bbox 219 1124 290 1155; x_wconf 87' lang='lat' dir='ltr'>Solo</span> <span class='ocrx_word' id='word_1_78' title='bbox 313 1126 407 1156; x_wconf 80' lang='lat' dir='ltr'>ducta</span> <span class='ocrx_word' id='word_1_79' title='bbox 433 1126 531 1166; x_wconf 85' lang='lat' dir='ltr'>Noto]</span> <span class='ocrx_word' id='word_1_80' title='bbox 554 1126 681 1157; x_wconf 83' lang='lat' dir='ltr'>Austro</span> <span class='ocrx_word' id='word_1_81' title='bbox 701 1137 819 1159; x_wconf 91' lang='lat' dir='ltr'>secun-</span> 
     </span>
     <span class='ocr_line' id='line_1_19' title="bbox 112 1173 818 1215; baseline 0.007 -11"><span class='ocrx_word' id='word_1_82' title='bbox 112 1173 155 1205; x_wconf 92' lang='lat' dir='ltr'>do</span> <span class='ocrx_word' id='word_1_83' title='bbox 180 1173 301 1205; x_wconf 87' lang='lat' dir='ltr'>aderat</span> <span class='ocrx_word' id='word_1_84' title='bbox 327 1176 482 1215; x_wconf 86' lang='lat' dir='ltr'>cataplus</span> <span class='ocrx_word' id='word_1_85' title='bbox 508 1177 643 1207; x_wconf 83' lang='lat' dir='ltr'>navium</span> <span class='ocrx_word' id='word_1_86' title='bbox 668 1177 818 1209; x_wconf 80' lang='lat' dir='ltr'>frumen-</span> 
     </span>
     <span class='ocr_line' id='line_1_20' title="bbox 109 1224 817 1259; baseline 0.004 -5"><span class='ocrx_word' id='word_1_87' title='bbox 109 1224 272 1255; x_wconf 86' lang='lat' dir='ltr'>tariarum</span> <span class='ocrx_word' id='word_1_88' title='bbox 301 1235 343 1256; x_wconf 84' lang='lat' dir='ltr'>ex</span> <span class='ocrx_word' id='word_1_89' title='bbox 364 1225 497 1257; x_wconf 83' lang='lat' dir='ltr'>Africa.</span> <span class='ocrx_word' id='word_1_90' title='bbox 535 1227 627 1258; x_wconf 82' lang='lat' dir='ltr'>Hinc</span> <span class='ocrx_word' id='word_1_91' title='bbox 657 1228 817 1259; x_wconf 79' lang='lat' dir='ltr'>Australis</span> 
     </span>
     <span class='ocr_line' id='line_1_21' title="bbox 110 1276 816 1317; baseline 0.004 -12"><span class='ocrx_word' id='word_1_92' title='bbox 110 1283 229 1314; x_wconf 82' lang='lat' dir='ltr'>annus,</span> <span class='ocrx_word' id='word_1_93' title='bbox 253 1280 463 1306; x_wconf 87' lang='lat' dir='ltr'>commeatus</span> <span class='ocrx_word' id='word_1_94' title='bbox 488 1276 622 1317; x_wconf 79' lang='lat' dir='ltr'>Libyci.</span> <span class='ocrx_word' id='word_1_95' title='bbox 682 1277 723 1307; x_wconf 93' lang='lat' dir='ltr'>In</span> <span class='ocrx_word' id='word_1_96' title='bbox 751 1278 816 1308; x_wconf 89' lang='lat' dir='ltr'>Eu-</span> 
     </span>
     <span class='ocr_line' id='line_1_22' title="bbox 108 1325 816 1368; baseline 0.003 -12"><span class='ocrx_word' id='word_1_97' title='bbox 108 1326 278 1366; x_wconf 81' lang='lat' dir='ltr'>tropium:</span> <span class='ocrx_word' id='word_1_98' title='bbox 302 1326 311 1342; x_wconf 80' lang='lat'><strong><em>⁴</em></strong></span> <span class='ocrx_word' id='word_1_99' title='bbox 328 1325 526 1357; x_wconf 77' lang='lat' dir='ltr'>Australem</span> <span class='ocrx_word' id='word_1_100' title='bbox 539 1326 680 1358; x_wconf 69' lang='lat' dir='ltr'>Arctois</span> <span class='ocrx_word' id='word_1_101' title='bbox 697 1337 816 1368; x_wconf 85' lang='lat' dir='ltr'>pensa-</span> 
     </span>
     <span class='ocr_line' id='line_1_23' title="bbox 108 1376 643 1418; baseline 0.004 -11"><span class='ocrx_word' id='word_1_102' title='bbox 108 1377 161 1408; x_wconf 67' lang='lat' dir='ltr'>vit</span> <span class='ocrx_word' id='word_1_103' title='bbox 172 1376 326 1418; x_wconf 83' lang='lat' dir='ltr'>frugibus</span> <span class='ocrx_word' id='word_1_104' title='bbox 342 1378 487 1409; x_wconf 86' lang='lat' dir='ltr'>annum.’</span> <span class='ocrx_word' id='word_1_105' title='bbox 524 1378 643 1409; x_wconf 81' lang='lat' dir='ltr'>Barth.</span> 
     </span>
    </p>

    <p class='ocr_par' dir='ltr' id='par_1_8' title="bbox 107 1429 816 1560">
     <span class='ocr_line' id='line_1_24' title="bbox 151 1429 816 1470; baseline 0.002 -12"><span class='ocrx_word' id='word_1_106' title='bbox 151 1431 193 1459; x_wconf 87' lang='grc'>67</span> <span class='ocrx_word' id='word_1_107' title='bbox 218 1429 374 1459; x_wconf 83' lang='lat' dir='ltr'>Metimur</span> <span class='ocrx_word' id='word_1_108' title='bbox 397 1429 524 1468; x_wconf 73' lang='lat' dir='ltr'>caerula]</span> <span class='ocrx_word' id='word_1_109' title='bbox 550 1429 816 1470; x_wconf 84' lang='lat' dir='ltr'>Prospectamus</span> 
     </span>
     <span class='ocr_line' id='line_1_25' title="bbox 107 1479 816 1520; baseline 0.004 -12"><span class='ocrx_word' id='word_1_110' title='bbox 107 1479 228 1517; x_wconf 84' lang='lat' dir='ltr'>oeulis,</span> <span class='ocrx_word' id='word_1_111' title='bbox 253 1483 289 1509; x_wconf 94' lang='lat' dir='ltr'>ut</span> <span class='ocrx_word' id='word_1_112' title='bbox 305 1480 417 1510; x_wconf 87' lang='lat' dir='ltr'>solent</span> <span class='ocrx_word' id='word_1_113' title='bbox 439 1480 586 1520; x_wconf 84' lang='lat' dir='ltr'>aliquem</span> <span class='ocrx_word' id='word_1_114' title='bbox 612 1484 816 1520; x_wconf 80' lang='lat' dir='ltr'>exspectau-</span> 
     </span>
     <span class='ocr_line' id='line_1_26' title="bbox 108 1529 293 1560; baseline 0 -1"><span class='ocrx_word' id='word_1_115' title='bbox 108 1533 169 1560; x_wconf 89' lang='lat' dir='ltr'>tes.</span> <span class='ocrx_word' id='word_1_116' title='bbox 195 1529 293 1560; x_wconf 76' lang='lat' dir='ltr'>Idem.</span> 
     </span>
    </p>

    <p class='ocr_par' dir='ltr' id='par_1_9' title="bbox 106 1579 816 1772">
     <span class='ocr_line' id='line_1_27' title="bbox 149 1579 814 1620; baseline 0.002 -10"><span class='ocrx_word' id='word_1_117' title='bbox 149 1582 192 1610; x_wconf 84' lang='lat'>69</span> <span class='ocrx_word' id='word_1_118' title='bbox 230 1580 284 1610; x_wconf 83' lang='lat' dir='ltr'>Vel</span> <span class='ocrx_word' id='word_1_119' title='bbox 310 1581 419 1619; x_wconf 84' lang='lat' dir='ltr'>proeda</span> <span class='ocrx_word' id='word_1_120' title='bbox 448 1580 590 1620; x_wconf 82' lang='lat' dir='ltr'>reliquit]</span> <span class='ocrx_word' id='word_1_121' title='bbox 630 1579 814 1611; x_wconf 85' lang='lat' dir='ltr'>Gildonem</span> 
     </span>
     <span class='ocr_line' id='line_1_28' title="bbox 107 1629 815 1671; baseline 0.001 -11"><span class='ocrx_word' id='word_1_122' title='bbox 107 1629 271 1661; x_wconf 89' lang='lat' dir='ltr'>interiora</span> <span class='ocrx_word' id='word_1_123' title='bbox 280 1630 408 1661; x_wconf 78' lang='lat' dir='ltr'>Africae</span> <span class='ocrx_word' id='word_1_124' title='bbox 422 1631 560 1671; x_wconf 84' lang='lat' dir='ltr'>petiisse</span> <span class='ocrx_word' id='word_1_125' title='bbox 569 1631 815 1671; x_wconf 87' lang='lat' dir='ltr'>depopulatum</span> 
     </span>
     <span class='ocr_line' id='line_1_29' title="bbox 107 1680 816 1720; baseline 0.003 -10"><span class='ocrx_word' id='word_1_126' title='bbox 107 1680 224 1711; x_wconf 87' lang='lat' dir='ltr'>utilem</span> <span class='ocrx_word' id='word_1_127' title='bbox 256 1682 515 1720; x_wconf 83' lang='lat' dir='ltr'>superventuris</span> <span class='ocrx_word' id='word_1_128' title='bbox 546 1681 700 1712; x_wconf 82' lang='lat' dir='ltr'>hostibus</span> <span class='ocrx_word' id='word_1_129' title='bbox 727 1692 816 1713; x_wconf 88' lang='lat' dir='ltr'>com-</span> 
     </span>
     <span class='ocr_line' id='line_1_30' title="bbox 106 1731 813 1772; baseline 0.006 -12"><span class='ocrx_word' id='word_1_130' title='bbox 106 1735 255 1761; x_wconf 87' lang='lat' dir='ltr'>meatum</span> <span class='ocrx_word' id='word_1_131' title='bbox 266 1735 389 1761; x_wconf 83' lang='lat' dir='ltr'>notant</span> <span class='ocrx_word' id='word_1_132' title='bbox 402 1731 564 1762; x_wconf 85' lang='lat' dir='ltr'>Historici</span> <span class='ocrx_word' id='word_1_133' title='bbox 578 1732 705 1772; x_wconf 87' lang='lat' dir='ltr'>populi.</span> <span class='ocrx_word' id='word_1_134' title='bbox 717 1733 813 1765; x_wconf 83' lang='lat' dir='ltr'>Idem.</span> 
     </span>
    </p>

    <p class='ocr_par' dir='ltr' id='par_1_10' title="bbox 105 1780 815 2175">
     <span class='ocr_line' id='line_1_31' title="bbox 150 1780 814 1822; baseline 0.002 -11"><span class='ocrx_word' id='word_1_135' title='bbox 150 1781 265 1812; x_wconf 82' lang='lat' dir='ltr'>Praeda</span> <span class='ocrx_word' id='word_1_136' title='bbox 276 1780 417 1821; x_wconf 77' lang='lat' dir='ltr'>reliquit]</span> <span class='ocrx_word' id='word_1_137' title='bbox 437 1781 548 1811; x_wconf 78' lang='lat' dir='ltr'>Proedo</span> <span class='ocrx_word' id='word_1_138' title='bbox 561 1781 668 1812; x_wconf 81' lang='lat' dir='ltr'>Aldus</span> <span class='ocrx_word' id='word_1_139' title='bbox 686 1783 814 1822; x_wconf 86' lang='lat' dir='ltr'>optime</span> 
     </span>
     <span class='ocr_line' id='line_1_32' title="bbox 108 1831 815 1871; baseline 0.001 -10"><span class='ocrx_word' id='word_1_140' title='bbox 108 1834 144 1862; x_wconf 88' lang='lat' dir='ltr'>et</span> <span class='ocrx_word' id='word_1_141' title='bbox 171 1831 289 1862; x_wconf 89' lang='lat' dir='ltr'>decem</span> <span class='ocrx_word' id='word_1_142' title='bbox 316 1832 447 1871; x_wconf 91' lang='lat' dir='ltr'>scripti.</span> <span class='ocrx_word' id='word_1_143' title='bbox 485 1831 668 1863; x_wconf 89' lang='lat' dir='ltr'>Gildonem</span> <span class='ocrx_word' id='word_1_144' title='bbox 691 1832 815 1863; x_wconf 77' lang='lat' dir='ltr'>intelli-</span> 
     </span>
     <span class='ocr_line' id='line_1_33' title="bbox 107 1881 815 1923; baseline 0 -10"><span class='ocrx_word' id='word_1_145' title='bbox 107 1882 178 1922; x_wconf 87' lang='lat' dir='ltr'>git:</span> <span class='ocrx_word' id='word_1_146' title='bbox 210 1882 254 1913; x_wconf 87' lang='lat' dir='ltr'>de</span> <span class='ocrx_word' id='word_1_147' title='bbox 279 1892 345 1923; x_wconf 91' lang='lat' dir='ltr'>quo</span> <span class='ocrx_word' id='word_1_148' title='bbox 372 1887 408 1913; x_wconf 90' lang='lat' dir='ltr'>et</span> <span class='ocrx_word' id='word_1_149' title='bbox 434 1881 543 1913; x_wconf 87' lang='lat' dir='ltr'>infra:</span> <span class='ocrx_word' id='word_1_150' title='bbox 582 1884 591 1900; x_wconf 87' lang='lat'>‘</span> <span class='ocrx_word' id='word_1_151' title='bbox 609 1892 687 1923; x_wconf 87' lang='lat' dir='ltr'>pars</span> <span class='ocrx_word' id='word_1_152' title='bbox 710 1884 815 1914; x_wconf 86' lang='lat' dir='ltr'>tertia</span> 
     </span>
     <span class='ocr_line' id='line_1_34' title="bbox 105 1932 814 1972; baseline 0.001 -9"><span class='ocrx_word' id='word_1_153' title='bbox 105 1932 223 1963; x_wconf 90' lang='lat' dir='ltr'>mundi</span> <span class='ocrx_word' id='word_1_154' title='bbox 254 1933 365 1963; x_wconf 87' lang='lat' dir='ltr'>Unius</span> <span class='ocrx_word' id='word_1_155' title='bbox 402 1932 571 1972; x_wconf 81' lang='lat' dir='ltr'>praedonis</span> <span class='ocrx_word' id='word_1_156' title='bbox 614 1932 731 1972; x_wconf 80' lang='lat' dir='ltr'>agerz&#39;</span> <span class='ocrx_word' id='word_1_157' title='bbox 778 1938 814 1964; x_wconf 90' lang='lat' dir='ltr'>et</span> 
     </span>
     <span class='ocr_line' id='line_1_35' title="bbox 105 1983 812 2024; baseline 0.001 -11"><span class='ocrx_word' id='word_1_158' title='bbox 105 1989 244 2023; x_wconf 89' lang='lat' dir='ltr'>postea:</span> <span class='ocrx_word' id='word_1_159' title='bbox 269 1984 278 2000; x_wconf 89' lang='lat'>‘</span> <span class='ocrx_word' id='word_1_160' title='bbox 297 1983 351 2013; x_wconf 88' lang='lat' dir='ltr'>Ite</span> <span class='ocrx_word' id='word_1_161' title='bbox 369 1983 557 2023; x_wconf 87' lang='lat' dir='ltr'>recepturi,</span> <span class='ocrx_word' id='word_1_162' title='bbox 576 1983 693 2023; x_wconf 75' lang='lat' dir='ltr'>praedo</span> <span class='ocrx_word' id='word_1_163' title='bbox 711 1993 812 2024; x_wconf 91' lang='lat' dir='ltr'>quem</span> 
     </span>
     <span class='ocr_line' id='line_1_36' title="bbox 106 2032 812 2072; baseline 0.001 -9"><span class='ocrx_word' id='word_1_164' title='bbox 106 2033 254 2072; x_wconf 87' lang='lat' dir='ltr'>sustulit,</span> <span class='ocrx_word' id='word_1_165' title='bbox 267 2041 365 2063; x_wconf 85' lang='lat' dir='ltr'>axem</span> <span class='ocrx_word' id='word_1_166' title='bbox 379 2032 401 2063; x_wconf 91' lang='lat'>:&#39;</span> <span class='ocrx_word' id='word_1_167' title='bbox 427 2033 449 2063; x_wconf 88' lang='lat'>1.</span> <span class='ocrx_word' id='word_1_168' title='bbox 475 2042 499 2063; x_wconf 90' lang='lat'>1.</span> <span class='ocrx_word' id='word_1_169' title='bbox 518 2033 550 2063; x_wconf 89' lang='lat' dir='ltr'>in</span> <span class='ocrx_word' id='word_1_170' title='bbox 570 2033 705 2064; x_wconf 86' lang='lat' dir='ltr'>Stilich.</span> <span class='ocrx_word' id='word_1_171' title='bbox 725 2035 812 2064; x_wconf 86' lang='lat' dir='ltr'>huuc</span> 
     </span>
     <span class='ocr_line' id='line_1_37' title="bbox 107 2083 812 2125; baseline 0.001 -11"><span class='ocrx_word' id='word_1_172' title='bbox 107 2093 241 2125; x_wconf 90' lang='lat' dir='ltr'>quoque</span> <span class='ocrx_word' id='word_1_173' title='bbox 266 2087 420 2114; x_wconf 88' lang='lat' dir='ltr'>nostrum</span> <span class='ocrx_word' id='word_1_174' title='bbox 443 2083 452 2099; x_wconf 93' lang='lat'>‘</span> <span class='ocrx_word' id='word_1_175' title='bbox 472 2083 676 2114; x_wconf 87' lang='lat' dir='ltr'>Praedonem</span> <span class='ocrx_word' id='word_1_176' title='bbox 701 2084 812 2115; x_wconf 90' lang='lat' dir='ltr'>lembo</span> 
     </span>
     <span class='ocr_line' id='line_1_38' title="bbox 106 2133 631 2175; baseline -0.002 -10"><span class='ocrx_word' id='word_1_177' title='bbox 106 2133 300 2175; x_wconf 82' lang='lat' dir='ltr'>prot&#39;ugum’</span> <span class='ocrx_word' id='word_1_178' title='bbox 318 2139 429 2164; x_wconf 87' lang='lat' dir='ltr'>vocat.</span> <span class='ocrx_word' id='word_1_179' title='bbox 455 2134 499 2165; x_wconf 88' lang='lat' dir='ltr'>D.</span> <span class='ocrx_word' id='word_1_180' title='bbox 517 2134 631 2164; x_wconf 79' lang='lat' dir='ltr'>Heius.</span> 
     </span>
    </p>

    <p class='ocr_par' dir='ltr' id='par_1_11' title="bbox 103 2184 812 2477">
     <span class='ocr_line' id='line_1_39' title="bbox 149 2184 810 2225; baseline 0 -11"><span class='ocrx_word' id='word_1_181' title='bbox 149 2187 188 2215; x_wconf 84' lang='grc'>71</span> <span class='ocrx_word' id='word_1_182' title='bbox 214 2184 354 2215; x_wconf 67' lang='lat' dir='ltr'>Dim-nos</span> <span class='ocrx_word' id='word_1_183' title='bbox 367 2187 399 2214; x_wconf 84' lang='lat' dir='ltr'>ut</span> <span class='ocrx_word' id='word_1_184' title='bbox 415 2184 550 2222; x_wconf 70' lang='lat' dir='ltr'>famula&gt;</span> <span class='ocrx_word' id='word_1_185' title='bbox 560 2184 699 2224; x_wconf 81' lang='lat' dir='ltr'>proebere</span> <span class='ocrx_word' id='word_1_186' title='bbox 715 2184 810 2225; x_wconf 84' lang='lat' dir='ltr'>cibos]</span> 
     </span>
     <span class='ocr_line' id='line_1_40' title="bbox 104 2234 810 2275; baseline -0.001 -9"><span class='ocrx_word' id='word_1_187' title='bbox 104 2235 219 2266; x_wconf 83' lang='lat' dir='ltr'>Servis</span> <span class='ocrx_word' id='word_1_188' title='bbox 232 2234 374 2265; x_wconf 88' lang='lat' dir='ltr'>Romani</span> <span class='ocrx_word' id='word_1_189' title='bbox 387 2239 470 2275; x_wconf 86' lang='lat' dir='ltr'>quot</span> <span class='ocrx_word' id='word_1_190' title='bbox 486 2234 656 2265; x_wconf 84' lang='lat' dir='ltr'>mensibus</span> <span class='ocrx_word' id='word_1_191' title='bbox 671 2240 728 2265; x_wconf 84' lang='lat' dir='ltr'>aut</span> <span class='ocrx_word' id='word_1_192' title='bbox 742 2235 810 2265; x_wconf 85' lang='lat' dir='ltr'>die-</span> 
     </span>
     <span class='ocr_line' id='line_1_41' title="bbox 104 2283 811 2315; baseline 0.001 -1"><span class='ocrx_word' id='word_1_193' title='bbox 104 2284 166 2315; x_wconf 90' lang='lat' dir='ltr'>bus</span> <span class='ocrx_word' id='word_1_194' title='bbox 188 2284 385 2315; x_wconf 89' lang='lat' dir='ltr'>demensum</span> <span class='ocrx_word' id='word_1_195' title='bbox 409 2284 442 2314; x_wconf 89' lang='lat' dir='ltr'>iu</span> <span class='ocrx_word' id='word_1_196' title='bbox 461 2284 587 2315; x_wconf 90' lang='lat' dir='ltr'>victum</span> <span class='ocrx_word' id='word_1_197' title='bbox 605 2283 811 2315; x_wconf 87' lang='lat' dir='ltr'>frumentum</span> 
     </span>
     <span class='ocr_line' id='line_1_42' title="bbox 104 2334 812 2374; baseline -0.001 -8"><span class='ocrx_word' id='word_1_198' title='bbox 104 2334 246 2373; x_wconf 85' lang='lat' dir='ltr'>dabant,</span> <span class='ocrx_word' id='word_1_199' title='bbox 262 2334 305 2365; x_wconf 91' lang='lat' dir='ltr'>de</span> <span class='ocrx_word' id='word_1_200' title='bbox 322 2338 447 2365; x_wconf 82' lang='lat' dir='ltr'>caetero</span> <span class='ocrx_word' id='word_1_201' title='bbox 464 2343 568 2374; x_wconf 87' lang='lat' dir='ltr'>super</span> <span class='ocrx_word' id='word_1_202' title='bbox 587 2334 628 2365; x_wconf 90' lang='lat' dir='ltr'>iis</span> <span class='ocrx_word' id='word_1_203' title='bbox 654 2344 721 2365; x_wconf 90' lang='lat' dir='ltr'>non</span> <span class='ocrx_word' id='word_1_204' title='bbox 748 2335 812 2365; x_wconf 91' lang='lat' dir='ltr'>sol-</span> 
     </span>
     <span class='ocr_line' id='line_1_43' title="bbox 103 2384 811 2417; baseline 0 -2"><span class='ocrx_word' id='word_1_205' title='bbox 103 2384 201 2417; x_wconf 88' lang='lat' dir='ltr'>liciti.</span> <span class='ocrx_word' id='word_1_206' title='bbox 225 2384 325 2417; x_wconf 83' lang='lat' dir='ltr'>Quod</span> <span class='ocrx_word' id='word_1_207' title='bbox 340 2384 405 2415; x_wconf 91' lang='lat' dir='ltr'>sibi</span> <span class='ocrx_word' id='word_1_208' title='bbox 416 2384 546 2415; x_wconf 87' lang='lat' dir='ltr'>scelere</span> <span class='ocrx_word' id='word_1_209' title='bbox 561 2384 718 2416; x_wconf 88' lang='lat' dir='ltr'>Gildonis</span> <span class='ocrx_word' id='word_1_210' title='bbox 733 2394 811 2416; x_wconf 90' lang='lat' dir='ltr'>con-</span> 
     </span>
     <span class='ocr_line' id='line_1_44' title="bbox 105 2435 745 2477; baseline 0.002 -11"><span class='ocrx_word' id='word_1_211' title='bbox 105 2435 221 2477; x_wconf 86' lang='lat' dir='ltr'>tigisse</span> <span class='ocrx_word' id='word_1_212' title='bbox 235 2435 343 2467; x_wconf 85' lang='lat' dir='ltr'>Roma</span> <span class='ocrx_word' id='word_1_213' title='bbox 358 2435 412 2466; x_wconf 79' lang='lat' dir='ltr'>liic</span> <span class='ocrx_word' id='word_1_214' title='bbox 428 2436 595 2476; x_wconf 84' lang='lat' dir='ltr'>queritur.</span> <span class='ocrx_word' id='word_1_215' title='bbox 627 2436 745 2467; x_wconf 83' lang='lat' dir='ltr'>Barth.</span> 
     </span>
    </p>

    <p class='ocr_par' dir='ltr' id='par_1_12' title="bbox 104 2486 812 2775">
     <span class='ocr_line' id='line_1_45' title="bbox 149 2486 812 2527; baseline 0.002 -10"><span class='ocrx_word' id='word_1_216' title='bbox 149 2489 190 2517; x_wconf 81' lang='grc'>73</span> <span class='ocrx_word' id='word_1_217' title='bbox 213 2486 325 2517; x_wconf 83' lang='lat' dir='ltr'>Librat</span> <span class='ocrx_word' id='word_1_218' title='bbox 342 2486 517 2517; x_wconf 69' lang='lat' dir='ltr'>Barbarie-⁰</span> <span class='ocrx_word' id='word_1_219' title='bbox 527 2486 637 2527; x_wconf 82' lang='lat' dir='ltr'>fastu]</span> <span class='ocrx_word' id='word_1_220' title='bbox 664 2486 742 2518; x_wconf 86' lang='lat' dir='ltr'>Jam</span> <span class='ocrx_word' id='word_1_221' title='bbox 758 2496 812 2518; x_wconf 92' lang='lat' dir='ltr'>co-</span> 
     </span>
     <span class='ocr_line' id='line_1_46' title="bbox 105 2538 811 2581; baseline 0.003 -11"><span class='ocrx_word' id='word_1_222' title='bbox 105 2539 194 2580; x_wconf 86' lang='lat' dir='ltr'>piam</span> <span class='ocrx_word' id='word_1_223' title='bbox 210 2538 337 2570; x_wconf 86' lang='lat' dir='ltr'>faciens</span> <span class='ocrx_word' id='word_1_224' title='bbox 354 2539 601 2581; x_wconf 88' lang='lat' dir='ltr'>ciborum,jam</span> <span class='ocrx_word' id='word_1_225' title='bbox 613 2550 708 2581; x_wconf 86' lang='lat' dir='ltr'>spem</span> <span class='ocrx_word' id='word_1_226' title='bbox 725 2541 811 2573; x_wconf 86' lang='lat' dir='ltr'>ulte-</span> 
     </span>
     <span class='ocr_line' id='line_1_47' title="bbox 104 2590 811 2633; baseline 0.004 -13"><span class='ocrx_word' id='word_1_227' title='bbox 104 2591 227 2621; x_wconf 89' lang='lat' dir='ltr'>riorem</span> <span class='ocrx_word' id='word_1_228' title='bbox 243 2590 409 2622; x_wconf 75' lang='lat' dir='ltr'>incidens.</span> <span class='ocrx_word' id='word_1_229' title='bbox 448 2591 516 2622; x_wconf 87' lang='lat' dir='ltr'>Sua</span> <span class='ocrx_word' id='word_1_230' title='bbox 543 2596 658 2623; x_wconf 89' lang='lat' dir='ltr'>autem</span> <span class='ocrx_word' id='word_1_231' title='bbox 673 2592 811 2633; x_wconf 82' lang='lat' dir='ltr'>jactan-</span> 
     </span>
     <span class='ocr_line' id='line_1_48' title="bbox 104 2639 809 2684; baseline 0.007 -14"><span class='ocrx_word' id='word_1_232' title='bbox 104 2646 175 2671; x_wconf 84' lang='lat' dir='ltr'>tem</span> <span class='ocrx_word' id='word_1_233' title='bbox 191 2639 276 2671; x_wconf 81' lang='lat' dir='ltr'>facit</span> <span class='ocrx_word' id='word_1_234' title='bbox 292 2641 510 2681; x_wconf 83' lang='lat' dir='ltr'>Claudianus,</span> <span class='ocrx_word' id='word_1_235' title='bbox 528 2643 684 2683; x_wconf 87' lang='lat' dir='ltr'>quoniam</span> <span class='ocrx_word' id='word_1_236' title='bbox 705 2643 809 2684; x_wconf 89' lang='lat' dir='ltr'>majo·</span> 
     </span>
     <span class='ocr_line' id='line_1_49' title="bbox 105 2690 809 2734; baseline 0.003 -12"><span class='ocrx_word' id='word_1_237' title='bbox 105 2700 158 2722; x_wconf 86' lang='lat' dir='ltr'>res</span> <span class='ocrx_word' id='word_1_238' title='bbox 169 2691 241 2731; x_wconf 88' lang='lat' dir='ltr'>ejus</span> <span class='ocrx_word' id='word_1_239' title='bbox 251 2690 380 2722; x_wconf 86' lang='lat' dir='ltr'>Africae</span> <span class='ocrx_word' id='word_1_240' title='bbox 391 2697 599 2732; x_wconf 86' lang='lat' dir='ltr'>usurparunt</span> <span class='ocrx_word' id='word_1_241' title='bbox 612 2693 809 2734; x_wconf 90' lang='lat' dir='ltr'>dominium,</span> 
     </span>
     <span class='ocr_line' id='line_1_50' title="bbox 104 2741 707 2775; baseline 0.002 -2"><span class='ocrx_word' id='word_1_242' title='bbox 104 2747 143 2773; x_wconf 89' lang='lat' dir='ltr'>ut</span> <span class='ocrx_word' id='word_1_243' title='bbox 160 2751 203 2772; x_wconf 84' lang='lat' dir='ltr'>ex</span> <span class='ocrx_word' id='word_1_244' title='bbox 221 2741 397 2772; x_wconf 86' lang='lat' dir='ltr'>Ammiano</span> <span class='ocrx_word' id='word_1_245' title='bbox 415 2741 582 2775; x_wconf 90' lang='lat' dir='ltr'>discimus.</span> <span class='ocrx_word' id='word_1_246' title='bbox 609 2743 707 2774; x_wconf 83' lang='lat' dir='ltr'>Idem.</span> 
     </span>
    </p>

    <p class='ocr_par' dir='ltr' id='par_1_13' title="bbox 147 2791 808 2835">
     <span class='ocr_line' id='line_1_51' title="bbox 147 2791 808 2835; baseline 0.002 -9"><span class='ocrx_word' id='word_1_247' title='bbox 147 2797 190 2826; x_wconf 77' lang='grc'>74</span> <span class='ocrx_word' id='word_1_248' title='bbox 213 2791 396 2834; x_wconf 76' lang='lat' dir='ltr'>Suspendit]</span> <span class='ocrx_word' id='word_1_249' title='bbox 420 2793 592 2835; x_wconf 84' lang='lat' dir='ltr'>Extrahit,</span> <span class='ocrx_word' id='word_1_250' title='bbox 608 2798 647 2826; x_wconf 89' lang='lat' dir='ltr'>ut</span> <span class='ocrx_word' id='word_1_251' title='bbox 664 2804 735 2826; x_wconf 89' lang='lat' dir='ltr'>rem</span> <span class='ocrx_word' id='word_1_252' title='bbox 757 2795 808 2827; x_wconf 81' lang='lat' dir='ltr'>sui</span> 
     </span>
    </p>
   </div>
   <div class='ocr_carea' id='block_1_3' title="bbox 426 2923 441 2939">
    <p class='ocr_par' dir='ltr' id='par_1_14' title="bbox 426 2923 441 2939">
     <span class='ocr_line' id='line_1_52' title="bbox 426 2923 441 2939; baseline 0 0"><span class='ocrx_word' id='word_1_253' title='bbox 426 2923 441 2939; x_wconf 58' lang='lat' dir='ltr'><strong><em>Q</em></strong></span> 
     </span>
    </p>
   </div>
   <div class='ocr_carea' id='block_1_4' title="bbox 854 220 1580 262">
    <p class='ocr_par' dir='ltr' id='par_1_15' title="bbox 854 220 1580 262">
     <span class='ocr_line' id='line_1_53' title="bbox 854 220 1580 262; baseline 0.017 -12"><span class='ocrx_word' id='word_1_254' title='bbox 854 222 1140 255; x_wconf 54' lang='lat' dir='ltr'>ammosa-0.</span> <span class='ocrx_word' id='word_1_255' title='bbox 1470 220 1580 262; x_wconf 81' lang='lat'>1397</span> 
     </span>
    </p>
   </div>
   <div class='ocr_carea' id='block_1_5' title="bbox 842 315 1600 2832">
    <p class='ocr_par' dir='ltr' id='par_1_16' title="bbox 873 315 1159 349">
     <span class='ocr_line' id='line_1_54' title="bbox 873 315 1159 349; baseline 0.007 -3"><span class='ocrx_word' id='word_1_256' title='bbox 873 315 1016 348; x_wconf 81' lang='lat' dir='ltr'>arbitrii.</span> <span class='ocrx_word' id='word_1_257' title='bbox 1063 317 1159 349; x_wconf 63' lang='lat' dir='ltr'>Idem.</span> 
     </span>
    </p>

    <p class='ocr_par' dir='ltr' id='par_1_17' title="bbox 873 368 1578 501">
     <span class='ocr_line' id='line_1_55' title="bbox 916 368 1578 413; baseline 0.011 -15"><span class='ocrx_word' id='word_1_258' title='bbox 916 371 956 398; x_wconf 79' lang='lat'>77</span> <span class='ocrx_word' id='word_1_259' title='bbox 985 368 1115 400; x_wconf 81' lang='lat' dir='ltr'>Tumida</span> <span class='ocrx_word' id='word_1_260' title='bbox 1133 370 1338 412; x_wconf 76' lang='lat' dir='ltr'>t&#39;urthagine]</span> <span class='ocrx_word' id='word_1_261' title='bbox 1354 371 1486 411; x_wconf 70' lang='lat' dir='ltr'>Fusius,</span> <span class='ocrx_word' id='word_1_262' title='bbox 1505 385 1578 413; x_wconf 72' lang='lat' dir='ltr'>per-</span> 
     </span>
     <span class='ocr_line' id='line_1_56' title="bbox 873 417 1576 461; baseline 0.011 -13"><span class='ocrx_word' id='word_1_263' title='bbox 873 417 966 457; x_wconf 81' lang='lat' dir='ltr'>fidia,</span> <span class='ocrx_word' id='word_1_264' title='bbox 989 419 1144 456; x_wconf 82' lang='lat' dir='ltr'>ambitio,</span> <span class='ocrx_word' id='word_1_265' title='bbox 1171 420 1311 452; x_wconf 76' lang='lat' dir='ltr'>Punicae</span> <span class='ocrx_word' id='word_1_266' title='bbox 1343 423 1464 461; x_wconf 83' lang='lat' dir='ltr'>gentis,</span> <span class='ocrx_word' id='word_1_267' title='bbox 1489 432 1576 456; x_wconf 64' lang='lat' dir='ltr'>notae</span> 
     </span>
     <span class='ocr_line' id='line_1_57' title="bbox 873 468 1164 501; baseline 0.007 -3"><span class='ocrx_word' id='word_1_268' title='bbox 873 468 1031 500; x_wconf 89' lang='lat' dir='ltr'>virtutes.</span> <span class='ocrx_word' id='word_1_269' title='bbox 1068 470 1164 501; x_wconf 84' lang='lat' dir='ltr'>Idem.</span> 
     </span>
    </p>

    <p class='ocr_par' dir='ltr' id='par_1_18' title="bbox 916 520 1490 561">
     <span class='ocr_line' id='line_1_58' title="bbox 916 520 1490 561; baseline 0.007 -13"><span class='ocrx_word' id='word_1_270' title='bbox 916 521 957 549; x_wconf 81' lang='lat'>78</span> <span class='ocrx_word' id='word_1_271' title='bbox 983 520 1145 550; x_wconf 80' lang='lat' dir='ltr'>Coueemta</span> <span class='ocrx_word' id='word_1_272' title='bbox 1162 521 1240 561; x_wconf 66' lang='lat' dir='ltr'>luce]</span> <span class='ocrx_word' id='word_1_273' title='bbox 1263 521 1354 552; x_wconf 79' lang='lat' dir='ltr'>Vita.</span> <span class='ocrx_word' id='word_1_274' title='bbox 1393 522 1490 552; x_wconf 69' lang='lat' dir='ltr'>Idem.</span> 
     </span>
    </p>

    <p class='ocr_par' dir='ltr' id='par_1_19' title="bbox 872 569 1578 753">
     <span class='ocr_line' id='line_1_59' title="bbox 915 569 1578 611; baseline 0.009 -13"><span class='ocrx_word' id='word_1_275' title='bbox 915 571 957 599; x_wconf 77' lang='grc'>79</span> <span class='ocrx_word' id='word_1_276' title='bbox 980 569 1113 599; x_wconf 80' lang='lat' dir='ltr'>Damnis</span> <span class='ocrx_word' id='word_1_277' title='bbox 1130 571 1342 602; x_wconf 80' lang='lat' dir='ltr'>Cannensibus</span> <span class='ocrx_word' id='word_1_278' title='bbox 1366 571 1440 611; x_wconf 83' lang='lat' dir='ltr'>emi]</span> <span class='ocrx_word' id='word_1_279' title='bbox 1466 573 1578 604; x_wconf 84' lang='lat' dir='ltr'>Enitio</span> 
     </span>
     <span class='ocr_line' id='line_1_60' title="bbox 873 618 1578 662; baseline 0.009 -14"><span class='ocrx_word' id='word_1_280' title='bbox 873 619 962 649; x_wconf 89' lang='lat' dir='ltr'>enim</span> <span class='ocrx_word' id='word_1_281' title='bbox 980 618 1151 650; x_wconf 81' lang='lat' dir='ltr'>difficilem</span> <span class='ocrx_word' id='word_1_282' title='bbox 1168 623 1459 662; x_wconf 81' lang='lat' dir='ltr'>comparationem</span> <span class='ocrx_word' id='word_1_283' title='bbox 1477 623 1578 655; x_wconf 88' lang='lat' dir='ltr'>deuo-</span> 
     </span>
     <span class='ocr_line' id='line_1_61' title="bbox 873 670 1578 714; baseline 0.009 -15"><span class='ocrx_word' id='word_1_284' title='bbox 873 674 937 707; x_wconf 86' lang='lat' dir='ltr'>tat,</span> <span class='ocrx_word' id='word_1_285' title='bbox 955 670 1043 711; x_wconf 86' lang='lat' dir='ltr'>quod</span> <span class='ocrx_word' id='word_1_286' title='bbox 1062 670 1118 700; x_wconf 87' lang='lat' dir='ltr'>illa</span> <span class='ocrx_word' id='word_1_287' title='bbox 1132 680 1197 701; x_wconf 90' lang='lat' dir='ltr'>non</span> <span class='ocrx_word' id='word_1_288' title='bbox 1215 672 1279 702; x_wconf 88' lang='lat' dir='ltr'>nisi</span> <span class='ocrx_word' id='word_1_289' title='bbox 1297 682 1450 713; x_wconf 83' lang='lat' dir='ltr'>appenso</span> <span class='ocrx_word' id='word_1_290' title='bbox 1467 674 1578 714; x_wconf 87' lang='lat' dir='ltr'>pretio</span> 
     </span>
     <span class='ocr_line' id='line_1_62' title="bbox 872 719 1083 753; baseline 0.009 -3"><span class='ocrx_word' id='word_1_291' title='bbox 872 719 944 751; x_wconf 87' lang='lat' dir='ltr'>fiat.</span> <span class='ocrx_word' id='word_1_292' title='bbox 984 721 1083 753; x_wconf 84' lang='lat' dir='ltr'>Idem.</span> 
     </span>
    </p>

    <p class='ocr_par' dir='ltr' id='par_1_20' title="bbox 868 772 1578 909">
     <span class='ocr_line' id='line_1_63' title="bbox 916 772 1578 813; baseline 0.008 -12"><span class='ocrx_word' id='word_1_293' title='bbox 916 772 1127 803; x_wconf 78' lang='lat' dir='ltr'>Cannensibus</span> <span class='ocrx_word' id='word_1_294' title='bbox 1143 773 1219 813; x_wconf 81' lang='lat' dir='ltr'>emi]</span> <span class='ocrx_word' id='word_1_295' title='bbox 1244 774 1345 805; x_wconf 90' lang='lat' dir='ltr'>Hanc</span> <span class='ocrx_word' id='word_1_296' title='bbox 1371 784 1486 806; x_wconf 83' lang='lat' dir='ltr'>veram</span> <span class='ocrx_word' id='word_1_297' title='bbox 1510 776 1578 807; x_wconf 90' lang='lat' dir='ltr'>lec-</span> 
     </span>
     <span class='ocr_line' id='line_1_64' title="bbox 870 820 1576 864; baseline 0.008 -14"><span class='ocrx_word' id='word_1_298' title='bbox 870 820 1008 858; x_wconf 88' lang='lat' dir='ltr'>tionem,</span> <span class='ocrx_word' id='word_1_299' title='bbox 1023 831 1102 860; x_wconf 91' lang='lat' dir='ltr'>uon,</span> <span class='ocrx_word' id='word_1_300' title='bbox 1116 833 1191 863; x_wconf 87' lang='lat' dir='ltr'>quae</span> <span class='ocrx_word' id='word_1_301' title='bbox 1206 823 1239 853; x_wconf 91' lang='lat' dir='ltr'>in</span> <span class='ocrx_word' id='word_1_302' title='bbox 1254 824 1340 863; x_wconf 89' lang='lat' dir='ltr'>aliis,</span> <span class='ocrx_word' id='word_1_303' title='bbox 1351 825 1413 864; x_wconf 84' lang='lat' dir='ltr'>egi,</span> <span class='ocrx_word' id='word_1_304' title='bbox 1426 825 1576 856; x_wconf 86' lang='lat' dir='ltr'>dicemus</span> 
     </span>
     <span class='ocr_line' id='line_1_65' title="bbox 868 870 1564 909; baseline 0.01 -9"><span class='ocrx_word' id='word_1_305' title='bbox 868 870 925 902; x_wconf 91' lang='lat' dir='ltr'>lib.</span> <span class='ocrx_word' id='word_1_306' title='bbox 940 880 996 902; x_wconf 87' lang='lat'>111.</span> <span class='ocrx_word' id='word_1_307' title='bbox 1015 871 1047 902; x_wconf 88' lang='lat' dir='ltr'>in</span> <span class='ocrx_word' id='word_1_308' title='bbox 1063 872 1194 904; x_wconf 90' lang='lat' dir='ltr'>Stilich.</span> <span class='ocrx_word' id='word_1_309' title='bbox 1210 884 1257 905; x_wconf 87' lang='lat' dir='ltr'>vs.</span> <span class='ocrx_word' id='word_1_310' title='bbox 1276 877 1350 906; x_wconf 87' lang='grc'><strong>188.</strong></span> <span class='ocrx_word' id='word_1_311' title='bbox 1387 876 1431 906; x_wconf 91' lang='lat' dir='ltr'>D.</span> <span class='ocrx_word' id='word_1_312' title='bbox 1452 876 1564 909; x_wconf 80' lang='lat' dir='ltr'>Heins.</span> 
     </span>
    </p>

    <p class='ocr_par' dir='ltr' id='par_1_21' title="bbox 868 923 1577 1108">
     <span class='ocr_line' id='line_1_66' title="bbox 911 923 1574 963; baseline 0.014 -11"><span class='ocrx_word' id='word_1_313' title='bbox 911 925 952 952; x_wconf 85' lang='grc'>80</span> <span class='ocrx_word' id='word_1_314' title='bbox 984 923 1091 963; x_wconf 76' lang='lat' dir='ltr'>Arsit]</span> <span class='ocrx_word' id='word_1_315' title='bbox 1136 925 1327 957; x_wconf 80' lang='lat' dir='ltr'>Navalibus</span> <span class='ocrx_word' id='word_1_316' title='bbox 1357 927 1574 960; x_wconf 88' lang='lat' dir='ltr'>conflictibus</span> 
     </span>
     <span class='ocr_line' id='line_1_67' title="bbox 868 972 1576 1016; baseline 0.011 -14"><span class='ocrx_word' id='word_1_317' title='bbox 868 972 1047 1003; x_wconf 84' lang='lat' dir='ltr'>immanior</span> <span class='ocrx_word' id='word_1_318' title='bbox 1089 979 1140 1005; x_wconf 83' lang='lat' dir='ltr'>est</span> <span class='ocrx_word' id='word_1_319' title='bbox 1183 977 1336 1016; x_wconf 89' lang='lat' dir='ltr'>tralatio,</span> <span class='ocrx_word' id='word_1_320' title='bbox 1383 982 1418 1009; x_wconf 86' lang='lat' dir='ltr'>et</span> <span class='ocrx_word' id='word_1_321' title='bbox 1463 983 1576 1010; x_wconf 80' lang='lat' dir='ltr'>tamen</span> 
     </span>
     <span class='ocr_line' id='line_1_68' title="bbox 869 1024 1577 1069; baseline 0.013 -15"><span class='ocrx_word' id='word_1_322' title='bbox 869 1024 988 1056; x_wconf 75' lang='lat' dir='ltr'>Poetis</span> <span class='ocrx_word' id='word_1_323' title='bbox 1018 1035 1084 1056; x_wconf 91' lang='lat' dir='ltr'>uon</span> <span class='ocrx_word' id='word_1_324' title='bbox 1121 1026 1317 1069; x_wconf 83' lang='lat' dir='ltr'>infrequens</span> <span class='ocrx_word' id='word_1_325' title='bbox 1354 1035 1414 1061; x_wconf 91' lang='lat' dir='ltr'>aut</span> <span class='ocrx_word' id='word_1_326' title='bbox 1452 1031 1577 1062; x_wconf 77' lang='lat' dir='ltr'>incom-</span> 
     </span>
     <span class='ocr_line' id='line_1_69' title="bbox 869 1076 1121 1108; baseline 0.012 -3"><span class='ocrx_word' id='word_1_327' title='bbox 869 1076 979 1107; x_wconf 85' lang='lat' dir='ltr'>moda.</span> <span class='ocrx_word' id='word_1_328' title='bbox 1003 1077 1121 1108; x_wconf 80' lang='lat' dir='ltr'>Barth.</span> 
     </span>
    </p>

    <p class='ocr_par' dir='ltr' id='par_1_22' title="bbox 866 1127 1576 1558">
     <span class='ocr_line' id='line_1_70' title="bbox 912 1127 1576 1168; baseline 0.011 -13"><span class='ocrx_word' id='word_1_329' title='bbox 912 1128 953 1156; x_wconf 81' lang='lat'>82</span> <span class='ocrx_word' id='word_1_330' title='bbox 981 1127 1117 1157; x_wconf 78' lang='lat' dir='ltr'>Emissns</span> <span class='ocrx_word' id='word_1_331' title='bbox 1133 1127 1170 1158; x_wconf 84' lang='lat' dir='ltr'>ab</span> <span class='ocrx_word' id='word_1_332' title='bbox 1184 1128 1280 1168; x_wconf 82' lang='lat' dir='ltr'>Alpe]</span> <span class='ocrx_word' id='word_1_333' title='bbox 1305 1130 1477 1161; x_wconf 89' lang='lat' dir='ltr'>Livineius</span> <span class='ocrx_word' id='word_1_334' title='bbox 1494 1132 1576 1162; x_wconf 89' lang='lat' dir='ltr'>scri-</span> 
     </span>
     <span class='ocr_line' id='line_1_71' title="bbox 869 1173 1573 1212; baseline 0.011 -8"><span class='ocrx_word' id='word_1_335' title='bbox 869 1173 919 1205; x_wconf 87' lang='lat' dir='ltr'>bit</span> <span class='ocrx_word' id='word_1_336' title='bbox 935 1175 1110 1207; x_wconf 82' lang='lat' dir='ltr'>immissns:</span> <span class='ocrx_word' id='word_1_337' title='bbox 1136 1181 1172 1208; x_wconf 91' lang='lat' dir='ltr'>ut</span> <span class='ocrx_word' id='word_1_338' title='bbox 1199 1187 1250 1208; x_wconf 87' lang='lat' dir='ltr'>vs.</span> <span class='ocrx_word' id='word_1_339' title='bbox 1268 1181 1342 1210; x_wconf 72' lang='lat'>641.</span> <span class='ocrx_word' id='word_1_340' title='bbox 1362 1179 1441 1210; x_wconf 90' lang='lat' dir='ltr'>belli</span> <span class='ocrx_word' id='word_1_341' title='bbox 1458 1181 1573 1212; x_wconf 86' lang='lat' dir='ltr'>Getic.</span> 
     </span>
     <span class='ocr_line' id='line_1_72' title="bbox 867 1224 1574 1270; baseline 0.013 -17"><span class='ocrx_word' id='word_1_342' title='bbox 867 1224 1044 1266; x_wconf 83' lang='lat' dir='ltr'>‘aliasque</span> <span class='ocrx_word' id='word_1_343' title='bbox 1076 1226 1222 1258; x_wconf 87' lang='lat' dir='ltr'>immissa</span> <span class='ocrx_word' id='word_1_344' title='bbox 1247 1237 1309 1267; x_wconf 88' lang='lat' dir='ltr'>per</span> <span class='ocrx_word' id='word_1_345' title='bbox 1339 1229 1478 1270; x_wconf 85' lang='lat' dir='ltr'>Alpes:&#39;</span> <span class='ocrx_word' id='word_1_346' title='bbox 1513 1232 1574 1262; x_wconf 86' lang='lat' dir='ltr'>sed</span> 
     </span>
     <span class='ocr_line' id='line_1_73' title="bbox 867 1275 1574 1314; baseline 0.014 -10"><span class='ocrx_word' id='word_1_347' title='bbox 867 1275 914 1305; x_wconf 92' lang='lat' dir='ltr'>nil</span> <span class='ocrx_word' id='word_1_348' title='bbox 943 1285 1101 1307; x_wconf 85' lang='lat' dir='ltr'>necesse:</span> <span class='ocrx_word' id='word_1_349' title='bbox 1146 1287 1221 1308; x_wconf 88' lang='lat' dir='ltr'>nam</span> <span class='ocrx_word' id='word_1_350' title='bbox 1248 1283 1283 1309; x_wconf 82' lang='lat' dir='ltr'>et</span> <span class='ocrx_word' id='word_1_351' title='bbox 1313 1279 1382 1311; x_wconf 88' lang='lat' dir='ltr'>illic</span> <span class='ocrx_word' id='word_1_352' title='bbox 1410 1282 1574 1314; x_wconf 88' lang='lat' dir='ltr'>Lucensis</span> 
     </span>
     <span class='ocr_line' id='line_1_74' title="bbox 866 1325 1574 1372; baseline 0.013 -18"><span class='ocrx_word' id='word_1_353' title='bbox 866 1325 985 1356; x_wconf 80' lang='lat' dir='ltr'>emissa.</span> <span class='ocrx_word' id='word_1_354' title='bbox 1021 1327 1148 1358; x_wconf 89' lang='lat' dir='ltr'>Lucan.</span> <span class='ocrx_word' id='word_1_355' title='bbox 1173 1329 1196 1359; x_wconf 93' lang='lat' dir='ltr'>l.</span> <span class='ocrx_word' id='word_1_356' title='bbox 1219 1337 1270 1360; x_wconf 83' lang='lat' dir='ltr'>vr.</span> <span class='ocrx_word' id='word_1_357' title='bbox 1298 1330 1307 1346; x_wconf 90' lang='lat'>‘</span> <span class='ocrx_word' id='word_1_358' title='bbox 1327 1330 1411 1361; x_wconf 88' lang='lat' dir='ltr'>Cum</span> <span class='ocrx_word' id='word_1_359' title='bbox 1433 1341 1538 1372; x_wconf 87' lang='lat' dir='ltr'>super</span> <span class='ocrx_word' id='word_1_360' title='bbox 1554 1342 1574 1363; x_wconf 88' lang='lat' dir='ltr'>e</span> 
     </span>
     <span class='ocr_line' id='line_1_75' title="bbox 866 1376 1573 1419; baseline 0.013 -14"><span class='ocrx_word' id='word_1_361' title='bbox 866 1376 947 1406; x_wconf 89' lang='lat' dir='ltr'>totis</span> <span class='ocrx_word' id='word_1_362' title='bbox 969 1377 1081 1407; x_wconf 86' lang='lat' dir='ltr'>emisit</span> <span class='ocrx_word' id='word_1_363' title='bbox 1107 1378 1249 1409; x_wconf 86' lang='lat' dir='ltr'>collibus</span> <span class='ocrx_word' id='word_1_364' title='bbox 1269 1389 1390 1419; x_wconf 82' lang='lat' dir='ltr'>agmen</span> <span class='ocrx_word' id='word_1_365' title='bbox 1405 1381 1425 1412; x_wconf 80' lang='lat'>2’</span> <span class='ocrx_word' id='word_1_366' title='bbox 1448 1382 1505 1413; x_wconf 88' lang='lat' dir='ltr'>ubi</span> <span class='ocrx_word' id='word_1_367' title='bbox 1531 1383 1573 1413; x_wconf 86' lang='lat' dir='ltr'>si-</span> 
     </span>
     <span class='ocr_line' id='line_1_76' title="bbox 867 1426 1571 1470; baseline 0.011 -14"><span class='ocrx_word' id='word_1_368' title='bbox 867 1426 954 1456; x_wconf 86' lang='lat' dir='ltr'>milis</span> <span class='ocrx_word' id='word_1_369' title='bbox 987 1427 1164 1459; x_wconf 82' lang='lat' dir='ltr'>diversitas</span> <span class='ocrx_word' id='word_1_370' title='bbox 1198 1429 1231 1459; x_wconf 91' lang='lat' dir='ltr'>in</span> <span class='ocrx_word' id='word_1_371' title='bbox 1263 1430 1411 1470; x_wconf 86' lang='lat' dir='ltr'>scriptis.</span> <span class='ocrx_word' id='word_1_372' title='bbox 1458 1433 1571 1463; x_wconf 89' lang='lat' dir='ltr'>emitti</span> 
     </span>
     <span class='ocr_line' id='line_1_77' title="bbox 867 1476 1560 1519; baseline 0.013 -13"><span class='ocrx_word' id='word_1_373' title='bbox 867 1476 1061 1508; x_wconf 83' lang='lat' dir='ltr'>carceribus</span> <span class='ocrx_word' id='word_1_374' title='bbox 1087 1478 1165 1519; x_wconf 87' lang='lat' dir='ltr'>equi</span> <span class='ocrx_word' id='word_1_375' title='bbox 1183 1480 1256 1519; x_wconf 91' lang='lat' dir='ltr'>pari</span> <span class='ocrx_word' id='word_1_376' title='bbox 1281 1481 1381 1512; x_wconf 86' lang='lat' dir='ltr'>modo</span> <span class='ocrx_word' id='word_1_377' title='bbox 1398 1481 1560 1514; x_wconf 90' lang='lat' dir='ltr'>dicuntur</span> 
     </span>
     <span class='ocr_line' id='line_1_78' title="bbox 866 1526 1041 1558; baseline -0.011 0"><span class='ocrx_word' id='word_1_378' title='bbox 866 1526 912 1558; x_wconf 92' lang='lat' dir='ltr'>D.</span> <span class='ocrx_word' id='word_1_379' title='bbox 930 1526 1041 1557; x_wconf 76' lang='lat' dir='ltr'>Heius.</span> 
     </span>
    </p>

    <p class='ocr_par' dir='ltr' id='par_1_23' title="bbox 865 1576 1600 1860">
     <span class='ocr_line' id='line_1_79' title="bbox 909 1576 1573 1619; baseline 0.012 -13"><span class='ocrx_word' id='word_1_380' title='bbox 909 1578 949 1606; x_wconf 72' lang='lat'>83</span> <span class='ocrx_word' id='word_1_381' title='bbox 973 1576 1206 1616; x_wconf 77' lang='lat' dir='ltr'>Attonitoejam</span> <span class='ocrx_word' id='word_1_382' title='bbox 1229 1581 1393 1619; x_wconf 66' lang='lat' dir='ltr'>proximus</span> <span class='ocrx_word' id='word_1_383' title='bbox 1410 1582 1573 1614; x_wconf 79' lang='lat' dir='ltr'>Hannibal</span> 
     </span>
     <span class='ocr_line' id='line_1_80' title="bbox 870 1626 1570 1673; baseline 0.011 -17"><span class='ocrx_word' id='word_1_384' title='bbox 870 1626 962 1666; x_wconf 82' lang='lat' dir='ltr'>Urbi]</span> <span class='ocrx_word' id='word_1_385' title='bbox 986 1628 1082 1658; x_wconf 87' lang='lat' dir='ltr'>Inter</span> <span class='ocrx_word' id='word_1_386' title='bbox 1107 1638 1234 1660; x_wconf 85' lang='lat' dir='ltr'>summa</span> <span class='ocrx_word' id='word_1_387' title='bbox 1257 1630 1448 1662; x_wconf 86' lang='lat' dir='ltr'>discrimina</span> <span class='ocrx_word' id='word_1_388' title='bbox 1471 1633 1570 1673; x_wconf 86' lang='lat' dir='ltr'>Reip.</span> 
     </span>
     <span class='ocr_line' id='line_1_81' title="bbox 867 1676 1571 1720; baseline 0.01 -14"><span class='ocrx_word' id='word_1_389' title='bbox 867 1676 1042 1717; x_wconf 63' lang='lat' dir='ltr'>Romanae,</span> <span class='ocrx_word' id='word_1_390' title='bbox 1058 1677 1283 1709; x_wconf 88' lang='lat' dir='ltr'>Hannibalem</span> <span class='ocrx_word' id='word_1_391' title='bbox 1310 1690 1416 1720; x_wconf 88' lang='lat' dir='ltr'>prope</span> <span class='ocrx_word' id='word_1_392' title='bbox 1443 1682 1571 1713; x_wconf 86' lang='lat' dir='ltr'>Urbem</span> 
     </span>
     <span class='ocr_line' id='line_1_82' title="bbox 866 1728 1570 1768; baseline 0.007 -11"><span class='ocrx_word' id='word_1_393' title='bbox 866 1732 1111 1768; x_wconf 80' lang='lat' dir='ltr'>conspectum:</span> <span class='ocrx_word' id='word_1_394' title='bbox 1159 1728 1385 1761; x_wconf 88' lang='lat' dir='ltr'>Proverbium</span> <span class='ocrx_word' id='word_1_395' title='bbox 1417 1731 1494 1761; x_wconf 81' lang='lat' dir='ltr'>inde</span> <span class='ocrx_word' id='word_1_396' title='bbox 1537 1733 1570 1762; x_wconf 89' lang='lat' dir='ltr'>in</span> 
     </span>
     <span class='ocr_line' id='line_1_83' title="bbox 865 1778 1600 1818; baseline 0.008 -10"><span class='ocrx_word' id='word_1_397' title='bbox 865 1788 961 1809; x_wconf 90' lang='lat' dir='ltr'>usum</span> <span class='ocrx_word' id='word_1_398' title='bbox 996 1779 1101 1818; x_wconf 89' lang='lat' dir='ltr'>venit,</span> <span class='ocrx_word' id='word_1_399' title='bbox 1141 1778 1314 1810; x_wconf 84' lang='lat' dir='ltr'>Hannibal</span> <span class='ocrx_word' id='word_1_400' title='bbox 1352 1780 1393 1811; x_wconf 89' lang='lat' dir='ltr'>ad</span> <span class='ocrx_word' id='word_1_401' title='bbox 1436 1782 1570 1814; x_wconf 81' lang='lat' dir='ltr'>Portas.</span> <span class='ocrx_word' id='word_1_402' title='bbox 1597 1811 1600 1814; x_wconf 16' lang='grc' dir='ltr'><em>Δ</em></span> 
     </span>
     <span class='ocr_line' id='line_1_84' title="bbox 865 1829 982 1860; baseline 0 0"><span class='ocrx_word' id='word_1_403' title='bbox 865 1829 982 1860; x_wconf 83' lang='lat' dir='ltr'>Barth.</span> 
     </span>
    </p>

    <p class='ocr_par' dir='ltr' id='par_1_24' title="bbox 864 1880 1569 1971">
     <span class='ocr_line' id='line_1_85' title="bbox 907 1880 1569 1921; baseline 0.006 -11"><span class='ocrx_word' id='word_1_404' title='bbox 907 1883 946 1910; x_wconf 82' lang='lat'>85</span> <span class='ocrx_word' id='word_1_405' title='bbox 973 1880 1069 1910; x_wconf 84' lang='lat' dir='ltr'>Muro</span> <span class='ocrx_word' id='word_1_406' title='bbox 1080 1880 1384 1921; x_wconf 48' lang='lat' dir='ltr'>sustinuilllartem]</span> <span class='ocrx_word' id='word_1_407' title='bbox 1408 1882 1463 1913; x_wconf 90' lang='lat' dir='ltr'>Illi</span> <span class='ocrx_word' id='word_1_408' title='bbox 1480 1883 1569 1914; x_wconf 80' lang='lat' dir='ltr'>enini</span> 
     </span>
     <span class='ocr_line' id='line_1_86' title="bbox 864 1930 1416 1971; baseline 0.005 -11"><span class='ocrx_word' id='word_1_409' title='bbox 864 1930 1078 1971; x_wconf 82' lang='lat' dir='ltr'>adequitavit</span> <span class='ocrx_word' id='word_1_410' title='bbox 1095 1930 1281 1961; x_wconf 86' lang='lat' dir='ltr'>Hannibal.</span> <span class='ocrx_word' id='word_1_411' title='bbox 1319 1932 1416 1963; x_wconf 75' lang='lat' dir='ltr'>Idem.</span> 
     </span>
    </p>

    <p class='ocr_par' dir='ltr' id='par_1_25' title="bbox 862 1980 1569 2275">
     <span class='ocr_line' id='line_1_87' title="bbox 908 1980 1569 2022; baseline 0.008 -12"><span class='ocrx_word' id='word_1_412' title='bbox 908 1981 1002 2010; x_wconf 75' lang='lat' dir='ltr'>Mur-o</span> <span class='ocrx_word' id='word_1_413' title='bbox 1023 1980 1155 2010; x_wconf 80' lang='lat' dir='ltr'>sustinui</span> <span class='ocrx_word' id='word_1_414' title='bbox 1181 1981 1334 2022; x_wconf 69' lang='lat' dir='ltr'>Illartem]</span> <span class='ocrx_word' id='word_1_415' title='bbox 1369 1983 1484 2015; x_wconf 80' lang='lat' dir='ltr'>Mauro</span> <span class='ocrx_word' id='word_1_416' title='bbox 1511 1985 1569 2015; x_wconf 86' lang='lat' dir='ltr'>‹le—</span> 
     </span>
     <span class='ocr_line' id='line_1_88' title="bbox 863 2029 1569 2072; baseline 0.006 -10"><span class='ocrx_word' id='word_1_417' title='bbox 863 2040 936 2062; x_wconf 90' lang='lat' dir='ltr'>cem</span> <span class='ocrx_word' id='word_1_418' title='bbox 949 2030 1046 2061; x_wconf 89' lang='lat' dir='ltr'>libri:</span> <span class='ocrx_word' id='word_1_419' title='bbox 1063 2030 1153 2072; x_wconf 88' lang='lat' dir='ltr'>quod</span> <span class='ocrx_word' id='word_1_420' title='bbox 1167 2029 1295 2062; x_wconf 85' lang='lat' dir='ltr'>frustra</span> <span class='ocrx_word' id='word_1_421' title='bbox 1308 2033 1466 2072; x_wconf 88' lang='lat' dir='ltr'>probant.</span> <span class='ocrx_word' id='word_1_422' title='bbox 1491 2035 1569 2065; x_wconf 87' lang='lat' dir='ltr'>Imi-</span> 
     </span>
     <span class='ocr_line' id='line_1_89' title="bbox 864 2083 1568 2118; baseline 0.004 -3"><span class='ocrx_word' id='word_1_423' title='bbox 864 2089 955 2115; x_wconf 87' lang='lat' dir='ltr'>tatus</span> <span class='ocrx_word' id='word_1_424' title='bbox 976 2084 1038 2114; x_wconf 79' lang='lat' dir='ltr'>lioc</span> <span class='ocrx_word' id='word_1_425' title='bbox 1055 2089 1108 2114; x_wconf 83' lang='lat' dir='ltr'>est</span> <span class='ocrx_word' id='word_1_426' title='bbox 1133 2083 1311 2115; x_wconf 86' lang='lat' dir='ltr'>manifeste</span> <span class='ocrx_word' id='word_1_427' title='bbox 1327 2085 1485 2117; x_wconf 86' lang='lat' dir='ltr'>Sidonius</span> <span class='ocrx_word' id='word_1_428' title='bbox 1503 2087 1568 2118; x_wconf 88' lang='lat' dir='ltr'>Pa-</span> 
     </span>
     <span class='ocr_line' id='line_1_90' title="bbox 862 2133 1567 2176; baseline 0.006 -12"><span class='ocrx_word' id='word_1_429' title='bbox 862 2135 1023 2174; x_wconf 80' lang='lat' dir='ltr'>negyrico</span> <span class='ocrx_word' id='word_1_430' title='bbox 1052 2133 1164 2165; x_wconf 80' lang='lat' dir='ltr'>Aviti:</span> <span class='ocrx_word' id='word_1_431' title='bbox 1202 2135 1210 2151; x_wconf 88' lang='lat'>‘</span> <span class='ocrx_word' id='word_1_432' title='bbox 1232 2135 1258 2165; x_wconf 86' lang='lat' dir='ltr'>si</span> <span class='ocrx_word' id='word_1_433' title='bbox 1287 2135 1431 2176; x_wconf 89' lang='lat' dir='ltr'>denique</span> <span class='ocrx_word' id='word_1_434' title='bbox 1455 2136 1567 2169; x_wconf 85' lang='lat' dir='ltr'>dirum</span> 
     </span>
     <span class='ocr_line' id='line_1_91' title="bbox 864 2184 1568 2228; baseline 0.007 -14"><span class='ocrx_word' id='word_1_435' title='bbox 864 2184 1221 2225; x_wconf 80' lang='lat' dir='ltr'>Hannibalemjuncto</span> <span class='ocrx_word' id='word_1_436' title='bbox 1238 2190 1339 2216; x_wconf 81' lang='lat' dir='ltr'>terrae</span> <span class='ocrx_word' id='word_1_437' title='bbox 1353 2187 1498 2228; x_wconf 76' lang='lat' dir='ltr'>coelique</span> <span class='ocrx_word' id='word_1_438' title='bbox 1516 2193 1568 2219; x_wconf 89' lang='lat' dir='ltr'>tu-</span> 
     </span>
     <span class='ocr_line' id='line_1_92' title="bbox 863 2235 1567 2275; baseline 0.01 -11"><span class='ocrx_word' id='word_1_439' title='bbox 863 2236 970 2265; x_wconf 89' lang='lat' dir='ltr'>multu</span> <span class='ocrx_word' id='word_1_440' title='bbox 1000 2235 1244 2275; x_wconf 85' lang='lat' dir='ltr'>Reppulimus:</span> <span class='ocrx_word' id='word_1_441' title='bbox 1277 2246 1351 2267; x_wconf 86' lang='lat' dir='ltr'>cum</span> <span class='ocrx_word' id='word_1_442' title='bbox 1377 2243 1486 2269; x_wconf 83' lang='lat' dir='ltr'>castra</span> <span class='ocrx_word' id='word_1_443' title='bbox 1503 2239 1567 2271; x_wconf 91' lang='lat' dir='ltr'>tuis</span> 
     </span>
    </p>

    <p class='ocr_par' dir='ltr' id='par_1_26' title="bbox 842 2285 1568 2620">
     <span class='ocr_line' id='line_1_93' title="bbox 842 2285 1568 2327; baseline 0.007 -12"><span class='ocrx_word' id='word_1_444' title='bbox 842 2285 929 2325; x_wconf 74' lang='lat' dir='ltr'>‘jam</span> <span class='ocrx_word' id='word_1_445' title='bbox 958 2285 1111 2325; x_wconf 84' lang='lat' dir='ltr'>proxima</span> <span class='ocrx_word' id='word_1_446' title='bbox 1138 2286 1241 2316; x_wconf 89' lang='lat' dir='ltr'>muris</span> <span class='ocrx_word' id='word_1_447' title='bbox 1271 2287 1418 2327; x_wconf 86' lang='lat' dir='ltr'>Starent,</span> <span class='ocrx_word' id='word_1_448' title='bbox 1445 2290 1568 2321; x_wconf 85' lang='lat' dir='ltr'>collina</span> 
     </span>
     <span class='ocr_line' id='line_1_94' title="bbox 863 2335 1568 2379; baseline 0.007 -14"><span class='ocrx_word' id='word_1_449' title='bbox 863 2335 990 2365; x_wconf 87' lang='lat' dir='ltr'>fulmen</span> <span class='ocrx_word' id='word_1_450' title='bbox 1017 2344 1078 2375; x_wconf 86' lang='lat' dir='ltr'>pro</span> <span class='ocrx_word' id='word_1_451' title='bbox 1105 2340 1197 2366; x_wconf 86' lang='lat' dir='ltr'>turre</span> <span class='ocrx_word' id='word_1_452' title='bbox 1232 2337 1405 2369; x_wconf 88' lang='lat' dir='ltr'>cucurrit.‘</span> <span class='ocrx_word' id='word_1_453' title='bbox 1455 2339 1568 2379; x_wconf 81' lang='lat' dir='ltr'>Silius,</span> 
     </span>
     <span class='ocr_line' id='line_1_95' title="bbox 863 2386 1567 2428; baseline 0.007 -12"><span class='ocrx_word' id='word_1_454' title='bbox 863 2386 921 2418; x_wconf 94' lang='lat' dir='ltr'>lib.</span> <span class='ocrx_word' id='word_1_455' title='bbox 938 2396 962 2418; x_wconf 92' lang='lat'>1.</span> <span class='ocrx_word' id='word_1_456' title='bbox 989 2388 997 2404; x_wconf 87' lang='lat'><em>‘</em></span> <span class='ocrx_word' id='word_1_457' title='bbox 1016 2386 1154 2418; x_wconf 83' lang='lat' dir='ltr'>obsessa</span> <span class='ocrx_word' id='word_1_458' title='bbox 1180 2387 1310 2428; x_wconf 86' lang='lat' dir='ltr'>palatia</span> <span class='ocrx_word' id='word_1_459' title='bbox 1333 2390 1422 2420; x_wconf 91' lang='lat' dir='ltr'>vallo</span> <span class='ocrx_word' id='word_1_460' title='bbox 1446 2391 1567 2421; x_wconf 81' lang='lat' dir='ltr'>Poeno-</span> 
     </span>
     <span class='ocr_line' id='line_1_96' title="bbox 863 2437 1565 2476; baseline 0.007 -10"><span class='ocrx_word' id='word_1_461' title='bbox 863 2445 950 2476; x_wconf 84' lang='lat' dir='ltr'>rum,</span> <span class='ocrx_word' id='word_1_462' title='bbox 974 2441 1009 2467; x_wconf 91' lang='lat' dir='ltr'>et</span> <span class='ocrx_word' id='word_1_463' title='bbox 1034 2437 1137 2468; x_wconf 75' lang='lat' dir='ltr'>inuris</span> <span class='ocrx_word' id='word_1_464' title='bbox 1167 2438 1325 2470; x_wconf 87' lang='lat' dir='ltr'>defendis</span> <span class='ocrx_word' id='word_1_465' title='bbox 1352 2440 1458 2471; x_wconf 87' lang='lat' dir='ltr'>Roma</span> <span class='ocrx_word' id='word_1_466' title='bbox 1478 2441 1565 2471; x_wconf 88' lang='lat' dir='ltr'>salu-</span> 
     </span>
     <span class='ocr_line' id='line_1_97' title="bbox 862 2485 1567 2530; baseline 0.007 -14"><span class='ocrx_word' id='word_1_467' title='bbox 862 2485 954 2517; x_wconf 64' lang='lat' dir='ltr'>tem!</span> <span class='ocrx_word' id='word_1_468' title='bbox 978 2486 1054 2517; x_wconf 88' lang='lat' dir='ltr'>Lib.</span> <span class='ocrx_word' id='word_1_469' title='bbox 1067 2495 1133 2519; x_wconf 84' lang='lat' dir='ltr'>xn.</span> <span class='ocrx_word' id='word_1_470' title='bbox 1148 2488 1158 2505; x_wconf 95' lang='lat'>‘</span> <span class='ocrx_word' id='word_1_471' title='bbox 1172 2487 1278 2528; x_wconf 87' lang='lat' dir='ltr'>pubes</span> <span class='ocrx_word' id='word_1_472' title='bbox 1291 2493 1399 2520; x_wconf 88' lang='lat' dir='ltr'>turres</span> <span class='ocrx_word' id='word_1_473' title='bbox 1413 2489 1567 2530; x_wconf 83' lang='lat' dir='ltr'>dispersa</span> 
     </span>
     <span class='ocr_line' id='line_1_98' title="bbox 862 2537 1564 2578; baseline 0.004 -12"><span class='ocrx_word' id='word_1_474' title='bbox 862 2545 925 2576; x_wconf 89' lang='lat' dir='ltr'>per</span> <span class='ocrx_word' id='word_1_475' title='bbox 940 2537 1098 2575; x_wconf 66' lang='lat' dir='ltr'>altas-‚Ut</span> <span class='ocrx_word' id='word_1_476' title='bbox 1116 2538 1186 2578; x_wconf 85' lang='lat' dir='ltr'>jam</span> <span class='ocrx_word' id='word_1_477' title='bbox 1211 2538 1319 2569; x_wconf 83' lang='lat' dir='ltr'>Roma</span> <span class='ocrx_word' id='word_1_478' title='bbox 1342 2540 1422 2570; x_wconf 83' lang='lat' dir='ltr'>satis</span> <span class='ocrx_word' id='word_1_479' title='bbox 1445 2539 1564 2571; x_wconf 86' lang='lat' dir='ltr'>credat</span> 
     </span>
     <span class='ocr_line' id='line_1_99' title="bbox 862 2586 1413 2620; baseline 0.004 -3"><span class='ocrx_word' id='word_1_480' title='bbox 862 2586 1045 2619; x_wconf 87' lang='lat' dir='ltr'>defendere</span> <span class='ocrx_word' id='word_1_481' title='bbox 1063 2587 1199 2619; x_wconf 65' lang='lat' dir='ltr'>muros!</span> <span class='ocrx_word' id='word_1_482' title='bbox 1235 2589 1281 2619; x_wconf 92' lang='lat' dir='ltr'>D.</span> <span class='ocrx_word' id='word_1_483' title='bbox 1301 2589 1413 2620; x_wconf 76' lang='lat' dir='ltr'>Heius.</span> 
     </span>
    </p>

    <p class='ocr_par' dir='ltr' id='par_1_27' title="bbox 859 2639 1562 2771">
     <span class='ocr_line' id='line_1_100' title="bbox 903 2639 1562 2679; baseline 0.002 -10"><span class='ocrx_word' id='word_1_484' title='bbox 903 2641 945 2669; x_wconf 84' lang='grc'>88</span> <span class='ocrx_word' id='word_1_485' title='bbox 968 2639 1170 2679; x_wconf 84' lang='lat' dir='ltr'>Impensaque</span> <span class='ocrx_word' id='word_1_486' title='bbox 1196 2640 1308 2669; x_wconf 78' lang='lat' dir='ltr'>soecula</span> <span class='ocrx_word' id='word_1_487' title='bbox 1339 2639 1438 2678; x_wconf 78' lang='lat' dir='ltr'>bellis]</span> <span class='ocrx_word' id='word_1_488' title='bbox 1472 2639 1562 2671; x_wconf 85' lang='lat' dir='ltr'>Bello</span> 
     </span>
     <span class='ocr_line' id='line_1_101' title="bbox 861 2688 1561 2729; baseline 0.001 -9"><span class='ocrx_word' id='word_1_489' title='bbox 861 2690 960 2729; x_wconf 88' lang='lat' dir='ltr'>prim.</span> <span class='ocrx_word' id='word_1_490' title='bbox 988 2690 1102 2720; x_wconf 80' lang='lat' dir='ltr'>Vatic.</span> <span class='ocrx_word' id='word_1_491' title='bbox 1134 2688 1258 2728; x_wconf 90' lang='lat' dir='ltr'>aliique</span> <span class='ocrx_word' id='word_1_492' title='bbox 1288 2698 1355 2719; x_wconf 87' lang='lat' dir='ltr'>non</span> <span class='ocrx_word' id='word_1_493' title='bbox 1388 2690 1486 2729; x_wconf 82' lang='lat' dir='ltr'>pauci</span> <span class='ocrx_word' id='word_1_494' title='bbox 1518 2699 1561 2722; x_wconf 80' lang='lat' dir='ltr'>ex</span> 
     </span>
     <span class='ocr_line' id='line_1_102' title="bbox 859 2738 1187 2771; baseline -0.006 -1"><span class='ocrx_word' id='word_1_495' title='bbox 859 2739 1066 2771; x_wconf 84' lang='lat' dir='ltr'>melioribus.</span> <span class='ocrx_word' id='word_1_496' title='bbox 1090 2738 1187 2769; x_wconf 84' lang='lat' dir='ltr'>Idem.</span> 
     </span>
    </p>

    <p class='ocr_par' dir='ltr' id='par_1_28' title="bbox 902 2788 1562 2832">
     <span class='ocr_line' id='line_1_103' title="bbox 902 2788 1562 2832; baseline 0 -10"><span class='ocrx_word' id='word_1_497' title='bbox 902 2792 1101 2832; x_wconf 74' lang='lat' dir='ltr'>Impeneaque</span> <span class='ocrx_word' id='word_1_498' title='bbox 1129 2789 1229 2820; x_wconf 79' lang='lat' dir='ltr'>secula</span> <span class='ocrx_word' id='word_1_499' title='bbox 1263 2788 1362 2829; x_wconf 80' lang='lat' dir='ltr'>bellis]</span> <span class='ocrx_word' id='word_1_500' title='bbox 1398 2789 1562 2832; x_wconf 89' lang='lat' dir='ltr'>Loquitur</span> 
     </span>
    </p>
   </div>
  </div>
 </body>
</html>
