1852 3182
0 2656 7 2676 ἷ1

507 231 554 260 ΙΝ
595 227 828 259 RUFINUM
865 228 960 257 LlB.
994 228 1045 256 ΙΙ.

50 328 126 363 sibi.
155 328 239 358 alius
262 326 331 356 tilio
355 334 414 356 suo
445 321 610 354 affectans
642 321 755 359 regale

49 378 238 418 fastigium,
260 381 295 406 ut
319 376 416 405 rebus
442 377 582 412 repente
609 372 756 402 turbatis

50 429 234 459 necessitas
252 424 464 465 Reipublicae
488 424 597 453 scelus
611 422 756 453 ambitus

51 475 342 517 tegeret‚genteis
356 473 517 503 barbaras
534 473 590 503 illc
608 471 758 511 immisit,

50 527 104 559 hic
123 525 232 557 fovit.'
266 524 384 555 Barth.

100 578 234 609 Vidisset
263 574 407 614 Graecia]
431 574 588 613 Stilicho,
616 578 654 604 ut
683 583 756 605 suc-

51 630 207 660 curreret
236 625 388 662 Achaiae,
417 625 450 655 iu
483 625 756 664 Peloponnesum

49 677 194 718 appulit,
209 674 408 715 fugavitque
426 675 589 705 barbaros
615 675 646 705 in
668 674 756 704 Pho-

50 727 128 759 loen
144 737 152 764 ;
176 725 235 756 sed
254 725 470 756 nihilominus
493 725 637 765 spatium
655 725 758 755 datur

49 776 212 810 Alaricho
230 776 262 806 in
280 776 423 816 Epirum
442 775 652 806 transeundi.
693 776 758 806 Ru-

48 827 135 859 finus
151 831 266 857 autem
284 826 496 865 Alariclmm,
516 825 680 857 offensum
700 826 758 857 ali-

49 876 143 918 oqui,
158 876 393 908 solicitaverat
416 881 454 908 ut
478 886 554 907 cum
571 877 638 908 suis
661 886 759 907 acce-

51 927 164 967 deret,
199 932 444 968 occupaturus,
471 927 605 957 ncmine
637 936 759 967 repug-

50 983 169 1016 nante,
184 978 308 1008 omnia.
346 978 469 1008 Cha-er.

96 1029 223 1060 Groecia
247 1027 362 1067 clades]
388 1030 497 1058 Coedes
520 1028 664 1058 anens.
688 1026 759 1066 Gy-

53 1079 141 1110 rald.
176 1079 275 1120 prim.
309 1079 462 1109 Vatican.
495 1087 571 1108 nam
613 1075 762 1107 Cladibus

51 1138 131 1160 mox
158 1128 322 1168 sequitur,
350 1137 398 1158 VS.
428 1130 499 1159 193.
527 1132 562 1158 et
591 1136 667 1156 mox
696 1136 759 1166 pro

50 1178 283 1210 Lacedaemonis
319 1187 417 1215 arces,
452 1177 524 1213 agri
553 1177 759 1215 scriptorum

50 1229 165 1271 potior
178 1238 274 1270 pars:
293 1237 355 1268 pro
370 1227 482 1268 oppida
495 1227 634 1265 vigerent
648 1226 759 1257 malim

50 1280 209 1316 rirerenoe
248 1279 311 1310 etsi
343 1282 379 1309 et
406 1278 582 1316 vulgatum
620 1275 760 1307 defendi

53 1335 182 1372 potest,
210 1329 402 1370 praesertim
430 1337 491 1368 pro
523 1326 760 1358 constantibus

54 1379 272 1411 membranis.
296 1379 341 1410 D.
362 1378 472 1408 Heius.

98 1433 160 1461 190
184 1430 277 1460 Mare
284 1428 439 1467 fumasset
449 1425 621 1465 geminum]
646 1425 762 1456 Corin-

55 1483 131 1514 thus
160 1482 308 1513 bimaris.
342 1481 474 1511 Seneca
493 1479 641 1510 Medea:
666 1479 674 1495 ‘
694 1478 761 1509 Ge-

55 1533 147 1564 mino
163 1531 348 1564 Corinthus
373 1531 480 1562 littori
497 1538 672 1570 opponens
696 1538 762 1559 mo-

52 1591 123 1622 raS,
141 1583 303 1614 Cremata
318 1581 461 1612 flammis
483 1580 590 1611 maria
607 1579 763 1610 commit-

56 1638 108 1664 tat
133 1632 222 1664 duo.’
258 1634 327 1664 Per
353 1633 499 1673 Pelopeia
523 1632 635 1672 oppida
663 1632 763 1662 Pelo-

55 1693 242 1726 ponnesum
261 1684 452 1714 universam
469 1682 644 1721 intelligit.
677 1682 763 1714 Quae

58 1735 201 1775 Pelopis
239 1734 348 1765 insula
391 1734 518 1774 alioqui
559 1732 765 1773 appellatur.

61 1785 219 1825 Cecropiae
257 1788 385 1815 matres
423 1783 590 1814 nemiuem
629 1782 765 1822 fugiunt

58 1844 132 1865 esse
157 1834 396 1872 Athenienses,
411 1833 487 1864 vide
504 1832 765 1873 Apollodorum,

59 1886 247 1926 Hyginum.
293 1884 410 1916 Barth.

103 1939 162 1967 191
189 1935 272 1966 Fera
297 1935 466 1965 traxissent
492 1932 627 1972 vincula]
649 1931 766 1972 Capti-

59 1986 176 2026 vandi,
203 1991 242 2017 ut
266 1985 430 2026 loquitur,
458 1982 632 2015 mirificam
649 1983 682 2014 in
699 1984 767 2015 Go-

60 2037 125 2068 this
142 2036 381 2077 cupiditatem.
417 2036 515 2066 Idem.

107 2089 166 2117 193
204 2086 337 2116 Sceleris
363 2094 486 2115 caussas
508 2082 632 2122 auferre
646 2082 768 2123 futuri]

58 2135 203 2167 Scelesti
230 2135 321 2165 belli.
357 2134 454 2165 Idem.

106 2190 166 2218 195
192 2186 282 2216 Inter
305 2196 394 2225 equos
420 2187 561 2225 interque
583 2183 688 2223 tubas]
713 2182 768 2214 In-

63 2243 116 2269 ter
147 2237 321 2278 equestria
359 2236 537 2275 exercitia,
566 2239 602 2266 et
631 2244 769 2275 progre-

62 2288 227 2320 dientium
258 2287 427 2325 ardorem,
458 2287 537 2317 dum
565 2286 637 2326 jam
665 2295 770 2326 equos

62 2339 205 2380 quisque
222 2339 389 2378 hortatur,
404 2342 440 2369 et
458 2337 540 2369 tuba
563 2338 693 2377 signum
712 2336 769 2366 da-

62 2394 118 2421 tur
134 2389 176 2420 ad
193 2388 421 2419 invadendum
438 2388 584 2419 hostem.
631 2388 730 2417 Idem.

107 2443 171 2471 197
197 2438 381 2479 Obstupuit]
405 2439 551 2469 Veteres
567 2436 706 2478 quidam
721 2436 770 2467 ob-

63 2491 192 2532 stipuit:
214 2489 383 2531 quomodo
409 2489 532 2530 passim
555 2488 588 2518 in
613 2487 772 2528 antiquis-

64 2541 155 2572 simis
171 2540 346 2572 codicibus
374 2540 408 2571 id
433 2539 572 2571 verbum
597 2538 770 2570 scribitur.

66 2591 110 2622 D.
128 2591 241 2622 Heius.

111 2640 213 2671 Simul
227 2641 276 2672 ira
291 2641 405 2681 cirum,
430 2640 523 2671 simul
545 2639 648 2671 obruit
662 2640 773 2678 ingens

69 2691 204 2730 Μαι-ον]
238 2691 286 2722 Ut
311 2691 377 2722 duo
400 2694 645 2722 concurrentes
668 2688 772 2720 affec-

70 2747 164 2772 tuum
181 2740 318 2771 violenti
335 2745 446 2772 motus
471 2739 654 2772 ostendant
670 2739 772 2771 animi

69 2789 330 2832 perculsionem.
364 2790 481 2821 Bru-tlt.

156 2843 270 2884 Delplt.
285 2845 316 2874 et
334 2842 408 2874 Vur.
427 2843 511 2876 Clus-

744 2842 857 2872 Claud.

1395 217 1507 259 1281

851 320 913 350 198
939 319 1055 357 [gnava
1072 318 1209 357 nocenti]
1237 319 1355 349 Nocens
1369 319 1513 360 scripto-

807 370 979 410 rihusjam
998 369 1173 399 convictus
1200 368 1366 398 scelerum
1383 374 1419 399 ct
1438 379 1514 400 con-

807 420 1016 450 demnationi
1036 419 1221 459 proximus.
1259 418 1358 448 Idem.

851 474 915 501 200
942 470 1052 501 I-'ortin
1078 472 1175 509 coepta
1198 467 1348 507 Deserat]
1373 467 1514 507 Differat

807 521 934 551 Thuau.
954 520 1043 560 quod
1070 520 1206 559 placet:
1230 518 1279 549 sic
1307 516 1409 557 infra,
1433 519 1442 535 ‘
1461 517 1517 548 de·

807 572 927 611 sistite,
945 581 1072 612 quaeso,
1090 571 1203 611 Atque
1228 569 1362 600 avidam
1380 567 1516 601 differte

808 622 966 653 mauum.'
995 631 1050 652 ιιι.
1076 622 1107 651 iu
1137 621 1266 652 Stilich.
1291 622 1299 637 ‘
1317 619 1423 651 caedis
1448 620 1519 651 siti-

809 679 923 703 entem
955 671 1094 702 (lifferat
1125 670 1279 701 arcumz'
1319 670 1373 700 ubi
1405 670 1516 710 plura.

810 724 933 764 Neque
961 723 1061 753 alitcr
1091 721 1424 761 Rottendorpiauus:
1461 721 1518 761 qui

809 783 874 804 nou
892 774 999 803 minus
1017 773 1192 811 eleganter
1219 781 1281 812 pro
1298 771 1436 802 diversa
1452 771 1521 802 lec-

811 824 902 854 tione
920 823 1056 853 Desinat
1074 825 1192 862 caepta:
1215 822 1258 852 dc
1275 831 1340 862 quo
1357 820 1517 862 loquendi

811 874 911 904 modo
930 873 1035 903 multa
1061 882 1120 903 nos
1143 872 1372 911 congessimus
1397 871 1438 902 ad
1466 880 1515 901 vs.

810 927 886 962 725,
902 924 960 954 lib.
978 933 1018 954 11.
1037 923 1129 954 Artis
1147 922 1332 954 Amatoriae
1355 922 1518 955 Nasonis.

812 975 856 1006 D.
876 974 986 1004 Helm.

855 1027 914 1054 201
943 1023 1097 1064 Illyricis]
1121 1022 1317 1063 Illyricum:
1347 1027 1418 1054 tum
1436 1027 1519 1054 tem-

812 1074 904 1114 poris
919 1073 1124 1113 amplissima
1140 1077 1215 1103 erat
1232 1082 1273 1102 ex
1294 1081 1345 1103 Χι.
1362 1072 1522 1114 Regioni-

813 1124 873 1155 bus
891 1125 922 1155 in
941 1133 1024 1164 quas
1042 1123 1221 1163 imperium
1250 1122 1347 1152 Rom.
1364 1126 1438 1153 erat
1455 1121 1522 1152 dis-

812 1175 972 1204 tinctum.
1004 1172 1045 1204 In
1063 1182 1103 1203 eo
1120 1172 1209 1203 enini
1225 1179 1305 1203 xlx.
1322 1176 1420 1203 eraut
1436 1171 1522 1202 Pro—

811 1225 944 1254 vinciae.
1005 1223 1103 1253 Inter
1133 1232 1205 1261 eaS‚
1233 1223 1350 1262 Creta,
1379 1220 1521 1261 Achaia,

813 1272 1228 1313 Macedonia,Thessalia,
1241 1271 1361 1312 Dacia,
1375 1276 1522 1312 utraque

813 1325 1003 1364 Pannonia,
1019 1323 1202 1362 Dalmatia,
1228 1322 1361 1362 Epirus.
1406 1321 1521 1354 Quare

813 1377 942 1406 clarum
958 1379 1010 1405 est
1027 1384 1089 1405 cur
1115 1373 1256 1413 Illyrica
1281 1372 1404 1403 damna
1429 1371 1524 1404 dicat

814 1425 1024 1456 Claudianus
1036 1429 1200 1455 vastatam
1212 1423 1395 1454 Graeciam.
1407 1422 1524 1454 Barth.

856 1477 956 1506 Ardet
969 1475 1160 1515 succurrere]
1186 1473 1341 1512 Stilicho,
1357 1474 1523 1514 principis

814 1526 959 1557 Houorii
976 1535 1075 1557 socer
1091 1523 1239 1563 futui-m,
1262 1524 1384 1565 pupilli
1400 1525 1451 1555 sui
1464 1524 1522 1565 jus

815 1578 904 1608 tueri
920 1577 1036 1617 cupit;
1061 1581 1164 1617 atque
1190 1576 1366 1616 Illyricum
1393 1575 1455 1606 sub
1477 1576 1525 1606 di-

816 1628 908 1659 tione
940 1627 1054 1658 Rufini
1089 1626 1132 1657 ab
1163 1626 1302 1657 Alarico
1333 1626 1365 1657 vi
1394 1633 1525 1658 armata

815 1679 974 1719 positum,
998 1686 1229 1718 recuperare;
1268 1686 1311 1707 ne
1342 1677 1415 1717 quis
1446 1686 1525 1707 vero

816 1734 915 1769 putet
931 1729 994 1759 hoc
1013 1728 1183 1768 injurium.
1222 1727 1344 1757 Claver.

858 1781 921 1809 ‘202
948 1778 1116 1818 Prcz’ceptis
1143 1778 1264 1808 obstare
1292 1776 1398 1817 timet]
1433 1776 1527 1809 Alibi

819 1829 851 1860 iu
869 1828 985 1860 Heroe
1014 1839 1073 1859 suo
1101 1827 1327 1859 reverentiam
1345 1828 1448 1859 etiam
1465 1838 1527 1869 pu-

819 1880 975 1921 pillorum
1005 1879 1195 1919 principum
1223 1878 1453 1919 commendat,
1474 1879 1526 1909 his

821 1930 931 1960 aureis
972 1928 1126 1959 versibus
1166 1937 1207 1959 11.
1247 1928 1289 1959 de
1326 1928 1499 1960 Laudibus
1518 1940 1525 1960 z

820 1981 829 1997 ‘
849 1981 959 2012 Quem
997 1985 1032 2010 tu
1072 1979 1119 2009 sic
1150 1978 1285 2019 placida
1315 1977 1453 2017 formas,
1479 1980 1527 2010 sic

819 2034 935 2060 mente
952 2039 1084 2068 severa,
1101 2028 1149 2060 Ut
1165 2037 1277 2069 neque
1300 2028 1441 2060 desidiae
1459 2035 1528 2060 tra-

820 2080 891 2118 das,
909 2080 988 2110 dum
1006 2089 1129 2120 pronus
1157 2079 1199 2110 ad
1216 2088 1314 2109 omno
1338 2078 1529 2111 Quodlibet

821 2129 1043 2172 obsequeris‚’
1061 2133 1124 2161 ὄις.

864 2184 925 2212 204
950 2181 1002 2212 Ad
1028 2184 1114 2211 astra
1136 2180 1272 2211 Adtollit
1292 2179 1411 2220 palmas
1436 2182 1465 2210 et
1489 2179 1528 2210 ab

821 2232 882 2262 imo
907 2235 1028 2271 pectore
1047 2231 1157 2271 futzw]
1197 2231 1313 2271 Longe
1341 2229 1531 2271 antiquissi-

823 2292 894 2312 mus
911 2292 981 2312 mos
998 2281 1166 2312 orantium
1186 2281 1313 2319 Deum,
1328 2289 1446 2311 manus
1464 2288 1530 2311 coe-

822 2333 855 2363 lo
873 2333 1045 2370 attollere,
1071 2332 1125 2372 qui
1143 2341 1185 2362 ex
1202 2331 1333 2372 Moysis
1356 2330 1453 2361 libris
1471 2339 1529 2370 ap·

823 2388 934 2423 paret,
945 2383 1048 2414 etiam
1063 2382 1258 2414 Gentilibus
1275 2380 1528 2423 frequentatus·

822 2434 941 2466 Barth.

866 2488 927 2516 205
966 2483 1098 2514 Extollit
1124 2482 1259 2524 palmas]
1294 2482 1430 2513 Palmas
1457 2484 1529 2511 ten-

824 2535 917 2573 dere,
932 2541 1048 2575 gestus
1066 2534 1290 2574 precantium.
1311 2532 1383 2563 Liv.
1400 2541 1425 2562 1.
1443 2531 1528 2561 Dec.

824 2587 911 2618 l.1v.
935 2589 944 2603 ⁶
960 2586 1108 2626 Supinas
1134 2593 1250 2614 manus
1277 2582 1320 2613 ad
1347 2581 1468 2613 coelum
1493 2583 1530 2610 et

824 2637 917 2667 Deos
942 2635 1146 2666 tendentes?
1178 2633 1300 2672 virgil.
1326 2629 1457 2662 AEneid.
1474 2636 1529 2659 111.

823 2689 834 2706 ⁴
860 2688 966 2728 passis
997 2687 1039 2717 de
1070 2686 1187 2717 littore
1219 2683 1352 2725 palmis,
1383 2679 1531 2711 Numina

825 2747 946 2778 magna
974 2736 1110 2768 vocatz’
1144 2741 1176 2765 et
1197 2734 1296 2765 alibi:
1328 2733 1337 2748 ‘
1356 2729 1528 2769 tendoque

825 2789 963 2829 supinas
980 2787 1035 2819 Ad
1052 2786 1174 2818 coelum
1191 2793 1266 2815 cum
1282 2791 1364 2812 voce
1380 2789 1496 2811 manus
1508 2779 1529 2810 :'

1360 2835 1380 2864 4
1404 2832 1442 2863 M
