1851 3213
278 192 393 235 12:38
530 204 672 236 NoTAE
701 202 968 236 vAmoRuM

278 298 511 339 Tragicorum,
529 299 625 331 alios.
671 299 790 332 Barth.

320 352 362 380 82
386 350 476 381 Inter
511 349 656 381 bacchata
692 349 833 390 penates]
877 350 985 389 Malo,

276 399 387 431 intra:
421 400 477 431 lib.
495 409 533 432 11.
557 401 693 441 ‘major
720 401 858 431 oberrat
888 401 984 431 Intra

277 454 370 482 tecta
387 450 510 482 timor!
554 453 599 482 D.
614 453 724 482 Heius.

272 518 276 520 -
321 504 361 532 83
386 502 528 533 Alternis
565 503 640 533 lusit
663 501 806 542 jugulis]
843 501 983 533 Fabulae

277 553 476 585 notissimae.
519 553 757 594 Agamemnon
789 564 808 585 a
839 554 984 594 conjuge

277 603 531 644 Clytei-nnestra
556 605 588 634 in
606 606 749 645 gratiam
767 605 914 636 adulteri
929 605 984 635 ΙΕ-

279 654 375 693 gis-tei
393 655 528 686 occisus
556 660 618 694 est,
635 657 708 696 ipse
739 656 832 696 prius
856 656 985 686 adulte-

275 706 333 737 riis
347 705 492 738 infamis.
538 708 802 748 Clytemnestrae
820 707 983 737 maritici-

277 754 370 786 (lium
416 758 551 787 ulturus
589 756 772 796 parricidio
819 755 984 786 interficit

278 807 434 847 Orestes,
450 813 596 838 matrem
617 807 719 846 filius,
746 808 778 837 in
797 807 983 838 vindictam

277 863 432 898 patei-nm
451 858 566 889 caedis.
614 858 749 889 Revera
763 858 855 889 lusus
881 857 984 889 furia-

278 920 363 940 rum.
390 909 507 939 Barth.

322 959 393 994 Hac
421 956 559 998 auspice]
588 958 729 998 Nuptiae
757 958 901 990 honesta
933 963 984 990 at-

277 1018 341 1050 que
375 1008 499 1039 eximia
525 1008 638 1049 aliqua
669 1019 815 1049 persona
845 1009 983 1050 auspice

249 1070 256 1079 =
278 1059 550 1090 conciliabantur
565 1059 716 1090 moribus
734 1060 904 1090 Romanis.
927 1060 984 1090 Vi-

276 1109 319 1140 de
336 1109 721 1150 Brissonii,Hotomaui,
735 1111 888 1151 aliorum,
900 1120 985 1151 nup-

276 1160 375 1191 tiales
393 1160 675 1193 Observationes.
700 1162 818 1192 Barth.

339 1210 393 1241 luc
407 1211 541 1250 auspice,
567 1211 636 1251 δἀ]
668 1212 814 1242 Tantum
837 1212 916 1243 olim
934 1221 984 1242 re·

275 1261 393 1301 ligioni
417 1261 642 1300 tribuebatur,
660 1266 697 1292 ut
720 1262 890 1302 sponsalia
906 1272 985 1293 con-

277 1313 427 1351 trahere,
457 1312 545 1342 citra
575 1313 729 1343 Deorum
772 1313 984 1343 voluntatem

275 1364 503 1403 exploratam,
531 1362 624 1392 nefas
648 1363 858 1400 duceretur,
890 1362 983 1393 ideo-

275 1424 341 1454 que
364 1418 400 1444 et
427 1413 534 1454 prima
552 1413 628 1443 luce
660 1413 817 1453 auspices
845 1412 984 1453 auguria

275 1465 475 1505 captabant.
499 1464 590 1495 Tull.
608 1464 630 1494 l.
649 1473 674 1495 1.
690 1464 732 1495 de
750 1464 864 1494 Diviu.
888 1464 982 1495 Serv.

276 1516 317 1546 ad
346 1516 421 1548 ΚΕΗ.
444 1525 495 1546 1v.
536 1520 614 1555 post
639 1515 749 1555 princ.
778 1519 813 1546 et
832 1515 874 1546 ad
899 1514 984 1546 illud

275 1567 349 1598 [En.
365 1577 390 1598 1.
408 1569 415 1584 ‘
430 1566 766 1608 primisquejugarat
781 1565 985 1597 Ominibus.'

273 1618 384 1650 Tacit.
408 1618 469 1649 lib.
493 1617 536 1649 de
550 1617 679 1658 nuptiis
689 1617 763 1648 Silii
778 1622 815 1648 et
829 1617 984 1648 Messali-

274 1679 341 1708 noe,
357 1674 392 1700 et
416 1669 476 1700 lib.
503 1677 584 1700 xm.
609 1668 652 1699 de
679 1668 809 1708 nuptiis
835 1667 984 1699 Neronis

274 1723 310 1750 et
323 1719 532 1759 Pythagorae
544 1718 720 1760 eujusdam
732 1718 888 1749 obsoleti.
902 1719 983 1750 Juv-

273 1771 346 1801 Sat.
380 1779 416 1802 x.
450 1770 599 1801 ‘Veniet
634 1779 710 1800 cum
757 1770 983 1809 signatoribus

275 1821 430 1861 auspex!
478 1821 524 1852 Et
547 1821 676 1852 Lucan.
690 1820 749 1851 lib.
764 1829 805 1851 11.
823 1820 865 1851 de
884 1821 984 1851 Bruti

274 1877 309 1902 et
327 1871 460 1903 Poreiae
483 1871 623 1911 nuptiis,
646 1872 655 1889 ‘
671 1871 893 1912 contentique
911 1881 985 1902 aus-

274 1923 350 1963 pice
367 1922 503 1954 Bruto!
548 1922 670 1953 Senec.
687 1922 813 1953 Troad.
830 1921 913 1954 Act.
934 1932 984 1953 1v.

272 1983 319 2004 sc.
345 1982 370 2004 1.
395 1973 559 2014 optimum
589 1977 705 2003 autem
732 1973 910 2013 augurium
941 1973 983 2004 ab

272 2023 422 2064 accipitre
437 2024 586 2055 ducitur.
604 2023 695 2055 Plin.
712 2032 747 2054 x.
765 2026 796 2054 6.
812 2023 914 2054 Hisce
926 2034 983 2055 au-

273 2079 343 2105 tem
360 2073 510 2114 auguriis
535 2073 714 2104 Pilumnus
732 2077 769 2104 et
795 2073 983 2105 Picumnus

272 2124 331 2155 Dii
354 2124 526 2165 deputati,
554 2134 598 2156 ex
614 2124 771 2156 Varrone
788 2125 932 2165 Nonius,
950 2135 981 2157 c.

275 2177 328 2205 12.
375 2175 556 2215 Dempster.

278 2237 281 2239 ·
314 2227 356 2256 86
380 2224 481 2264 Signa
495 2225 630 2266 quidem,
646 2236 663 2257 o
678 2225 784 2266 sociae]
810 2226 983 2258 Fra-‘stan-

272 2276 377 2307 tiores
391 2275 429 2306 τὸ
442 2287 459 2307 o
474 2286 541 2307 non
565 2281 767 2317 agnoscunt.
802 2278 847 2309 D.
866 2278 982 2309 Heius.

277 2340 281 2342 ·
315 2329 356 2358 87
381 2327 449 2358 Nec
463 2327 520 2365 fas
544 2331 601 2368 est,
627 2338 681 2359 nec
699 2338 790 2369 posse
816 2329 901 2368 reor]
926 2329 984 2359 ΗΞ-

271 2387 346 2419 quae
374 2379 559 2418 potestatis
582 2378 657 2410 haec
685 2379 763 2410 duo.
818 2379 981 2420 Alioquin

272 2426 365 2468 apud
378 2427 558 2458 Furiarum
572 2428 753 2458 maximam
769 2429 900 2459 nullum
918 2427 981 2460 fas.

270 2477 399 2509 Latinis
416 2477 515 2508 nefas
540 2475 629 2509 id'em
652 2483 750 2509 sonat
766 2479 856 2519 quod
873 2477 981 2509 ἀδύνα-

269 2540 337 2561 τον.
359 2528 546 2560 Horatius:
582 2528 710 2559 ‘levius
740 2528 780 2560 fit
815 2529 982 2569 patientia

271 2580 443 2622 Quicquid
455 2581 630 2620 corrigere
644 2585 696 2611 est
708 2579 830 2611 nefas?
852 2581 980 2611 Tamen

271 2636 306 2663 et
322 2631 432 2663 Furiis
455 2640 513 2662 sua
543 2637 623 2662 suut
647 2632 801 2671 crimina,
823 2642 899 2662 cum
923 2642 981 2672 po-

271 2687 379 2714 testas
405 2683 552 2724 ipsarum
589 2683 712 2714 alienae
749 2682 885 2714 subdita
922 2684 977 2714 sit.

271 2734 392 2766 Barth.

313 2785 487 2826 Mundum]
504 2786 699 2818 Humanum
716 2794 834 2827 genus.
859 2785 977 2817 Barth.

1003 203 1052 234 ΙΝ
1091 203 1167 234 cL.
1201 203 1386 237 CLAUD.
1418 203 1491 235 111.

1079 300 1122 328 89
1147 298 1277 329 Cunctis
1303 297 1470 329 immanius
1495 296 1618 338 hydris]
1642 297 1742 329 Natis

1035 349 1145 390 hydris
1162 354 1282 390 argute
1300 350 1499 380 Pricaeanus
1515 359 1522 378 :
1561 353 1598 379 ut
1615 348 1740 390 hydros

1035 404 1133 430 natos
1156 410 1229 431 suos
1247 400 1412 441 appellet.
1457 400 1502 430 D.
1519 399 1631 431 Heius.

1079 450 1250 481 [rm-uanius
1275 451 1412 491 Hydrz's]
1454 450 1654 480 hnmanitas
1672 459 1741 480 om-

1035 500 1127 531 nium
1168 501 1408 532 immanissima
1434 507 1595 540 serpente
1626 500 1740 531 termi-

1035 556 1148 583 natur.
1210 552 1301 582 Hinc
1331 551 1471 593 Hydrus
1507 550 1606 581 δεινὸν
1639 549 1741 591 ὅραμα

1036 601 1127 641 apud
1140 602 1314 642 Tigretem
1332 603 1468 641 Carem,
1482 602 1510 632 ei
1523 602 1611 632 enim
1626 600 1742 632 inscri-

1036 652 1070 682 bi
1101 653 1517 692 Batrachomyomachiam
1553 653 1586 684 in
1617 652 1741 693 priscis

1035 702 1288 741 exemplaribus
1318 708 1472 734 notatum
1511 703 1742 734 eruditissimo

1035 751 1213 781 Nunnesio
1242 752 1284 781 ad
1309 753 1551 793 Phrynichum.
1598 754 1642 784 Et
1671 762 1742 783 ino-

1035 801 1110 832 nuit
1126 806 1205 832 ante
1222 803 1394 834 Heni-icus
1421 804 1611 845 Stephanus
1636 804 1742 836 Sche-

1036 852 1222 884 diasmatis.
1246 854 1360 886 Barth.

1077 906 1118 934 90
1143 904 1309 945 Illobz'lz‘us]
1335 905 1487 936 Celerius
1513 905 1554 936 ad
1584 904 1739 946 rapinam

1036 958 1070 985 et
1089 955 1276 994 perniciem
1294 956 1502 987 miserorum.
1527 957 1643 988 Barth.

1085 1006 1260 1037 Violentius
1289 1007 1418 1037 Austris
1451 1006 1584 1045 acribus,
1623 1007 1744 1048 Euripi

1035 1055 1142 1096 refluis
1173 1057 1322 1088 incertius
1348 1058 1453 1098 undis]
1492 1057 1674 1098 Gyraldini
1705 1061 1743 1089 et

1036 1108 1198 1138 Lucensis
1208 1108 1287 1138 libri
1299 1109 1480 1140 lectionem
1493 1110 1741 1150 expressimus:

1036 1158 1101 1189 nisi
1118 1158 1207 1199 quod
1238 1159 1270 1189 in
1287 1159 1345 1190 illo
1367 1159 1481 1198 fult-is,
1498 1161 1530 1190 in
1551 1161 1614 1191 hoc
1632 1160 1742 1201 flavis,

1037 1210 1205 1250 quomodo
1221 1211 1348 1251 vulgati
1364 1222 1371 1241 ε
1397 1212 1504 1252 refluis
1514 1211 1554 1242 ab
1571 1212 1743 1252 isingrino

1036 1265 1107 1290 est:
1134 1260 1238 1301 quiet
1253 1262 1385 1291 velocius
1397 1262 1524 1292 Austris
1540 1262 1661 1292 habet:
1680 1261 1741 1293 sed

1036 1311 1143 1341 male:
1168 1310 1227 1341 lib.
1245 1311 1343 1342 liade
1358 1312 1461 1351 Rapt.
1487 1314 1496 1328 ‘
1512 1317 1655 1352 quantas
1670 1312 1743 1343 vio-

1036 1360 1161 1391 lentior
1173 1360 1299 1391 Auster
1310 1362 1453 1392 Decutit
1466 1362 1640 1393 arboribus
1651 1362 1744 1394 fron-

1038 1410 1097 1442 des
1112 1411 1132 1442 :⁷
1159 1411 1208 1442 sic
1236 1412 1325 1442 enim
1344 1413 1478 1453 scripti,
1502 1422 1567 1444 non
1589 1415 1743 1445 truculen-

1037 1462 1108 1493 tior.
1154 1462 1252 1493 Statii
1280 1463 1336 1493 illa
1352 1463 1542 1503 cogitabat,
1564 1462 1744 1495 ‘refluum-

1039 1525 1104 1555 que
1121 1519 1237 1545 meatu
1253 1515 1420 1555 Euripum
1438 1515 1458 1545 :'
1481 1516 1558 1546 hinc
1576 1515 1744 1557 castigan-

1038 1565 1099 1595 dus
1115 1565 1204 1595 idem
1221 1565 1351 1596 Statius
1374 1566 1468 1606 Sylv.
1486 1566 1572 1597 libro
1589 1576 1612 1598 1.
1629 1567 1671 1597 de
1687 1576 1744 1598 eo-

1037 1615 1114 1646 dem
1146 1615 1285 1656 Euripo,
1321 1615 1396 1647 ‘sic
1427 1616 1592 1647 Chalcida
1619 1615 1744 1649 fluctus

1037 1666 1247 1706 Dispescuut
1262 1665 1358 1697 reflui
1376 1678 1382 1697 :
1409 1667 1457 1698 sic
1475 1667 1659 1699 dissociata
1669 1677 1745 1708 pro·

1036 1715 1143 1746 fundo
1164 1717 1283 1747 Brutia
1309 1717 1482 1748 Sicanium
1510 1718 1744 1759 circumspicit

1037 1778 1094 1799 ora
1123 1767 1317 1799 Peloruint'
1362 1769 1419 1799 ubi
1445 1779 1624 1809 perperam
1655 1780 1743 1802 nunc

1038 1819 1200 1849 scribitur
1228 1819 1402 1859 Expellam
1417 1820 1532 1860 fluvii:
1570 1820 1676 1860 possit
1706 1826 1743 1853 et

1035 1868 1169 1909 retingi,
1185 1870 1308 1910 fluctus
1334 1869 1462 1909 refugi.-
1493 1880 1570 1901 uam
1596 1872 1741 1903 Senecae

1036 1920 1069 1950 in
1085 1920 1236 1953 Hercule
1264 1921 1420 1959 Furenti,
1451 1921 1615 1952 ‘Vicibus
1642 1923 1743 1953 alter-

1035 1971 1086 2001 nis
1103 1970 1205 2011 fugax
1223 1971 1370 2012 Euripus
1385 1971 1406 2002 :'
1431 1973 1440 1989 ‘
1457 1976 1659 2004 aestuautem
1676 1974 1745 2005 Eu-

1036 2022 1163 2062 ripum'
1177 2022 1265 2053 dixit
1277 2022 1439 2053 Boethius
1454 2022 1497 2054 de
1510 2023 1743 2056 consolatione

1035 2072 1282 2112 Philosophiae.
1329 2073 1494 2105 Chalcida
1521 2074 1611 2105 enim
1634 2075 1744 2106 aBae-

1036 2123 1106 2153 otia
1133 2122 1311 2163 dispescit.
1367 2125 1423 2155 De
1452 2124 1615 2156 Chalcide
1636 2126 1744 2165 Mela,

1034 2174 1123 2205 libro
1139 2183 1178 2205 11.
1192 2184 1267 2215 cap.
1283 2177 1314 2205 7.
1349 2175 1357 2191 ‘
1371 2175 1544 2207 Caeterum
1563 2176 1675 2217 longa,
1691 2180 1743 2208 to-

1033 2226 1130 2266 tique
1147 2225 1294 2256 Boeotiae
1319 2225 1493 2266 opposita,
1516 2230 1660 2266 angusto
1677 2225 1745 2258 fre-

1034 2281 1069 2308 to
1087 2277 1193 2307 distat
1215 2287 1235 2307 a
1254 2276 1383 2308 littore.
1429 2277 1582 2318 Euripon
1609 2281 1744 2318 vocant,

1033 2328 1192 2368 rapidum
1209 2337 1316 2367 mare,
1335 2331 1370 2358 et
1387 2327 1519 2358 alterno
1537 2337 1651 2366 cursu,
1668 2337 1744 2368 sep·

1033 2379 1098 2410 ties
1130 2378 1186 2409 die
1216 2387 1255 2408 ac
1279 2378 1408 2419 septies
1438 2382 1552 2417 nocte,
1577 2377 1740 2409 fluctibus

1032 2430 1180 2461 invicem
1193 2430 1310 2469 versis,
1323 2430 1408 2460 adeo
1426 2429 1606 2460 immodice
1619 2429 1741 2470 fluens,

1032 2485 1071 2511 ut
1087 2484 1207 2511 ventos
1226 2481 1327 2511 etiam
1346 2490 1385 2511 ac
1402 2481 1503 2520 plena
1519 2480 1630 2511 ventis
1648 2481 1742 2511 navi-

1033 2531 1087 2571 gia
1125 2530 1332 2561 frustretur)
1394 2529 1450 2560 Ad
1489 2539 1593 2571 quem⁴
1628 2531 1740 2562 locum

1031 2582 1139 2612 multa
1155 2581 1304 2618 erudite,
1323 2584 1361 2611 ut
1387 2581 1488 2618 solet,
1512 2580 1563 2610 vir
1590 2590 1740 2612 summus

1032 2633 1168 2663 Isaacus
1199 2632 1353 2663 Vossius.
1400 2631 1567 2661 Videatur
1598 2631 1670 2671 ille,
1704 2636 1741 2663 et

1031 2684 1088 2714 alii
1105 2682 1304 2723 Geographi
1334 2682 1377 2713 de
1403 2681 1555 2722 Euripo:
1581 2690 1642 2712 nos
1674 2681 1740 2713 alio

1030 2743 1266 2774 properamus.
1324 2732 1479 2773 magati,
1506 2732 1621 2763 Acrius
1649 2731 1739 2763 Har-

1027 2785 1123 2826 pyiis,
1138 2785 1171 2815 in
1189 2785 1250 2816 hoc
1264 2783 1443 2816 Claudiani
1459 2783 1547 2815 loc0.
1564 2783 1606 2815 D.
1622 2783 1736 2816 Heius.

1811 2749 1815 2811 ἑ
