1851 3213
245 196 358 238 11:30
696 208 771 237 cn.
805 206 1087 238 CLAUDIAM
1124 208 1218 238 mv.

904 397 1051 444 Lm.

590 536 632 577 3.
702 535 788 576 DE
819 533 992 576 APRO
1026 536 1106 576 ET
1138 535 1365 577 LEONE.

246 646 453 688 TORVUS
474 660 591 701 aper,
611 647 846 700 fulvusque
867 648 938 687 leo
961 648 1109 688 coiere
1131 647 1337 700 superbis

304 714 519 766 Viribus3
550 715 621 755 hic
644 719 738 754 seta
757 715 933 762 saevior,
956 714 1030 753 ille
1041 715 1164 766 juba.

248 781 382 823 Hunc
406 781 544 831 Mars,
564 781 680 821 hunc
703 780 866 833 Cybele
888 780 1062 820 laudat:
1085 780 1336 820 dominatur
1355 784 1540 833 uterque

306 849 561 889 Montibus:
607 848 852 888 Herculeus
876 847 1010 888 sudor
1030 851 1214 900 uterque
1234 847 1334 888 fuit.

286 948 371 987 Aper
392 947 485 986 ferus
500 951 529 978 et
544 948 589 978 leo
597 946 689 984 ferus
705 946 795 978 inter
810 956 846 977 se
862 947 1084 978 contenderunt
1099 945 1206 977 robore
1218 946 1369 978 indomito
1379 958 1389 978 .·
1412 946 1463 977 hic
1489 955 1572 987 aper
1583 945 1714 977 terribi-

246 990 306 1021 lior
319 990 406 1028 setis,
431 991 484 1020 ille
498 991 550 1020 leo
557 990 655 1029 jubis.
702 991 795 1020 Mars
812 989 963 1030 praedicat
980 990 1061 1021 hunc
1084 999 1215 1030 aprum,
1233 989 1346 1030 Cybele
1363 990 1533 1029 praedicat
1546 989 1635 1021 illum
1653 989 1720 1020 ieo-

248 1042 338 1064 nem.
388 1034 522 1073 Uterque
539 1033 671 1073 imperat
688 1033 722 1063 in
736 1032 909 1064 montibus:
932 1036 1059 1073 uterque
1067 1032 1138 1070 suit
1154 1031 1240 1063 labor
1257 1032 1417 1064 Herculis.

862 1118 1115 1130 aeaeaeaeaeaeaeaeaeaeaeaeae

292 1174 343 1204 De
359 1173 446 1214 Apro
470 1176 500 1203 et
526 1173 627 1204 Leone
650 1173 808 1204 inscribit
823 1172 877 1203 ed.
895 1172 1007 1203 Parm.
1033 1172 1065 1202 in
1085 1173 1168 1204 Exc.
1186 1172 1329 1203 Lucens.
1347 1181 1398 1212 pr.
1415 1176 1504 1211 erat,
1522 1171 1668 1210 Ejusdem
1682 1171 1720 1201 de

248 1216 336 1257 Apro
353 1220 383 1247 et
396 1217 507 1246 Leone.
525 1216 556 1246 in
571 1216 708 1256 reliquis
726 1215 799 1247 fere
814 1215 933 1246 deerat
950 1214 1148 1255 Inscriptio.

293 1262 308 1289 l
332 1259 454 1299 superbi
471 1259 566 1289 Med.
584 1269 651 1289 sec.
670 1259 760 1299 quod
778 1259 873 1289 maiit
889 1258 1076 1289 Barth—2
1098 1258 1176 1288 setis
1191 1257 1270 1288 Vat.
1286 1267 1338 1297 pr.
1374 1260 1457 1287 setas
1477 1257 1560 1287 Var.
1580 1256 1649 1287 LL.
1664 1255 1719 1287 ed.

248 1301 355 1332 Antv.
394 1304 460 1332 seta
488 1302 638 1331 Florem.
660 1308 728 1331 tres
755 1301 852 1332 Med.
876 1301 940 1331 inc.
962 1300 1086 1331 Heins.
1113 1301 1193 1331 Put.
1217 1300 1346 1331 Thuan.
1364 1299 1430 1330 duo
1447 1300 1569 1330 Petav.
1588 1299 1719 1330 Bonon.

248 1343 367 1375 Ambr.
386 1348 467 1374 tert.
485 1343 620 1374 Buslid.
637 1343 751 1374 Oxon.
769 1353 835 1374 sec.
852 1343 938 1373 Cod.
957 1343 1073 1381 Epigr.
1092 1343 1210 1373 Ambr.
1238 1343 1382 1373 Mediol.
1398 1343 1482 1372 Exc.
1500 1341 1647 1372 Lucens.
1665 1351 1719 1382 pr.

248 1388 371 1425 saevz’or,
389 1387 514 1417 Moret.
532 1396 582 1426 pr.
604 1387 725 1417 saevior.
739 1396 815 1416 cuni
832 1384 941 1425 τελείᾳ
953 1387 1082 1426 στιγμῇ,
1098 1386 1258 1416 Roth—3
1283 1386 1387 1415 laudet
1405 1384 1471 1415 duo
1488 1385 1583 1414 Vatt.
1615 1385 1722 1415 laudat

249 1434 320 1459 tres
336 1429 432 1458 Vatt.
457 1429 532 1459 Pal.
561 1429 654 1459 Rott.
683 1428 792 1459 Oisel.
812 1429 965 1459 Florent‘
983 1433 1053 1458 tres
1071 1428 1165 1459 Med.
1184 1428 1249 1458 inc.
1268 1427 1391 1458 Heius.
1409 1428 1491 1458 Pnt.
1507 1427 1635 1458 Thuan.
1653 1426 1720 1457 duo

248 1471 371 1502 Petav.
390 1471 522 1502 Bonon.
539 1469 659 1502 Ambr.
678 1476 760 1501 tert.
776 1471 904 1502 Mor-et.
924 1480 974 1511 pr.
994 1470 1106 1501 Oxon.
1123 1480 1190 1501 sec.
1212 1470 1344 1502 Buslid.
1362 1470 1446 1501 Cod.
1465 1469 1585 1511 Epigr.
1601 1469 1721 1501 Ambr.

249 1514 333 1545 Exc.
349 1514 494 1545 Lucens.
509 1517 625 1554 [ηπ-4
653 1514 818 1545 Herculeis
832 1515 914 1545 Vat.
929 1519 1012 1545 tert.
1029 1514 1103 1544 Pal.
1120 1513 1214 1544 Med.
1231 1523 1283 1554 pr.

919 1605 950 1635 N
957 1604 1058 1635 OTAE

273 1677 292 1706 3
308 1674 514 1714 nominatur]
529 1675 685 1716 Uterque
698 1675 753 1705 leo
765 1679 800 1705 et
811 1684 896 1714 aper
912 1678 960 1705 te·
1055 1677 1075 1705 4
1099 1673 1218 1713 Sudor]
1243 1674 1401 1714 Uterque
1426 1674 1480 1705 leo
1504 1677 1539 1704 et
1555 1683 1639 1714 aper
1669 1678 1722 1705 est

249 1729 331 1757 nent
343 1724 513 1766 quoddam
529 1725 710 1765 imperium
728 1725 760 1755 in
777 1725 958 1756 montibus.
1011 1724 1107 1755 labor
1124 1724 1296 1764 Herculis,
1318 1734 1376 1755 seu
1402 1724 1571 1755 Hercules
1592 1729 1723 1756 utrum-

251 1776 304 1807 De
319 1777 417 1807 leone
435 1785 534 1807 nemo
551 1776 707 1806 dubitat:
734 1775 776 1806 de
801 1785 885 1816 apro
909 1775 958 1806 sic
1012 1785 1078 1816 que
1096 1775 1198 1814 vicit;
1214 1784 1333 1815 aprum
1353 1775 1487 1806 scilicet
1507 1775 1540 1806 in
1555 1776 1722 1817 Eryman-

251 1824 527 1867 Oppianiis,1.te'·y‘
543 1824 651 1865 ἔξοχος
666 1825 863 1866 ἐνθήρεσσιν;
886 1825 957 1857 Val-
1013 1827 1070 1857 tho
1097 1829 1224 1865 monte,
1253 1829 1289 1856 et
1312 1825 1446 1856 leonem
1471 1825 1513 1856 in¹
1531 1827 1628 1867 sylva
1653 1826 1723 1858 Ne-

250 1880 288 1911 de
303 1879 453 1910 excellens
466 1879 549 1909 inter
554 1877 655 1917 feraS.
1012 1886 1099 1907 mea.

915 2057 1054 2109 LIV.

292 2202 334 2242 4.
395 2200 784 2243 DESCRIPTIO
818 2199 1135 2242 ARMENTI.
1198 2196 1678 2239 FRAGMENTUM.

254 2304 368 2347 NON
393 2307 502 2347 tales
519 2308 742 2361 quondam
761 2309 937 2362 species
958 2307 1055 2348 tulit
1076 2308 1369 2346 armentorum

311 2373 463 2414 Tellus
484 2376 722 2427 tergemino
745 2375 926 2415 subdita
948 2372 1156 2427 Geryoni.

300 2490 396 2521 Terra
418 2489 552 2528 subjecta
579 2489 718 2530 Geryoni
738 2488 904 2528 tricorpor-i
929 2498 990 2518 non
1015 2485 1165 2527 produxit
1182 2485 1256 2516 olim
1283 2485 1344 2516 tale
1368 2493 1468 2524 genus
1490 2487 1718 2517 armentorum:

872 2571 1109 2583 oemeaeoaeveo

298 2629 408 2660 Deest
423 2628 485 2659 hoc
499 2637 635 2659 carmen
648 2628 728 2659 Vat.
743 2637 793 2668 pr.
807 2626 864 2668 qui
876 2626 931 2657 hic
944 2625 1034 2656 alind
1052 2634 1188 2656 carmen
1204 2624 1379 2656 inserebat
1392 2632 1469 2655 cum
1485 2622 1722 2664 inscriptione,

922 2713 1060 2745 NOTAE

300 2781 320 2809 2
349 2777 482 2810 Subdita
506 2778 662 2820 Geryoni]
693 2779 759 2810 Vel
781 2778 962 2820 Hispania,
1016 2778 1070 2809 vel
1087 2778 1212 2809 Insulae
1237 2776 1414 2816 Baleares,
1431 2778 1467 2806 et
1484 2773 1631 2814 Ebusus,
1645 2771 1721 2804 sub·
