1851 3213
264 183 378 226 1386

312 292 328 319 l
357 287 510 329 Princeps⁴
518 288 692 329 pulchrior]
715 287 842 329 Ingens
865 285 973 326 gratia

267 340 531 381 pulchritudiuis
548 340 580 370 in
598 340 669 370 viro
686 340 778 379 Rege
801 342 859 369 aut
876 337 974 368 Prin-

269 389 358 430 cipe.
405 391 450 422 Et
477 389 598 421 rationi
624 398 808 428 congruum
826 387 974 426 videtur,

269 441 327 482 qui
343 440 416 472 aliis
434 441 591 481 imperet,
608 440 689 470 alios
706 443 744 469 ut
760 438 883 468 multos
898 446 975 476 spc-

269 490 335 531 cie,
346 491 453 523 cultui
464 495 672 531 opportuna,
681 488 854 520 antideat:
868 489 877 503 ‘
891 488 977 520 Gra-

269 540 334 572 tior
346 546 398 572 est
411 540 552 581 pulchro
568 540 706 571 veniens
719 550 738 571 e
752 549 898 580 corpore
912 538 977 569 vir-

270 591 346 624 tus!
372 591 490 624 Barth.
541 590 736 622 Laudabilis
752 600 833 622 vero
849 588 975 620 eximie

270 641 375 673 decor
390 641 447 672 ille
465 641 631 682 corporis,
655 641 712 672 ubi
735 641 864 672 animus
880 639 978 680 Sapi-

271 693 365 724 entia
381 698 416 724 et
434 692 583 724 Consilio
600 692 790 723 instructus
806 695 871 730 est,
886 690 977 731 quod

273 752 350 773 raro
375 743 532 774 accidere
554 743 661 773 visum
686 743 854 774 Petronio
880 742 978 772 Arbi-

273 799 342 833 tro‚
368 794 425 825 ubi
443 794 510 824 ait:
537 794 658 823 Raram
673 793 782 830 facere
806 792 980 823 mixturam

273 853 342 875 cum
357 843 522 883 Sapientia
528 842 678 881 formam.

320 895 454 924 Corusco
469 892 584 932 sidere]
613 891 851 923 vibrationem
870 891 984 922 oculo-

274 952 348 973 rum
365 942 505 972 inuuere
524 941 684 972 arbitror.

321 993 471 1033 Princeps
481 1002 606 1023 corusco
617 993 719 1024 sidere
727 991 900 1034 pulchrior]
914 992 986 1023 Ho-

274 1044 409 1076 norium
427 1044 571 1075 similem
587 1043 780 1074 Theodosio
796 1042 901 1074 fuisse
917 1046 986 1073 tra·

277 1095 329 1126 dit
344 1095 474 1126 Paulus
492 1094 676 1130 Diaconos,
693 1094 749 1124 lib.
768 1102 828 1125 xv.
866 1093 984 1125 Barth.

320 1148 340 1177 2
366 1145 496 1177 Parthis
522 1144 673 1184 sagittas]
708 1143 856 1175 Solertia
883 1143 985 1183 sagit-

279 1187 375 1227 tandi
392 1195 522 1227 nobiles
539 1195 673 1226 Parthi.

322 1245 468 1285 Sagittas
479 1246 604 1275 tendere
619 1242 749 1282 certior]
774 1243 907 1274 Mittere
922 1253 986 1274 cer-

277 1298 341 1329 tior
364 1297 430 1328 duo
457 1307 499 1328 ex
526 1297 673 1328 nostris:
711 1296 837 1327 tendere
870 1295 989 1325 doctior

281 1348 380 1389 prim.
406 1348 522 1379 Vatic.
554 1352 589 1378 et
614 1351 782 1386 excerpta
810 1346 987 1377 Puteana:

279 1399 400 1429 eadem
416 1408 493 1430 cum
509 1397 641 1428 duobus
664 1396 738 1427 aliis
762 1396 873 1436 primo
890 1405 989 1426 versu

279 1449 409 1487 clarior,
440 1457 507 1479 non
534 1446 719 1488 pulchrior:
738 1455 837 1476 versu
864 1449 990 1486 quarto

280 1499 444 1531 Bartbius
461 1499 559 1530 menti
575 1507 643 1529 non
668 1496 780 1528 mentis
802 1506 844 1527 ex
860 1495 991 1527 Palati-

282 1561 336 1583 no.
360 1551 404 1582 D.
421 1550 536 1581 Heius.

329 1602 469 1642 Certior]
492 1599 650 1638 Felicior,
674 1599 769 1629 velut
784 1607 852 1629 non
868 1598 992 1628 Fortu-

284 1663 337 1684 nae
354 1653 415 1684 sed
432 1653 515 1683 artis
531 1656 641 1682 totum
667 1660 752 1691 opus
769 1653 871 1680 esset.
908 1649 992 1680 Par-

285 1703 361 1733 thos
375 1702 475 1742 hujus
501 1701 584 1731 artis
605 1700 732 1731 fiducia
759 1699 840 1729 inde
857 1708 876 1729 a
891 1707 994 1729 cuna·

285 1752 374 1784 bulis
391 1752 534 1793 pollere,
561 1757 681 1781 auctor
698 1749 909 1789 Ammianus,
934 1748 992 1779 lib.

287 1811 379 1833 xxv.
402 1801 518 1832 Barth.

330 1855 349 1883 3
375 1853 479 1892 Eques
498 1849 641 1889 Gelonis]
679 1848 804 1881 Geloni
831 1848 994 1879 immanes

289 1903 420 1944 populi,
437 1902 569 1933 ducunt
585 1901 725 1932 eliorum
742 1900 872 1931 talium.

331 1952 543 1996 Imperiosior]
564 1952 789 1993 Imperiosus,
807 1951 866 1993 jus
890 1950 995 1991 impe-

289 1998 385 2036 randi
402 2003 529 2034 habens
547 2007 581 2033 et
598 2011 773 2033 exercens.
799 2002 915 2033 Barth.

331 2057 351 2086 4
377 2054 456 2090 Qaae
472 2054 568 2093 digna
584 2051 712 2092 mentis]
745 2051 864 2083 Ardua
888 2061 996 2090 mens,

291 2104 390 2136 celsis
406 2104 506 2135 rebus
522 2109 701 2144 occupata.
726 2103 824 2134 Idem.

334 2159 352 2186 5
379 2154 501 2186 Forma‘
517 2154 632 2194 igneoe]
666 2153 799 2193 Regali.
845 2153 894 2184 L't
918 2154 997 2184 Ele-

291 2210 408 2236 menta
424 2210 553 2236 caetera
568 2205 694 2236 eminet
712 2204 808 2244 ignis.
845 2204 903 2235 Sic
920 2214 998 2234 ceu-

291 2255 411 2287 sebant
426 2257 584 2287 nationes
597 2265 673 2297 quae
690 2255 801 2296 Reges
813 2255 999 2286 secundum

291 2306 434 2338 formam
452 2306 637 2345 eligebant.

339 2356 461 2397 Igneae]
486 2356 625 2387 Coelesti
643 2366 791 2396 prorsus
814 2356 931 2387 Barth.

338 2411 358 2439 6
381 2408 470 2439 Dare
497 2405 674 2445 Castorem]
710 2407 854 2437 Parere.
878 2407 1000 2447 Virgil.

294 2459 303 2475 ‘
322 2459 438 2490 Marte
454 2457 565 2498 gravis
588 2456 755 2495 geminam
779 2461 879 2496 partu
904 2456 1003 2487 dabit

294 2508 359 2540 Ilia
375 2506 527 2549 prolem!
551 2506 649 2538 Idem.

338 2561 358 2590 7
382 2556 515 2596 Achilli]
544 2557 639 2588 Nota
665 2556 778 2587 omnia
805 2556 847 2587 de
873 2557 1003 2588 virtute

298 2610 406 2652 hujus.
429 2610 526 2640 Idem.

341 2664 361 2692 8
379 2661 475 2692 Delos
483 2659 672 2700 Apollinem]
685 2658 880 2699 Apollinem
892 2658 1003 2688 Deum

298 2711 590 2749 formosissimum,
625 2710 656 2741 ei
684 2710 838 2742 Patriam
866 2709 1006 2749 Delum,

301 2762 377 2804 quis
393 2761 526 2793 nescit?
550 2760 646 2792 Idem.

514 193 657 224 NOTAE
690 191 957 222 VARIORUM
994 190 1045 220 IN
1080 189 1154 220 ct..
1184 189 1368 220 CLAUD.
1402 188 1473 220 XI.

1065 287 1085 314 9
1108 283 1225 325 Lydia]
1249 285 1304 315 De
1321 282 1446 314 Bacchi
1463 282 1496 312 in
1516 281 1578 313 hac
1594 280 1728 313 Educa-

1024 335 1130 375 tione,
1161 336 1314 375 Nonnus,
1352 333 1553 374 Dionysiae.
1583 341 1632 372 x.,
1660 333 1728 364 διο.

1025 387 1168 427 Lydiam
1186 386 1376 418 Honorium
1393 384 1531 416 Baccho
1548 382 1728 424 praeferre,

1026 447 1097 468 rem
1112 446 1266 477 magnam
1285 436 1385 476 dixit,
1402 434 1491 478 quod
1508 444 1548 465 ea
1564 443 1646 475 gens
1662 434 1729 465 Re-

1026 497 1103 528 gum
1121 487 1244 518 eximia
1259 487 1415 518 amatrix.

1068 537 1234 578 Liberum]
1272 537 1340 569 Qui
1371 538 1461 568 inter
1491 533 1734 566 formosissima

1026 588 1185 620 Numina.
1208 588 1326 619 Barth.

1071 641 1110 669 10
1138 639 1199 670 Per
1213 639 1293 669 altas
1308 637 1409 678 ilices]
1430 637 1562 668 Inviam
1584 635 1659 667 aliis
1676 634 1732 666 sil-

1029 699 1114 720 vam.
1140 690 1237 721 Idem.

1074 742 1108 769 11
1139 739 1253 769 Proeda
1269 738 1414 778 citatum]
1438 738 1539 769 Hanc
1556 737 1645 767 enim
1660 744 1734 767 sen-

1029 788 1175 818 tientem
1203 786 1321 818 facere
1348 788 1421 819 vult
1450 788 1560 828 ipsum
1590 787 1735 828 Equum.

1033 838 1135 868 Idem.

1080 888 1192 919 Praedu
1207 888 1354 928 citatum]
1379 889 1492 919 Proedo
1512 888 1673 920 Lucensis
1701 890 1738 918 et

1034 938 1178 979 Gyrald.
1195 949 1270 971 cum
1294 939 1403 980 primo
1419 938 1578 970 Vatican.
1604 942 1640 970 et
1655 939 1737 969 Far-

1035 990 1195 1022 nesiano:
1221 989 1311 1031 quod
1329 999 1447 1021 verum
1471 993 1565 1030 puto.
1609 988 1740 1020 Proedo·

1034 1049 1104 1071 nem
1131 1044 1245 1079 vocat,
1272 1039 1328 1081 qui
1353 1039 1530 1080 praedatur
1554 1037 1665 1070 feras:
1691 1038 1741 1069 sic

1032 1093 1139 1132 praedo
1154 1093 1310 1123 volucrum
1333 1091 1488 1122 Martiali
1508 1090 1681 1131 accipiter.-
1704 1093 1741 1120 et

1037 1142 1189 1173 Glaucus
1205 1141 1442 1172 Anthedonius
1455 1141 1609 1172 Ausonio
1621 1141 1657 1172 in
1667 1140 1743 1171 Mo-

1037 1192 1123 1222 sella
1136 1192 1242 1232 praedo
1265 1191 1409 1230 piscium.
1453 1190 1610 1221 Praedari
1626 1195 1742 1222 autem

1037 1242 1176 1272 verbum
1194 1242 1422 1272 venatorium:
1447 1241 1537 1272 unde
1559 1245 1595 1272 et
1611 1240 1742 1281 praeda.

1039 1292 1192 1322 Martial.
1219 1291 1278 1323 lib.
1295 1300 1320 1321 1.
1348 1291 1413 1332 Ep.
1430 1293 1483 1322 50.
1529 1290 1539 1307 ‘
1557 1290 1746 1322 Praestabit

1038 1342 1109 1372 illic
1139 1342 1214 1382 ipsa
1242 1340 1396 1382 figendas
1438 1350 1547 1382 prope
1585 1341 1745 1372 Voberca

1040 1391 1213 1433 praedanti
1230 1390 1345 1423 feras!
1390 1391 1447 1423 Sic
1459 1402 1502 1423 ex
1514 1391 1668 1433 vestigiis
1680 1392 1748 1422 Va·

1041 1443 1144 1475 ticani
1169 1443 1245 1475 libri
1271 1443 1471 1474 emendasse
1496 1443 1578 1474 olim
1600 1451 1655 1474 me
1678 1452 1747 1474 me-

1039 1495 1132 1526 mini.
1176 1495 1288 1534 Vulgo
1311 1494 1491 1534 prandenti.
1536 1493 1636 1524 Unde
1656 1502 1748 1534 pren-

1040 1546 1128 1577 denti
1144 1544 1285 1576 factum.
1329 1544 1338 1561 ⁴
1357 1543 1451 1575 Abas
1464 1543 1639 1584 praedator
1651 1552 1749 1584 apro-

1042 1595 1126 1626 rum’
1162 1594 1267 1627 Ovid.
1293 1594 1350 1626 lib.
1368 1603 1435 1625 xu.
1462 1594 1549 1626 Met.
1578 1593 1748 1634 quomodo

1041 1647 1050 1663 ‘
1068 1646 1220 1678 ferarum
1247 1649 1401 1676 vastator
1436 1643 1599 1685 Amycus’
1627 1643 1750 1685 Virgil.

1043 1705 1098 1727 lx.
1114 1701 1149 1727 et
1172 1697 1181 1713 ‘
1200 1700 1319 1736 raptor
1335 1704 1495 1735 aprorum
1513 1694 1661 1726 Neurus'
1684 1695 1751 1726 Va-

1043 1746 1127 1777 lerio
1143 1746 1282 1785 Flacco,
1306 1749 1342 1776 ut
1359 1745 1495 1776 videtur
1516 1745 1587 1776 illic
1602 1745 1752 1777 scriben-

1045 1795 1136 1826 dum.
1196 1795 1294 1826 Idem
1322 1795 1490 1826 Ovidius:
1529 1796 1538 1812 ‘
1557 1795 1598 1826 In
1626 1797 1751 1827 multas

1044 1849 1125 1890 lupa
1142 1849 1254 1879 tendit
1269 1858 1363 1887 oveS‚
1376 1848 1552 1888 praedetur
1568 1854 1606 1881 ut
1618 1859 1717 1881 uuam
1729 1849 1751 1881 :’
1782 1844 1787 1848 ”

1046 1899 1137 1940 apud
1166 1899 1384 1938 Juvenalem,
1413 1898 1484 1929 Sat.
1511 1908 1562 1931 Χῖ.
1598 1901 1607 1917 ‘
1626 1899 1752 1932 Praedo

1047 1949 1257 1981 caballorum
1273 1952 1402 1988 praetor
1426 1947 1548 1978 sedet!
1591 1948 1658 1979 Sed
1675 1949 1754 1980 doc-

1049 2000 1198 2031 tissimus
1215 1999 1406 2029 Gronovius
1422 1998 1494 2039 jam
1503 2004 1608 2030 recte
1622 2000 1755 2031 monuit

1048 2051 1095 2083 ibi
1116 2050 1295 2091 legendum
1321 2059 1397 2080 esse
1418 2051 1543 2089 praeda:
1568 2050 1659 2091 apud
1684 2051 1756 2082 Na-

1049 2112 1165 2134 sonem
1182 2101 1337 2142 Epistola
1357 2100 1514 2132 Pbaedrae
1531 2101 1565 2131 in
1578 2101 1688 2132 veteri
1700 2111 1755 2132 co-

1049 2154 1124 2184 dice
1137 2151 1333 2191 legebatur:
1360 2152 1368 2168 ‘
1381 2151 1541 2192 Silvaque
1555 2150 1756 2191 praedandas

1049 2204 1206 2245 praebeat
1216 2204 1286 2234 alta
1297 2202 1417 2234 feras:’
1434 2212 1501 2233 non
1511 2203 1700 2243 perdendas.-
1716 2207 1756 2234 ut

1049 2255 1119 2286 illic
1129 2254 1254 2284 monui.
1266 2253 1423 2284 Sidonius
1432 2253 1643 2294 Panegyrico
1651 2252 1760 2285 Aviti:

1048 2309 1057 2321 ⁶
1075 2305 1181 2335 Vasta
1194 2313 1255 2344 per
1272 2303 1433 2334 adversas
1454 2303 1621 2334 venabula
1636 2312 1757 2342 cogere

1051 2353 1210 2395 praedas.’
1245 2353 1373 2384 Statius
1385 2352 1526 2383 Soteriis
1543 2351 1663 2382 Rutilii
1675 2352 1760 2383 Gal·

1051 2405 1127 2436 lici:
1166 2406 1174 2422 ‘
1200 2402 1295 2434 dives
1330 2404 1455 2443 praedae
1485 2407 1599 2433 tamen
1629 2402 1759 2443 accipit

1053 2456 1143 2487 omni
1157 2455 1306 2487 Exuvias
1314 2455 1430 2485 Diana
1443 2454 1533 2484 tholo
1546 2453 1568 2484 :’
1586 2457 1622 2484 et
1632 2454 1759 2495 Lacry-

1054 2507 1116 2537 mis
1150 2506 1296 2545 Etrusci,
1325 2506 1333 2521 ‘
1359 2504 1452 2534 nulla
1483 2504 1599 2535 vivere
1627 2504 1757 2545 praeda’

1056 2558 1203 2587 Leonem
1229 2555 1289 2593 ait,
1317 2554 1373 2595 qui
1389 2553 1643 2585 mansuefactus
1659 2558 1757 2586 erat:

1054 2609 1063 2624 ‘
1080 2606 1228 2648 praedari
1256 2606 1368 2645 pisces
1388 2604 1528 2635 calamo*
1556 2605 1648 2646 apud
1672 2605 1760 2636 Pro-

1055 2656 1217 2697 pertium,
1242 2655 1329 2686 libro
1346 2664 1396 2685 1v.
1425 2655 1522 2686 Ehe.
1552 2655 1633 2687 Pari
1659 2655 1760 2687 modo

1055 2706 1226 2738 Ausonius
1244 2707 1276 2736 in
1289 2706 1455 2737 Mosella:
1480 2706 1488 2722 ‘
1501 2706 1660 2738 alburnos
1673 2715 1761 2747 prae-

1057 2758 1132 2790 dam
1151 2757 1338 2799 puerilibus
1354 2757 1483 2789 hamis:
1520 2757 1603 2789 Mox
1618 2766 1711 2798 regas
1723 2759 1761 2789 et
