1851 3213
259 198 373 240 1320

261 305 449 344 eleganter.
495 304 598 335 Cons.
626 303 750 344 Olybr.
779 302 967 341 ‘Dixerat,

260 359 296 385 et
312 355 409 386 velox
421 355 493 395 jam
511 356 654 387 nuncius
670 354 808 385 advolat
824 353 966 384 urbem.'

259 406 338 437 Val.
356 406 510 445 Flaccus,
524 406 583 436 lib.
602 414 653 436 ιν.
678 406 688 421 ‘
703 409 737 435 et
756 404 860 435 trucis
877 404 967 434 ultro

259 456 410 488 Advolat
425 467 483 488 ora
506 456 591 488 viri.’
615 465 693 486 niox
710 465 767 495 qua
793 464 879 495 zona,
900 463 967 484 non

257 517 329 549 quo,
344 507 445 539 iidem
461 519 468 538 :
493 507 609 547 probe.
633 506 677 536 D.
693 505 807 536 Heius.

303 561 365 589 166
388 558 621 596 Flammamque
636 560 791 587 nocentem
817 555 968 596 Gradivi]

261 608 435 639 Gradivum
451 608 574 639 tertius
586 608 701 638 Vatic.
717 606 967 646 Rottendorph.

257 658 410 693 Florent.
427 659 461 689 S.
478 657 601 697 Marci,
615 662 652 688 et
665 657 834 688 secundus
856 656 967 688 Medi-

260 719 353 748 ceu5‚
368 714 405 740 ut
422 709 466 739 sit
481 708 667 749 appositio.
693 708 792 738 Idem.

303 761 365 789 167
390 759 613 798 placidumque
650 759 774 798 Jovem]
821 757 862 787 ln
900 766 966 797 quo

259 810 386 851 quippe
403 819 532 839 summa
549 813 716 848 potestas,
739 817 814 848 quae
831 807 968 837 inimica

259 861 349 891 omni
371 859 546 897 tumultui,
563 856 761 896 iracundiae,
783 856 966 888 violentiae.

302 914 365 941 169
390 910 540 940 BIachina
567 909 695 939 laxatur
717 906 801 946 eceli]
826 907 876 938 Ut
891 916 965 947 spa-

258 961 343 992 tium
361 959 421 991 fiat
437 969 524 990 novo
541 958 655 991 sideri.
699 958 820 997 Virgil.
838 957 879 988 de
896 956 966 987 Au-

256 1015 380 1053 gusto:
405 1011 414 1027 ‘
429 1011 540 1041 Locus
568 1009 742 1049 Erigonen
769 1009 872 1047 inter,
891 1009 967 1039 che·

257 1062 372 1102 lasque
386 1064 582 1102 sequentes»,
597 1058 788 1096 Panditur;
813 1059 886 1098 ipse
904 1057 966 1088 tibi

252 1112 325 1152 jam
351 1111 489 1142 brachia
516 1110 688 1141 contrahit
716 1108 840 1139 ardens
870 1107 967 1138 Scor-

257 1163 349 1202 pius,
365 1166 400 1193 et
425 1161 504 1192 coeli
525 1161 620 1201 justa
643 1160 717 1200 plus
742 1162 841 1200 pai-te
863 1158 964 1189 relin-

258 1212 356 1254 quit.'
381 1212 499 1243 Barth.

303 1266 365 1294 170
390 1261 499 1301 Fores]
523 1261 650 1292 Summi
673 1260 762 1291 illius
787 1258 894 1299 globi,
909 1257 967 1289 ubi

257 1314 470 1346 conversatio
489 1321 566 1343 cum
582 1312 673 1342 Deo.
705 1311 800 1341 Idem.

302 1367 361 1395 171
386 1362 569 1394 Succinctus
586 1359 702 1399 Orion]
725 1358 900 1397 Armatus,
922 1357 965 1388 ad

256 1425 401 1457 pugnam
419 1413 613 1454 expeditus.
659 1413 763 1444 Hunc
781 1411 871 1443 enim
889 1410 968 1441 Ori-

256 1468 312 1500 oni
325 1466 479 1499 habitum
494 1463 695 1495 adscribunt
713 1461 843 1494 Po'etae.
867 1461 966 1492 Idem.

302 1521 363 1550 172
387 1517 585 1556 pendentque
597 1512 746 1554 vicissim]
758 1513 873 1543 Dubio
887 1516 967 1543 sunt

258 1569 381 1609 animo,
401 1568 491 1599 inter
512 1575 609 1607 spem
630 1568 828 1605 metumque
841 1563 966 1595 medio.

258 1621 359 1652 Idem.

302 1673 363 1702 174
387 1670 529 1710 Regione
556 1668 688 1708 moveri]
741 1666 867 1698 Morari
896 1665 966 1706 Gy-

257 1721 344 1752 rald.
363 1725 399 1751 et
427 1720 578 1761 quinque
604 1717 726 1756 nostri,
752 1717 964 1757 totidemque

257 1770 418 1802 Vaticani
432 1780 439 1800 :
464 1779 550 1800 unus
565 1768 677 1799 teneri.
700 1768 753 1798 De
768 1767 875 1798 stellis
889 1766 964 1797 fixis

257 1821 349 1861 agit:
367 1824 462 1851 recte
478 1819 584 1859 igitur
597 1817 725 1849 morari.
750 1817 859 1847 Paulo
873 1821 962 1853 ante,

256 1871 368 1912 quibus
380 1870 446 1911 ipse
460 1869 590 1907 sodalis,
606 1877 672 1899 non
683 1867 791 1908 quibus
803 1876 867 1898 esse
882 1876 962 1897 non-

257 1922 362 1953 nulli:
381 1929 451 1952 tres
465 1923 654 1961 quatuorve
670 1918 734 1949 ille.
760 1917 809 1948 D.
828 1917 941 1949 Heius.

303 1974 374 2009 Qua
396 1973 522 2011 regione
543 1968 676 2008 morari]
699 1968 823 1999 Sedem
846 1967 962 2009 figere,

256 2023 444 2055 consistere
460 2021 609 2052 tandem.
634 2020 753 2051 Barth.

300 2076 361 2104 176
386 2071 498 2103 Natali
509 2070 656 2110 gurgite]
681 2070 854 2110 Hispanus
872 2069 961 2100 enim

255 2124 397 2155 natione
420 2121 638 2153 Theodosius.
662 2121 794 2152 Idatius
821 2121 963 2152 Chroni-

256 2185 318 2205 co:
348 2176 356 2192 ‘
371 2172 591 2213 Theodosius,
612 2171 751 2205 natione
775 2171 962 2212 Hispanus,

257 2226 299 2256 de
314 2223 499 2255 Provincia
512 2223 688 2255 Gallaecia.
713 2223 863 2254 Civitate
876 2223 962 2254 Cau-

254 2285 294 2307 ca
310 2285 329 2306 a
356 2274 524 2306 Gratiano
551 2273 728 2314 Augustus
753 2273 961 2313 appellatur.

254 2326 390 2364 Italica,
406 2324 476 2354 divi
502 2324 642 2364 Trajani
669 2324 837 2355 natalibus
855 2324 961 2364 clara,

255 2377 395 2408 civitate
421 2375 603 2406 oriundum
628 2375 767 2406 scribit.‘
790 2374 962 2406 Marcelli-

254 2438 316 2460 nus
334 2428 465 2459 Comes.
488 2424 585 2456 Idem.

301 2477 437 2517 Gurgite
467 2475 594 2515 lassam]
630 2475 767 2515 Lapsum
796 2474 958 2515 Isingrin.

256 2535 291 2562 et
316 2532 462 2571 quatuor
480 2535 523 2556 ex
548 2525 692 2556 nostris:
717 2529 756 2556 ut
770 2525 859 2566 apud
882 2526 960 2556 Vir-

257 2581 315 2621 gil.
339 2578 468 2610 ‘tacito
486 2575 639 2607 labentia
663 2575 777 2606 sidera
791 2575 901 2615 coelo,'
925 2581 959 2607 et

256 2633 371 2672 ‘lapsa
386 2629 447 2660 sub
472 2632 581 2659 terras
609 2625 724 2666 sigua’
757 2624 863 2656 Ovid.
893 2625 960 2658 Po-

256 2687 326 2713 test
342 2684 378 2712 ct
393 2679 533 2718 vulgata
548 2675 644 2707 ferri.
669 2676 716 2708 D.
736 2675 850 2707 Heius.

300 2735 360 2764 178
385 2731 558 2762 Fortunate
571 2727 698 2768 parens]
720 2725 814 2758 Alibi
834 2727 876 2758 ad
893 2728 959 2759 Sti-

254 2784 435 2823 lichonem,
472 2777 760 2812 ‘fortunatissime
797 2779 958 2820 patrum.'

254 2834 370 2868 Barth.

509 208 652 240 No'rAE
681 207 946 240 VAR10RUM
982 207 1030 237 IN
1069 207 1145 237 cI...
1178 206 1362 239 GLAUD.
1395 206 1482 238 vll.

1062 304 1124 332 179
1150 302 1230 332 Cum
1243 304 1274 331 te
1293 301 1459 341 proclii-ior
1473 299 1581 340 urges]
1606 300 1722 332 Recti-

1018 362 1056 382 us
1084 358 1168 393 puto
1189 353 1377 392 prot-linior.-
1406 360 1598 392 quanquam
1625 351 1726 383 aliter

1017 402 1235 434 membranae.
1280 402 1458 432 Adeantur
1475 411 1550 442 quae
1567 405 1725 432 notamus

1017 452 1058 483 ad
1072 454 1193 484 Fastos
1207 453 1435 493 Nasonianos,
1446 453 1506 485 lib.
1518 462 1575 485 111.
1588 463 1636 485 vs.
1648 455 1724 484 793.

1017 504 1062 536 D.
1081 504 1195 536 Heius.

1064 555 1108 586 Te
1119 555 1285 595 proclivior
1297 554 1404 594 urges]
1428 554 1572 586 Erudite
1583 554 1726 595 dictum,

1018 605 1111 636 utab
1136 605 1294 644 Apuleio,
1319 605 1542 644 Tertulliano,
1567 605 1726 644 Manilio,

1017 655 1104 692 aliis,
1119 655 1222 694 ferre,
1235 663 1384 696 portare,
1401 656 1524 686 vehere
1536 665 1582 686 se.
1606 655 1725 686 Barth.

1060 709 1120 736 181
1149 707 1334 745 Quocunque
1359 705 1470 745 vagos]
1496 705 1623 736 Oriens
1652 704 1722 736 Oc·

1016 755 1200 796 cidensque
1231 755 1362 786 videbis
1401 756 1514 786 omnia
1542 755 1620 786 filiis
1657 756 1726 786 tuis

1016 804 1181 844 subjecta.
1203 805 1418 845 gRespexisse
1433 804 1527 836 dicas
1542 805 1648 836 verba
1660 806 1727 837 Lu-

1017 854 1107 891 cani,
1133 853 1192 884 lib.
1223 862 1289 884 vn.
1326 854 1335 870 ⁴
1352 853 1544 895 Omniaque
1571 862 1726 887 errantes

1017 903 1126 934 stellae
1146 904 1298 934 Romana
1313 903 1493 936 viderent:
1518 904 1617 935 Idem.

1064 954 1189 984 Flectas
1202 953 1256 984 sub
1272 954 1398 985 cardine
1412 954 1533 995 cursus]
1558 955 1636 987 Non
1643 955 1726 996 flec-

1016 1005 1059 1035 tis
1071 1005 1189 1045 scripti
1201 1004 1354 1046 potiores
1367 1016 1375 1036 ε
1395 1005 1532 1047 quidam
1544 1016 1652 1037 currus
1665 1016 1727 1048 pro

1017 1065 1133 1086 cursus.

1058 1108 1121 1136 182
1146 1106 1259 1137 Mente
1296 1106 1419 1147 serena]
1463 1108 1727 1150 Tranquillitate

1014 1165 1155 1187 summa.
1179 1156 1298 1188 Barth.

1059 1209 1121 1237 183
1145 1207 1280 1238 Junctas
1292 1208 1502 1240 moderamine
1511 1209 1635 1249 gentes]
1651 1210 1724 1241 Vic-

1014 1259 1064 1286 tas
1088 1257 1177 1287 malo
1203 1266 1278 1288 cum
1307 1263 1387 1289 octo
1416 1259 1562 1299 seriptis.
1582 1259 1725 1296 forment

1015 1317 1078 1347 pro
1109 1306 1253 1344 formant
1284 1308 1408 1340 deinde
1436 1309 1653 1341 Florentinus
1691 1310 1724 1342 S.

1015 1357 1139 1396 Marci,
1164 1362 1200 1388 et
1217 1362 1299 1390 tert.
1312 1358 1427 1389 Vatic.
1451 1359 1497 1390 D.
1516 1359 1628 1391 Heius.

1060 1409 1120 1438 185
1146 1407 1271 1448 Stygiis
1285 1407 1403 1440 innexa
1418 1409 1552 1450 catenis]
1575 1410 1726 1442 Immersa

1016 1467 1078 1489 sex
1092 1463 1239 1490 veteres
1285 1459 1391 1491 Forte
1406 1459 1551 1492 immersa
1574 1462 1724 1492 cavernis.

1016 1508 1108 1540 Vide
1120 1513 1218 1541 notas
1232 1509 1274 1541 ad
1287 1518 1374 1544 vers.
1387 1511 1452 1542 ult.
1467 1511 1524 1543 lib.
1540 1520 1581 1544 11.
1597 1511 1632 1543 in
1644 1510 1723 1544 Rus.

1017 1560 1119 1593 Idem.

1060 1615 1123 1643 186
1145 1612 1284 1644 Demens
1298 1612 1432 1645 ambitus
1454 1613 1546 1654 auro]
1569 1614 1724 1647 Avaritia

1015 1668 1120 1704 atque
1146 1663 1299 1695 Ambitio
1325 1665 1527 1696 Potentium
1555 1675 1621 1696 non
1654 1666 1721 1697 alio

1014 1713 1115 1744 facile
1136 1718 1292 1754 tempore
1310 1719 1408 1746 tanta
1421 1719 1481 1746 aut
1495 1715 1620 1756 majora
1634 1715 1724 1746 mala

1014 1764 1250 1805 confecerunt,
1276 1775 1376 1806 quam
1403 1765 1468 1797 isto
1494 1767 1569 1807 ipso
1586 1766 1723 1798 Claudi-

1014 1816 1068 1846 ani
1083 1827 1092 1854 ς
1119 1816 1241 1857 quibus
1258 1816 1417 1848 notandis
1437 1826 1518 1847 sane
1536 1817 1723 1860 [singularis

1013 1872 1065 1897 est
1083 1866 1224 1906 scriptio
1252 1866 1392 1906 Zosimi,
1415 1867 1510 1898 velut
1533 1866 1568 1898 in
1585 1868 1722 1899 theatro

1013 1916 1201 1956 spectanda
1215 1916 1296 1946 talia
1312 1916 1489 1949 exhibens.
1514 1917 1629 1948 Barth.

1057 1968 1118 1997 189
1147 1966 1297 1997 Unanimi
1311 1965 1449 2008 fratres]
1463 1966 1601 1998 Summa
1614 1967 1723 2000 felici—

1012 2021 1078 2056 tas,
1099 2017 1205 2047 sacris
1233 2016 1335 2048 etiam
1362 2017 1489 2048 Literis
1516 2021 1722 2050 contestata.

1056 2069 1117 2097 192
1141 2066 1251 2098 Sicula
1265 2066 1410 2108 Cyclops]
1433 2066 1488 2098 Ad
1505 2067 1722 2100 divinitatem

1012 2116 1271 2158 Heroi'camque
1317 2116 1517 2158 Principum
1558 2117 1722 2150 virtutem

1012 2167 1309 2199 demonstrandam
1327 2172 1442 2209 aequat
1454 2177 1511 2199 eos
1529 2167 1721 2201 Homericis

1012 2223 1049 2250 et
1061 2218 1259 2259 Virgilianis
1273 2219 1451 2250 Semideis.
1474 2219 1591 2251 Barth.

1057 2272 1120 2300 196
1142 2269 1258 2310 Lipare
1275 2269 1418 2310 fumosa]
1463 2268 1613 2302 Officina
1637 2270 1721 2302 Vul-

1014 2319 1103 2350 cani.
1129 2319 1227 2350 Idem.

1058 2372 1119 2400 197
1147 2369 1237 2400 Vobis
1250 2369 1358 2410 Ionia]
1389 2370 1605 2412 Apparatum
1630 2372 1718 2404 Con-

1012 2420 1157 2451 sularem
1185 2420 1358 2451 Ludorum
1389 2421 1577 2452 Mediolani
1605 2420 1720 2453 confe-

1012 2471 1099 2502 cisse
1115 2475 1236 2501 auctor
1261 2470 1448 2502 Paullinus.
1471 2471 1575 2503 Paria
1597 2471 1640 2502 de
1655 2473 1719 2504 Fe·

1010 2521 1143 2553 licitate
1173 2524 1208 2551 et
1229 2520 1410 2560 splendore
1434 2521 1468 2551 in
1493 2522 1719 2564 Spectaculis,

1012 2572 1135 2614 quibus
1152 2571 1296 2602 maxime
1309 2569 1405 2602 favor
1421 2573 1592 2613 popularis
1605 2574 1718 2605 conci-

1010 2623 1169 2661 liabatur,
1182 2622 1322 2662 singulis
1338 2621 1411 2653 fere
1428 2624 1591 2655 extremis
1608 2625 1718 2656 Pane-

1011 2673 1135 2715 gyricis
1151 2672 1219 2703 suis
1237 2672 1441 2704 Consulibus
1459 2675 1594 2707 accinit.

1054 2722 1233 2763 Neptunus]
1260 2724 1393 2754 Praeses
1421 2724 1523 2766 Circi,
1539 2730 1576 2757 et
1587 2727 1717 2768 Eques-

1010 2773 1114 2806 trium
1123 2773 1460 2816 decursationum7ut
1471 2780 1634 2810 notarunt
1639 2777 1716 2820 jam

1010 2824 1090 2858 olim
1107 2823 1174 2856 alii.
