1851 3213
263 185 379 226 1226

265 299 432 323 FAMIMAE
468 299 674 322 st-:RVANDAE
702 300 747 322 Ac
780 299 972 329 DOCENDAE,

265 349 468 373 CASTlTA‘ris
481 351 868 382 EXt-:MPLQCONSULUM
886 350 972 372 Pno-

266 401 309 432 ιι,
327 401 519 424 consummi
539 402 670 424 ΜΛτῐιῐ.
717 392 890 423 Cluverius.

310 445 371 473 193
407 443 544 474 Decor-at
580 442 744 482 mundum]
789 442 973 473 Consulum

267 493 476 531 geminorum
497 497 597 532 partu
621 498 655 522 et
679 497 801 523 ornatu
820 497 856 523 et
882 491 975 522 insti-

269 543 413 575 tutione.

310 594 455 624 Romana
468 592 621 633 potestus]
646 593 862 625 Consulatus.

312 647 373 676 194
397 644 560 684 Augetur]
593 644 715 674 Veteri
732 653 845 683 sensu,
870 642 976 673 Orna-

269 699 335 735 tur,
351 696 560 726 Decoratur.
599 695 718 726 Barth.

311 747 372 775 195
399 746 490 776 Stare
501 744 701 784 pudicitiam]
725 744 876 775 Adstarc
891 753 977 783 prae-

267 801 415 834 sentem,
442 795 544 824 rebus
560 794 714 824 humanis
731 793 862 823 adesse.
910 794 978 823 Sae-

269 849 346 878 culo
362 848 449 878 enim
479 846 591 876 ferreo
609 845 860 883 subolescente,
875 843 979 874 Pudi-

269 898 352 929 citia
379 897 501 928 caelum
529 896 692 936 petierat,
715 895 912 926 abominata
927 899 980 926 tot

268 949 357 979 mala
374 947 759 988 facta,caedes‚raptus,
772 949 836 978 δερ.
861 947 978 978 Barth.

314 1002 376 1031 196
398 1000 552 1029 Junonem
569 998 723 1038 Inachiis,
737 997 808 1038 Sym]
831 997 978 1029 Graeciae

270 1050 359 1082 enim
399 1050 573 1089 praecipue
609 1048 750 1080 addicta
785 1047 980 1088 fingebatur

270 1101 454 1141 Jun0‚jam
472 1100 551 1131 inde
569 1099 610 1131 ab
627 1099 749 1140 injuria
764 1103 890 1139 spretae
914 1098 980 1129 for-

271 1162 349 1184 maz.

318 1202 432 1232 Oculos
447 1199 626 1239 advertere]
665 1199 766 1232 Quod
796 1209 871 1230 cum
897 1198 983 1230 facit

273 1252 504 1294 placidissimo
518 1260 576 1281 ore
594 1255 661 1288 est,
674 1251 898 1280 matronalem
909 1259 981 1289 gra-

275 1304 417 1335 vitatem
451 1301 607 1342 gratiosis
641 1305 835 1340 temperans
873 1300 983 1330 arrisi-

274 1354 347 1385 bus.
394 1353 565 1391 Respectus
580 1351 670 1380 enim
683 1351 822 1381 Deorum
837 1349 984 1380 felicitas

276 1404 484 1436 mortalium.
531 1402 646 1432 Barth.

320 1458 381 1487 197
404 1453 556 1494 Autiquis
569 1452 686 1493 pagina
701 1451 756 1483 lib.
771 1452 841 1493 ἐγὼ]
873 1450 988 1482 Usita·

277 1510 348 1537 tum
364 1504 562 1535 doctissimo
589 1503 671 1533 Vati
697 1503 915 1543 antiquorum
932 1501 988 1532 de-

277 1556 454 1596 pressione
479 1564 558 1585 suos
585 1553 754 1584 extollere
779 1553 913 1591 heroas,
928 1562 989 1583 sua

278 1604 518 1638 commendare
536 1609 703 1644 tempora.
752 1603 866 1634 Barth.

322 1659 384 1687 198
409 1656 513 1687 Latiae
528 1653 628 1693 tuhae]
663 1653 764 1684 Tabas
791 1653 892 1683 Latio
915 1662 989 1692 prae

280 1708 418 1741 caeteris
447 1707 599 1738 Musices
627 1705 863 1736 instrumentis
889 1704 991 1744 assig-

280 1763 353 1798 nat,
369 1758 412 1789 ob
439 1757 625 1788 ruditatem
648 1756 794 1796 agrestis
821 1756 933 1786 Musae
957 1756 991 1786 in

281 1809 397 1851 primis
421 1809 495 1849 ejus
523 1807 680 1838 vatibus:
707 1812 778 1837 tum
805 1806 896 1847 quod
926 1807 992 1837 Ro-

282 1859 372 1891 mani
395 1858 559 1889 sermonis
581 1857 690 1897 major
715 1857 848 1887 omnino
866 1857 991 1897 asperi-

283 1916 334 1942 tas
350 1921 359 1948 ;
384 1911 393 1927 ‘
411 1908 537 1940 Graiis’
555 1908 643 1938 enim
658 1908 667 1924 ‘
682 1907 992 1947 ingenium‚Graiis

284 1960 380 1993 dedit
395 1969 452 1990 ore
472 1959 616 1990 rotundo
629 1959 732 1989 Musa
745 1957 860 1998 loqui?
876 1958 992 1989 Barth.

328 2013 395 2043 Nec
425 2011 539 2041 Groeca
566 2009 715 2049 vetustas]
749 2009 878 2040 Moreti
903 2007 992 2039 liber

283 2066 390 2103 grata,
405 2071 467 2102 pro
488 2061 612 2096 Graiu
636 2060 693 2101 qui
719 2069 811 2091 error
832 2059 991 2100 frequen-

285 2112 456 2144 tissimus:
482 2120 594 2152 neque
618 2110 717 2141 aliter
733 2110 860 2150 primus
877 2109 992 2140 Vatic.

287 2167 323 2193 et
338 2163 478 2193 Fames.
495 2170 545 2192 lv.
563 2161 663 2191 Cous.
686 2160 777 2191 Hon.
801 2161 809 2177 ‘
827 2168 890 2190 nec
907 2158 995 2190 desi-

288 2217 347 2243 nat
371 2221 518 2252 unquam
533 2211 665 2242 Tecum
689 2210 796 2241 Graia
817 2209 922 2249 loqui,
947 2214 994 2241 te-

288 2273 364 2294 cum
382 2264 531 2293 Romana
546 2260 719 2292 vetustas!
744 2261 789 2292 D.
806 2260 919 2291 Heius

333 2315 396 2344 199
422 2312 555 2351 Exstat]
581 2311 728 2342 Eminet.

332 2365 391 2394 201
422 2363 486 2392 Ceu
501 2361 562 2392 sibi
576 2361 744 2402 certantes]
766 2360 897 2392 Horum
917 2369 996 2401 qua-

290 2419 369 2445 tuor
385 2422 556 2451 versuum,
581 2412 639 2452 qui
667 2412 937 2453 inquinatissime
953 2411 996 2442 ab

288 2464 458 2505 Isingrino
485 2463 629 2503 primum
659 2463 692 2493 in
723 2463 833 2493 lucem
874 2461 997 2501 prolati

291 2521 402 2554 erant,
419 2523 569 2556 quosque
594 2513 767 2544 asteriscis
785 2518 822 2543 ut
846 2513 999 2552 deplora-

292 2571 344 2598 tos
370 2564 624 2605 Raphelengius
651 2568 799 2600 notarat,
825 2563 998 2594 restitutIO

294 2616 496 2650 Claveriano
513 2615 623 2646 codici
640 2615 798 2646 debetur.
835 2615 927 2645 Male
941 2625 998 2646 eos

295 2667 354 2699 alii
369 2670 567 2698 tentarunt:
593 2675 613 2696 a
636 2665 761 2696 nostris
783 2665 919 2706 scriptis
943 2665 1000 2696 ab·

293 2722 388 2749 sunt.

343 2767 407 2800 ceu
418 2765 478 2798 sibi
493 2768 656 2807 certantes,
671 2764 741 2807 ἔξω]
773 2765 838 2797 His
851 2774 930 2799 vero
947 2774 1001 2797 ac-

538 195 682 226 No'rlss
716 194 981 226 VAR10RUM
1017 195 1068 224 IN
1103 195 1178 225 CL.
1213 194 1395 225 CLAUD·
1427 195 1459 226 1.

1025 289 1109 320 cinit
1135 290 1229 320 locus
1257 289 1289 319 in
1316 288 1473 320 laudibus
1498 287 1648 327 Serenae,
1672 286 1731 319 nbi

1025 340 1143 371 domus
1177 339 1357 371 Theodosii
1388 338 1528 375 dicitur,
1555 339 1564 355 ‘
1583 337 1731 369 Gemino

1025 391 1183 422 certatim
1197 391 1376 431 splendida
1389 388 1497 420 sexu.’
1545 390 1634 420 Clav.

1068 444 1130 472 203
1155 442 1279 483 Pelion]
1302 442 1342 472 In
1370 445 1484 471 monte
1510 439 1620 479 Pelio,
1643 439 1734 470 cele-

1025 492 1134 523 bratae
1152 497 1230 523 sunt
1253 493 1383 533 nuptiae
1400 490 1495 522 Pelei
1514 494 1550 520 et
1565 488 1735 529 Thetidis,

1026 553 1125 584 quam
1145 543 1283 574 Nereida
1301 547 1400 574 vocat
1416 541 1537 573 Claud.

1072 594 1100 623 Ο
1113 593 1247 633 duplici]
1270 593 1363 624 Talis
1381 591 1588 623 exclamatio
1613 590 1648 621 in
1664 590 1735 621 lau-

1026 643 1104 674 dem
1119 646 1255 675 Serenae
1271 656 1277 675 :
1303 645 1312 661 ‘
1329 654 1348 675 o
1365 643 1510 675 maxima
1535 652 1646 674 rerum
1664 643 1737 683 glo·

1028 694 1100 725 ria!
1146 695 1269 725 Clarer.

1070 747 1134 774 204
1154 745 1289 774 Nomina
1304 745 1444 784 parturit
1455 743 1562 784 annis]
1587 743 1739 776 Nomina

1028 803 1202 833 annorum,
1219 803 1280 834 pro
1298 794 1503 825 Consulibus
1519 794 1620 834 dixit,
1634 802 1738 834 quum

1028 844 1071 875 ab
1092 845 1211 875 horum
1241 844 1416 875 vocabulis
1448 844 1498 875 illi
1528 843 1742 875 dicerentur.

1029 894 1086 925 Sic
1104 895 1229 925 Lucan.
1248 894 1305 925 lib.
1320 903 1356 925 v.
1381 895 1390 911 ‘
1407 899 1467 925 aut
1482 903 1587 924 anuos
1611 902 1631 923 a
1651 892 1742 924 Con·

1031 945 1103 976 sule
1120 955 1241 976 nomen
1257 944 1422 975 habentes
1433 944 1455 975 ξ’
1502 943 1660 975 Sidonius
1672 942 1742 974 Pa-

1031 996 1196 1036 negyrico
1213 995 1412 1026 Anthemii:
1436 996 1445 1011 ‘
1463 994 1611 1026 Judiciis
1636 1003 1744 1034 popu-

1033 1046 1080 1076 los
1093 1050 1194 1086 atque
1208 1055 1329 1076 annum
1344 1046 1480 1076 nornine
1495 1044 1607 1076 rexit!
1624 1044 1745 1076 Barth.

1075 1099 1137 1127 205
1167 1097 1209 1127 Ut
1237 1100 1391 1137 sceptrum
1417 1097 1515 1137 gese]
1545 1095 1743 1136 Majestatis

1035 1148 1232 1178 Consularis
1259 1147 1390 1188 insigne
1414 1152 1587 1186 sceptrum
1603 1155 1645 1177 ex
1662 1146 1743 1177 ebo-

1034 1207 1086 1235 re,
1103 1199 1156 1228 cui
1183 1197 1332 1228 insidens
1358 1196 1486 1238 Aquila
1513 1202 1589 1229 erat
1613 1196 1743 1237 efficta,

1035 1249 1198 1278 Romanae
1215 1248 1349 1278 virtutis
1375 1249 1445 1278 avis
1472 1248 1587 1278 index.
1634 1248 1689 1278 Sic
1707 1252 1745 1279 et

1035 1299 1195 1330 Juvenal.
1211 1299 1292 1340 ‘San
1309 1308 1345 1329 x.
1369 1300 1377 1316 ‘
1395 1300 1452 1330 Da
1478 1309 1567 1330 nunc
1593 1304 1628 1330 et
1651 1300 1745 1331 volu-

1036 1359 1142 1389 crem,
1156 1354 1296 1389 sceptro
1312 1359 1386 1390 quae
1402 1349 1512 1389 surgit
1528 1350 1682 1381 eburno!

1081 1400 1235 1438 Rigeutes
1250 1399 1355 1439 togas]
1379 1399 1475 1430 Auro
1492 1400 1624 1431 ductili.

1081 1452 1146 1481 206
1169 1449 1305 1488 Signum
1321 1451 1376 1480 dat
1395 1459 1530 1481 summus
1549 1449 1669 1491 hiulca]
1703 1451 1748 1482 E-

1040 1506 1142 1542 rupta
1166 1501 1278 1532 subito
1304 1502 1406 1532 nube.
1454 1502 1587 1533 Fulmen
1610 1502 1750 1534 sanciens

1041 1551 1313 1594 confirmansque
1350 1553 1589 1593 magistratum
1624 1552 1749 1584 intelli-

1041 1603 1112 1643 git:
1147 1603 1381 1634 contractibus
1411 1603 1501 1634 enim
1530 1603 1671 1645 aliisque
1697 1613 1749 1635 re-

1042 1662 1113 1683 rum
1133 1653 1358 1694 gerendarum
1380 1654 1540 1695 auspiciis
1563 1654 1748 1686 secundum

1043 1702 1184 1734 fulmen.
1322 1698 1327 1702 ’

1088 1756 1151 1784 207
1179 1754 1372 1794 Gratamque
1389 1753 1510 1794 facem]
1554 1754 1610 1786 Ita
1635 1763 1751 1786 omnes

1044 1804 1150 1835 nostri
1166 1814 1173 1834 ε
1199 1814 1283 1835 cave
1300 1804 1406 1845 igitur
1421 1805 1603 1836 Barthium
1618 1810 1750 1837 mutan-

1044 1861 1112 1887 tem
1131 1855 1260 1886 audias.
1512 1851 1515 1855 “

1086 1908 1149 1936 208
1177 1906 1352 1936 Tvnueruut
1368 1905 1471 1936 omina
1486 1905 1598 1946 nimbi]
1623 1906 1680 1937 Sic
1698 1907 1751 1938 vel

1043 1957 1113 1988 sine
1133 1956 1228 1987 libris
1246 1956 1463 1987 scribendum
1483 1956 1557 1996 jam
1574 1957 1653 1987 olim
1668 1957 1753 1997 vidi,

1044 2007 1136 2048 quod
1153 2012 1189 2037 et
1208 2007 1258 2037 Cl.
1276 2006 1451 2037 Gronovio
1471 2006 1505 2036 iu
1527 2011 1678 2037 mentem
1694 2017 1753 2039 ve.

1043 2062 1164 2088 uerat:
1189 2056 1227 2086 τὸ
1243 2056 1345 2087 omina
1362 2061 1475 2087 tamen
1491 2061 1608 2088 exstat
1624 2057 1658 2087 in
1672 2067 1753 2089 non-

1044 2107 1145 2137 nullis
1170 2106 1318 2146 scriptis
1365 2107 1476 2147 Vulgo
1502 2110 1668 2139 tenuerunt
1690 2119 1754 2140 om·

1044 2158 1110 2196 nia,
1135 2157 1207 2188 sine
1224 2167 1347 2188 seusu:
1377 2157 1546 2198 quomodo
1573 2162 1610 2189 et
1633 2168 1753 2199 pecca·

1047 2214 1103 2240 tur
1132 2210 1165 2240 in
1195 2208 1283 2240 Rufo
1311 2209 1413 2240 Festo
1436 2208 1583 2250 Avieno,
1599 2210 1754 2251 descrip-

1048 2261 1141 2292 tione
1173 2260 1288 2299 Orbis,
1317 2261 1326 2277 ‘
1349 2260 1466 2291 tremit
1503 2261 1625 2292 Indica
1654 2262 1755 2293 tellus

1048 2312 1175 2342 Pressa
1190 2311 1292 2351 pede,
1315 2317 1351 2342 et
1374 2315 1447 2342 toto
1465 2316 1654 2343 tonuerunt
1669 2313 1757 2343 clas-

1049 2361 1119 2392 sica
1146 2361 1266 2392 caeloz’
1300 2362 1348 2392 ita
1373 2362 1462 2392 enim
1490 2363 1705 2402 castigandus
1727 2363 1756 2394 is

1049 2412 1143 2442 locus
1157 2422 1165 2441 ι
1183 2412 1298 2442 Tonare
1310 2411 1424 2450 omina,
1433 2416 1472 2442 ut
1482 2413 1492 2428 ‘
1506 2416 1626 2443 tonare
1639 2412 1756 2445 verba'

1049 2461 1139 2502 apud
1164 2463 1385 2502 Propertium
1408 2463 1466 2493 lib.
1482 2471 1532 2494 ιν.
1549 2464 1603 2495 El.
1622 2467 1652 2495 l.
1677 2465 1686 2482 ‘
1703 2470 1756 2497 to-

1050 2522 1130 2544 nare
1147 2513 1263 2543 minas’
1288 2512 1380 2553 apud
1397 2512 1500 2544 Ovid.
1517 2513 1576 2545 lib.
1594 2523 1617 2545 1.
1634 2513 1754 2548 Amor.

1050 2563 1104 2593 El.
1132 2571 1197 2593 vu.
1215 2567 1252 2593 et
1268 2562 1437 2594 Alcimum
1463 2562 1604 2594 Avitum
1628 2565 1688 2598 lib.
1704 2574 1756 2597 ιν.

1049 2614 1058 2630 ⁴
1078 2618 1197 2644 tonare
1209 2613 1320 2652 bella,’
1331 2613 1432 2643 Silius
1446 2613 1505 2644 lib.
1521 2623 1546 2644 1.
1561 2614 1604 2644 de
1619 2615 1756 2647 Marte:

1051 2664 1061 2680 ‘
1077 2662 1258 2703 flagrantia
1274 2662 1364 2694 bella
1382 2663 1613 2704 Cornipedum
1639 2663 1758 2696 afflatu

1052 2718 1150 2745 tonat
1166 2719 1201 2743 et
1219 2712 1425 2744 stridoribus
1443 2712 1538 2745 axis!
1576 2714 1632 2745 Sic
1647 2714 1756 2755 prima

1051 2763 1170 2796 editio.
1207 2763 1406 2807 Vulgatum,
1418 2765 1536 2805 domat,
1555 2764 1678 2797 merito
1691 2763 1759 2797 vir-
