1851 3213
282 234 395 278 1198
923 242 1107 273 EereiA

280 341 391 383 Cum
414 339 728 382 Phaethonteis
750 339 982 391 flagrasset
1004 338 1059 379 ab
1082 339 1259 390 ignibus
1281 335 1380 378 axis
1398 348 1409 388 ;

337 410 418 451 Ille
438 409 565 450 locus
587 408 777 448 flammis
797 407 1033 447 inviolatus
1058 410 1161 446 erat.

279 477 337 519 Et
358 490 457 518 cum
477 476 691 516 diluvium
713 474 942 514 mersisset
963 473 1171 513 fluctibus
1200 471 1348 512 orbem
1367 483 1380 522 ·,

338 544 664 585 Deucalioneas
682 540 968 594 exsuperavit
990 552 1147 594 aquas.

279 611 386 652 Non
404 611 492 651 huc
512 622 761 662 exsangues
782 608 939 657 morbi,
960 621 1048 648 non
1068 620 1187 660 aegra
1208 608 1430 655 senectus,
1689 602 1746 643 15

237 665 240 672 ¹
338 679 436 720 Nec
457 691 572 719 mors
594 676 801 726 crudelis,
818 690 897 717 nec
918 680 1059 716 metus
1082 688 1209 728 asper
1227 674 1335 715 adit.

280 745 380 787 Nec
402 747 546 787 scelus
565 744 806 793 infandum,
825 756 905 783 nee
927 755 1062 795 opum
1084 754 1248 782 vesana
1269 740 1446 793 cupido,

337 813 430 854 Aut
448 813 585 861 Mars,
604 814 679 851 aut
700 810 855 851 ardens
876 809 1015 850 caedis
1041 821 1189 849 amore
1210 808 1343 848 furor.

282 880 451 921 Luctus
474 878 654 918 acerbus
676 877 816 926 abest,
837 880 881 916 et
902 879 1073 928 egestas
1095 874 1241 915 obsita
1259 874 1434 926 pannis,

340 946 400 988 Et
419 957 537 987 curae
558 944 798 993 insomnes,
821 946 864 983 et
886 942 1083 983 violenta
1102 941 1258 982 fames.
1689 937 1746 979 20

284 1013 387 1055 Non
406 1012 468 1054 ibi
489 1014 747 1065 tempestas,
766 1023 847 1051 nec
866 1010 935 1051 vis
955 1009 1060 1049 furit
1077 1007 1254 1049 horrida
1271 1007 1392 1049 venti
1410 1020 1422 1060 ;

339 1080 438 1123 Nec
461 1079 606 1132 gelido
630 1083 790 1119 terram
810 1090 904 1127 rore
925 1078 1082 1131 pruina
1104 1076 1222 1129 tegit.

283 1149 421 1190 Nulla
441 1159 574 1200 super
597 1159 781 1200 campos
798 1146 936 1187 tendit
956 1158 1035 1186 sua
1058 1144 1220 1186 vellera
1237 1143 1391 1194 nubes,

340 1215 437 1257 Nee
462 1215 584 1256 cadit
604 1227 660 1254 ex
683 1214 774 1254 alto
795 1212 994 1254 turbidus
1015 1212 1170 1252 humor
1191 1223 1333 1264 aquae.

284 1284 373 1326 Sed
396 1283 491 1324 fons
509 1283 552 1322 in
573 1281 719 1322 medio
738 1284 819 1329 est,
841 1293 973 1334 quem
994 1279 1163 1321 Vivum
1183 1278 1359 1319 nomine
1380 1276 1543 1327 dicunt,
1690 1276 1748 1317 2.)

340 1351 624 1403 perspicuus,
645 1349 769 1398 lenis,
793 1348 996 1388 dulcibus
1016 1348 1122 1388 uber
1148 1347 1288 1399 aquis.

283 1418 371 1469 Qui
392 1417 527 1458 semel
548 1429 780 1469 erumpens
801 1428 878 1469 per
899 1415 1072 1468 singula
1091 1418 1291 1467 tempora
1311 1423 1527 1460 mensum,

341 1483 593 1525 Duodecies
615 1482 744 1523 undis
765 1483 916 1535 irrigat
935 1495 1060 1522 omne
1079 1493 1250 1522 nemus.

283 1552 377 1595 Hic
394 1565 530 1606 genus
551 1552 794 1600 arboreum,
809 1563 1000 1604 procero
1025 1549 1170 1603 stipite
1188 1558 1379 1600 surgens,

342 1622 447 1663 Non
464 1623 643 1675 lapsura
663 1619 761 1660 solo
782 1619 906 1659 mitia
926 1632 1061 1672 poma
1079 1618 1198 1671 gerit.
1693 1614 1751 1656 :30

284 1688 387 1730 Hoc
408 1700 578 1737 nemus,
600 1688 679 1727 hos
697 1686 825 1726 lucos
845 1686 942 1726 avis
964 1684 1117 1726 incolit
1136 1683 1271 1725 unica
1291 1681 1505 1732 Phoenix,

341 1755 500 1804 Unica,
524 1753 601 1794 sed
622 1753 735 1794 vivit
755 1756 894 1793 morte
916 1752 1083 1793 refecta
1106 1764 1200 1793 sua.

284 1823 416 1865 Paret
436 1826 478 1862 et
500 1820 750 1873 obsequitur
774 1819 948 1860 Phoebo
970 1817 1255 1861 memoranda
1276 1817 1475 1869 satelles.
1523 1848 1526 1852 >

341 1889 446 1931 Hoc
469 1888 644 1930 Natura
664 1899 821 1940 parens
840 1900 996 1928 munus
1018 1887 1179 1928 habere
1201 1885 1336 1927 dedit.

903 2015 1138 2029 eeeeeeeeeeee

283 2094 378 2126 Junt.
395 2091 474 2123 Aid.
498 2091 599 2122 virens
614 2091 742 2122 Medic.
760 2090 826 2122 duo
842 2091 939 2122 Vatt.
956 2091 1055 2122 Voss.
1079 2091 1225 2122 Maeran.
1252 2089 1387 2122 Bodlei.
1413 2089 1568 2121 Liucoln.
1583 2088 1749 2121 Lambec.

284 2135 387 2167 Hafn.
403 2134 589 2166 Bai-tholin.
603 2140 746 2175 uterque
761 2134 892 2166 Suecic.
909 2138 944 2165 ct
959 2134 1001 2164 al.
1016 2134 1098 2165 item
1113 2134 1180 2165 duo
1195 2133 1273 2164 edd.
1291 2134 1473 2164 Rom-ll
1498 2132 1748 2163 lek'tontiadas

282 2178 438 2211 Lincoln.
479 2177 722 2208 leiitontiades
748 2175 856 2208 Hafn.
893 2177 1132 2208 Phaetontiadis
1158 2176 1287 2208 Medic.
1309 2176 1500 2207 Bartholin.
1517 2176 1600 2206 Vat.
1629 2184 1681 2215 pr.
1713 2179 1750 2206 et

282 2230 349 2252 sec.
381 2221 516 2251 Snecic.
548 2220 731 2251 Plretonteis
755 2220 865 2260 prima
890 2220 944 2251 ed.
983 2220 1166 2252 Rom—13
1198 2218 1308 2250 diluvii
1337 2219 1512 2250 mersissent
1535 2218 1743 2249 Barth.—15

284 2264 356 2296 Non
371 2263 421 2293 hic
437 2263 565 2294 Medic.
582 2264 662 2294 Vat.
680 2273 746 2294 sec.
764 2263 906 2294 Maeran.
922 2261 1030 2294 Hafn.
1048 2262 1238 2293 Bartholin.
1262 2262 1335 2293 Non
1348 2262 1426 2293 hunc
1440 2261 1594 2292 Liucoln.
1611 2260 1744 2292 suecic.

283 2315 352 2337 sec.
368 2316 428 2346 pro
447 2306 579 2336 diversa
597 2306 756 2345 lectione,
773 2310 914 2347 utraque
930 2306 985 2336 ed.
1003 2306 1100 2336 Rom.
1126 2306 1251 2335 Venet.
1271 2309 1308 2336 et
1323 2305 1418 2336 Junt.
1441 2304 1608 2343 exsanguis
1622 2302 1745 2334 morbus

284 2350 381 2380 Voss.
398 2348 483 2379 Cod.
502 2350 633 2379 suenio.
650 2350 682 2378 in
702 2349 798 2379 Actis
813 2348 1040 2380 Jenens.—18
1062 2348 1129 2378 Aut
1147 2349 1237 2378 Mars
1264 2346 1343 2377 Ald.
1371 2347 1467 2379 Junt.
1485 2352 1520 2377 et
1537 2346 1657 2377 Heins‘
1681 2345 1748 2377 Aut

285 2395 384 2423 metus
399 2401 515 2421 omnes
543 2391 661 2430 scripti
679 2401 753 2422 cum
771 2396 914 2432 utraque
938 2390 991 2422 ed.
1020 2391 1118 2422 Rom.
1143 2395 1178 2420 et
1206 2390 1330 2420 Venet.
1354 2389 1444 2420 unde
1470 2389 1668 2429 conjecerat
1696 2388 1748 2420 (ΖΙ.

287 2433 513 2472 Oudendorp.
547 2435 611 2463 Aut
646 2435 758 2473 Venus,
787 2435 838 2464 vel
866 2434 996 2472 Injnstae
1021 2437 1087 2464 aut.
1120 2433 1201 2463 cedit
1233 2441 1294 2472 pro
1325 2433 1419 2463 coedis
1446 2432 1574 2463 Medic.
1604 2432 1749 2462 Moeran.

286 2476 421 2508 Bodlei.
439 2481 473 2506 et
491 2476 652 2507 Lambec.
668 2478 750 2507 mnit
767 2478 846 2508 Vat.
871 2487 938 2508 sec.
966 2481 1000 2507 et
1023 2474 1217 2507 Hafn.—19
1240 2475 1356 2505 obscita
1374 2474 1428 2506 ed.
1446 2474 1545 2504 Rom.
1572 2474 1751 2505 vitiose.—

284 2522 325 2551 23
352 2519 508 2559 Nullaque
522 2528 577 2558 per
592 2529 712 2558 caonpos
727 2520 856 2550 tendunt
874 2519 1009 2550 Bodici.
1035 2519 1163 2549 tendunt
1184 2518 1313 2549 Medic.
1331 2518 1411 2548 Vat.
1429 2527 1498 2547 sec.
1515 2517 1603 2547 alter
1617 2516 1750 2548 Suecic.

286 2561 393 2594 Hafn.
411 2568 445 2592 et
460 2561 733 2592 Bartholin.—25
758 2561 799 2592 Τὸ
825 2566 870 2593 est
897 2562 991 2592 abest
1019 2572 1037 2592 a
1062 2562 1141 2592 Vat.
1167 2571 1216 2601 pr.
1243 2564 1389 2600 utroque
1405 2560 1538 2590 Suecic.
1554 2559 1688 2599 alioque
1713 2559 1748 2590 in

286 2605 365 2636 Act.
381 2605 522 2637 Jeneus.
540 2604 728 2635 Bartholin.
757 2610 792 2634 et
808 2606 995 2636 Voss.—26
1019 2606 1119 2635 lucens
1145 2614 1205 2644 pro
1231 2604 1308 2634 lenis
1337 2602 1492 2633 Lanibec.
1520 2607 1665 2641 utraque
1690 2601 1746 2632 ed.

289 2649 383 2679 Rom.
400 2647 523 2678 Venet.
540 2654 574 2678 et
587 2647 684 2679 Juut.
698 2649 788 2677 loetus
803 2648 1042 2678 Lim-olm—-N
1066 2649 1191 2678 densum
1204 2656 1265 2687 pro
1281 2655 1417 2676 mensum
1439 2646 1515 2675 Vat.
1535 2654 1586 2684 pr.
1599 2644 1750 2675 mensium

286 2689 507 2721 Bodlei.-29
531 2690 602 2720 Hoc
615 2690 832 2720 Eminet—32
854 2691 899 2720 sic
914 2691 989 2720 rit-ic
1005 2691 1165 2722 Lambec.
1180 2689 1329 2720 Lincoln.
1343 2689 1429 2719 aiter
1441 2688 1573 2719 Suecic.
1591 2696 1611 2717 a
1623 2696 1667 2718 m.
1681 2696 1752 2718 see.

286 2738 320 2766 et
334 2738 479 2775 uti-aque
496 2732 548 2765 ed.
563 2733 743 2764 Rome-33
767 2732 878 2764 Plzoebi
890 2733 1049 2765 Lambcc.
1063 2738 1098 2765 et
1119 2738 1265 2774 utraque
1278 2731 1332 2764 ed.
1349 2732 1445 2763 Rom.
1475 2730 1649 2763 veneranda
1664 2729 1747 2762 Vat.
