1851 3213
276 229 390 272 1:316

274 333 447 374 bogastes‚
479 333 600 364 Comes
616 334 861 374 Valentiniani,
893 344 982 365 com-

274 388 387 415 motus
404 385 437 415 in
462 384 661 424 Principem
686 395 781 415 suum
812 386 855 416 ob
879 384 982 415 frivo-

273 435 322 466 las
339 435 482 474 primum
512 443 661 471 caussas,
686 435 810 465 deinde
838 435 927 475 quod
944 434 980 464 li-

272 485 398 516 bellum
426 484 713 515 exauctorationis
739 485 769 514 ei
787 494 848 524 pro
876 484 982 515 tribu-

271 535 340 566 nali
354 536 476 566 sedens
493 535 648 573 dederat,
674 540 711 565 nt
728 535 841 566 multis
859 535 980 566 denar-

271 591 327 617 rat
351 587 521 618 Zosimus.
570 587 625 617 De
653 585 804 626 feritate,
833 587 980 618 scientia

270 636 425 668 militaris
450 636 510 676 rei,
550 637 769 676 auctoritate,
794 637 891 668 obitu
919 637 980 667 Ar·

273 686 439 727 bogasfis,
457 687 596 718 Orosius
611 688 632 719 l.
651 696 716 718 111.
733 690 787 719 35.
822 688 978 719 50201110--

268 746 343 776 nus,
358 747 422 769 vn.
440 741 493 769 26.
519 739 634 770 Barth.

314 791 375 819 104
404 788 543 818 Ultrices
573 788 652 827 iras]
688 788 865 818 Scelerum
905 797 979 818 sno·

271 848 344 869 rum
371 839 404 868 in
426 839 650 877 semetipsum
678 837 817 875 vindex,
833 838 892 867 illa
917 847 979 868 sua

270 888 447 919 iracundia
469 887 668 927 Barbarica,
684 898 758 928 quae
777 897 896 919 caussa
912 887 979 920 fnit

271 942 323 968 tot
337 938 513 968 malornm.
541 938 636 968 Idem.

314 991 373 1018 105
403 987 538 1018 Tandem
556 988 645 1026 justa
665 988 789 1028 manus]
827 989 911 1019 Cum
942 989 975 1019 in

267 1043 442 1069 auctorem
461 1038 580 1079 rejecit
598 1039 781 1069 vindictam
799 1038 975 1070 interfecti

267 1089 453 1129 Principis,
479 1094 515 1119 et
537 1090 626 1120 tanti
656 1089 794 1129 Imperii
822 1089 912 1120 bello
928 1089 976 1119 in-

265 1140 388 1170 voluti.
423 1140 540 1170 Innuit
557 1149 624 1170 non
641 1141 777 1170 occulte
795 1149 894 1170 manu
910 1139 975 1171 Ar-

266 1190 416 1231 bogastis
464 1189 630 1221 cecidisse
681 1189 974 1221 Valentinianum.

267 1239 355 1270 Haec
380 1243 494 1270 autem
516 1248 678 1270 consensu
696 1244 851 1270 veterum
879 1239 972 1279 Sapi-

267 1294 384 1321 entum
401 1300 531 1320 summa
557 1289 780 1320 constituitur
806 1289 973 1328 Justitiae,

265 1340 352 1370 mala
377 1339 519 1370 consilia
535 1343 570 1369 et
588 1338 740 1369 facinora
756 1339 869 1379 capita
894 1349 971 1370 auc-

267 1394 377 1420 torum
396 1392 531 1429 petere.
557 1388 656 1419 Idem.

309 1442 371 1469 106
396 1439 548 1474 Quamvis
573 1438 751 1478 emeritum]
782 1439 872 1469 Sane
889 1438 971 1469 divi·

262 1500 305 1521 no
322 1490 463 1521 consilio
478 1490 708 1520 etelementia
720 1490 879 1530 singulari
896 1499 971 1521 esse

262 1545 389 1580 actum,
406 1546 443 1572 ut
467 1540 623 1572 omnibns
647 1541 820 1571 extraneis
849 1541 971 1571 tumul-

262 1591 350 1623 tibus
380 1592 512 1632 sopitis,
540 1591 631 1622 omni
664 1591 755 1622 civili
783 1590 969 1630 debellato,

262 1642 306 1673 de
332 1643 523 1683 composito
552 1643 646 1673 velut
678 1642 792 1672 obiret
819 1641 971 1672 Theodo-

262 1693 341 1732 sius,
357 1697 518 1732 pacatum
537 1692 666 1722 Orbem
684 1691 761 1722 filiis
780 1691 968 1731 juvenibus

261 1742 468 1783 relinquens,
508 1751 606 1772 nemo
645 1741 866 1771 dubitaverit.
925 1743 969 1773 Et

263 1802 330 1824 uon
360 1802 444 1823 unus
472 1793 632 1832 scriptor.
687 1793 867 1832 Principes
895 1793 969 1823 dari

263 1844 378 1882 terris,
409 1848 445 1874 et
477 1843 602 1874 abinde
633 1843 666 1873 in
698 1843 821 1873 coelum
840 1844 969 1883 reduci,

263 1895 430 1925 Horatius
462 1895 502 1925 ad
535 1894 747 1933 Augustum:
779 1894 903 1925 ‘Serus
934 1895 969 1925 in

261 1945 383 1975 coelum
401 1944 533 1983 redeas,
556 1944 682 1984 diuque
698 1944 813 1975 Larius
829 1944 969 1976 intersis

263 1996 392 2036 populo
409 1994 569 2028 Quirini.’

268 2066 274 2072 -
306 2045 450 2085 Natura]
475 2045 573 2076 Ordo
594 2044 650 2075 ille
678 2044 827 2075 omnium
854 2055 967 2076 rerum

263 2096 384 2127 seriem
417 2100 536 2126 tenens
567 2100 602 2125 et
633 2095 806 2125 ordinans.
865 2096 967 2127 Hunc

258 2147 323 2177 hoc
341 2146 477 2178 nomine
493 2145 571 2176 Diis
587 2145 654 2176 suis
667 2145 821 2176 omnibus
834 2155 968 2186 praepo-

258 2200 358 2235 nunt,
374 2196 607 2236 arbitrnmque
624 2195 838 2227 constituunt
863 2197 969 2237 scrip·

259 2251 362 2277 tores
397 2247 527 2277 Lucan.
556 2246 614 2277 lib.
647 2255 670 2276 1.
696 2246 739 2276 ad
769 2247 964 2279 Neronem:

258 2298 267 2313 ‘
280 2296 442 2336 Jurisque
461 2297 509 2326 tui
528 2297 664 2327 Natura
682 2296 865 2338 relinquet,
879 2299 964 2331 Quis

261 2348 358 2380 Deus
374 2357 449 2378 esse
465 2347 582 2378 voles!

305 2401 367 2429 107
387 2399 553 2429 Asa-orum
576 2400 728 2438 panderet
754 2399 855 2439 arces]
893 2400 963 2431 Ad-

256 2458 419 2480 scensuro
444 2448 605 2479 videlicet
622 2449 827 2481 Theodosio.
873 2450 964 2481 Illud

259 2503 343 2530 nota
365 2508 432 2530 nou
450 2498 617 2538 ineptum,
642 2500 790 2530 creditas
808 2500 895 2531 bene
914 2511 964 2531 sa-

259 2549 464 2590 pienterque
481 2549 552 2579 vita
567 2548 762 2580 functorum
791 2550 961 2581 hominum

260 2600 388 2631 animas
417 2599 450 2630 in
475 2600 623 2639 ipsamet
645 2599 759 2629 sidera
775 2600 894 2640 recipi,
913 2604 962 2631 at-

262 2659 330 2692 que
345 2649 561 2681 commutari.
586 2649 702 2680 Barth.

304 2702 367 2732 108
391 2700 590 2740 Nutaretque
616 2699 715 2739 oneri]
748 2701 877 2730 Lucan.
917 2700 960 2730 ad

260 2751 434 2783 Neronem
448 2762 457 2783 z
478 2751 487 2768 ‘
502 2751 647 2782 AEtheris
663 2749 815 2782 immensi
827 2754 960 2792 partem

521 240 664 271 NOTAE
697 240 962 271 VARIORUM
997 240 1048 270 IN
1083 239 1158 270 ct..
1184 238 1368 270 ChAUD.
1403 237 1490 267 vll.

1035 333 1062 364 si
1080 334 1245 374 presseris
1263 343 1374 373 unam,
1395 331 1531 363 Sentiet
1544 330 1616 366 axis
1633 329 1739 363 onus.’

1036 384 1135 414 Idem.

1078 437 1139 464 109
1164 434 1283 473 Cupido
1297 443 1329 464 se
1345 433 1471 464 reddere
1483 432 1569 473 coelo]
1604 431 1739 462 Credere

1033 483 1141 514 Delu-ii
1157 484 1267 515 codex
1285 489 1320 514 et
1338 493 1354 514 e
1372 483 1494 514 nostris
1506 491 1637 513 novem.
1660 482 1738 512 Vir·

1033 536 1090 576 gil.
1109 536 1182 566 AEn.
1202 536 1260 566 lib.
1279 545 1330 566 vr.
1353 536 1361 551 ⁴
1380 534 1599 575 Praepetibus
1617 533 1736 574 pennis

1032 596 1131 616 ausus
1148 595 1183 616 se
1200 586 1342 617 credere
1360 587 1445 617 coelo
1457 586 1476 617 ι’
1500 586 1598 626 plura
1614 585 1657 615 de
1673 585 1738 615 hoc

1031 636 1136 667 verbo
1150 636 1242 667 aiibi.
1288 637 1471 677 Vulgatani
1490 641 1603 666 tamen
1627 635 1737 675 scrip-

1032 692 1140 718 turam
1159 692 1274 718 tuetur
1300 688 1435 718 erudite
1465 686 1650 717 Barthius:
1676 684 1736 716 sed

1030 737 1107 776 quia
1123 737 1239 766 reverti
1262 737 1335 777 jam
1360 741 1597 776 praecesserat,
1613 737 1737 767 credere

1030 785 1184 815 hocloco
1212 787 1416 825 amplector,
1442 795 1483 816 ne
1502 786 1553 817 bis
1579 786 1670 817 idem
1686 785 1734 817 di-

1030 841 1134 867 catur.
1158 837 1203 867 D.
1221 836 1335 866 Heius.

1072 887 1110 918 Si
1125 889 1251 919 reddere
1267 887 1356 927 coelo]
1386 889 1497 929 Reges
1515 890 1604 921 enim
1632 893 1734 930 atque

1029 939 1212 980 Principes
1239 940 1373 970 coelitus
1391 944 1426 971 et
1439 940 1481 970 ab
1499 940 1576 971 Diis
1599 940 1735 971 immor-

1029 989 1154 1020 talibus
1184 989 1345 1029 regundis
1361 990 1548 1030 provinciis
1564 991 1734 1032 rebusque

1027 1040 1181 1070 humanis
1210 1040 1330 1070 donari
1346 1039 1550 1082 demittique
1568 1042 1735 1082 putaban-

1029 1095 1097 1128 tur,
1115 1090 1164 1120 nti
1191 1094 1227 1121 et
1243 1091 1376 1129 eodem,
1401 1090 1444 1121 31)
1469 1091 1578 1128 obitu,
1604 1091 1733 1123 reduci.

1026 1140 1200 1180 Manilius,
1220 1141 1281 1172 lib.
1310 1149 1358 1171 1v.
1376 1141 1419 1171 de
1445 1141 1533 1173 Divo
1559 1142 1734 1182 Ju1i0‚re-

1027 1199 1108 1221 cens
1128 1197 1198 1222 tum
1223 1191 1354 1221 amisso.
1402 1192 1410 1207 ‘
1426 1192 1490 1222 Ille
1517 1192 1620 1223 etiam
1645 1193 1731 1224 coelo

1027 1242 1173 1281 genitus,
1190 1241 1346 1282 coeloque
1365 1241 1548 1281 receptus.'

1072 1290 1192 1330 Cupido
1207 1289 1295 1329 coelo]
1332 1290 1409 1320 Diis
1426 1290 1611 1332 Astrisque
1627 1291 1733 1323 ambi-

1025 1340 1159 1370 entibus
1177 1344 1309 1370 tantum
1333 1339 1499 1371 accedere
1518 1341 1655 1372 Numen
1671 1351 1731 1373 suo

1024 1389 1127 1420 choro
1145 1394 1181 1421 et
1206 1389 1364 1429 collegio.
1409 1390 1509 1420 Maro
1526 1390 1569 1420 ad
1595 1389 1733 1431 Angus-

1025 1445 1119 1471 tum:
1145 1440 1277 1481 ‘ipsum
1306 1440 1367 1471 tibi
1389 1440 1463 1480 jam
1488 1439 1627 1472 brachia
1651 1451 1730 1473 con·

1024 1492 1128 1522 trahit
1150 1491 1273 1522 ardens
1295 1491 1470 1531 Scorpius,
1487 1496 1522 1522 et
1539 1492 1616 1523 coeli
1635 1492 1730 1533 justa

1024 1543 1099 1583 plus
1117 1546 1214 1582 parte
1231 1541 1416 1583 relinquit.’
1437 1542 1556 1574 Barth.

1068 1595 1129 1623 110
1154 1591 1326 1632 Praesenti]
1355 1592 1494 1623 Accivit
1511 1592 1598 1636 enim
1615 1592 1647 1623 in
1662 1593 1728 1625 hoc

1024 1643 1325 1683 Constantinopoli
1354 1642 1544 1673 Honorium
1576 1643 1730 1675 Theodo-

1020 1693 1101 1732 sius,
1131 1703 1197 1734 quo
1225 1697 1410 1733 praesente,
1438 1692 1529 1723 visus
1553 1693 1727 1724 convales-

1018 1753 1112 1786 cere,
1130 1743 1215 1774 obiit
1232 1744 1358 1774 voleus.
1402 1743 1534 1774 Sozom.
1552 1751 1616 1774 vn.
1631 1745 1683 1774 28.

1066 1794 1216 1824 Traderet
1230 1792 1346 1832 orbem]
1383 1792 1522 1824 Solenni
1536 1802 1628 1823 more
1644 1797 1725 1825 ante

1020 1853 1194 1874 excessum
1220 1842 1297 1873 filiis
1325 1842 1513 1883 Imperium
1533 1834 1724 1875 'tradidisse

1020 1898 1156 1924 constat
1169 1894 1406 1924 Theodosium.
1432 1894 1548 1925 Barth.

1065 1944 1229 1983 Traderet]
1263 1943 1418 1974 Traditio
1443 1947 1508 1982 est,
1536 1942 1597 1974 ἀπὸ
1621 1943 1727 1985 χειρὸς

1018 1991 1060 2023 εἷς
1075 1994 1178 2033 χεῖρα,
1205 1994 1271 2031 vel,
1290 1998 1329 2024 ut
1357 1993 1519 2033 Cujacius
1534 1994 1622 2034 vult,
1642 1994 1724 2025 Tra-

1018 2044 1103 2075 ditio
1141 2049 1193 2076 est
1219 2045 1311 2076 datio
1340 2045 1571 2085 possessionis.
1628 2047 1724 2087 Ergo

1020 2095 1203 2134 Honorius,
1226 2096 1311 2126 licet
1337 2095 1468 2136 pridem
1497 2095 1645 2136 Augusti
1668 2106 1727 2128 no-

1017 2155 1092 2175 meu
1108 2145 1266 2186 adeptus,
1281 2155 1350 2176 rem
1365 2146 1473 2186 ipsam
1489 2155 1555 2177 non
1577 2146 1697 2178 habuit
1713 2157 1723 2186 ;

1017 2195 1083 2227 fuit
1115 2197 1148 2227 in
1165 2197 1376 2237 possessione
1400 2197 1462 2236 rei,
1481 2197 1540 2227 sed
1564 2205 1628 2226 non
1648 2207 1723 2237 pos·

1017 2246 1106 2277 sedit
1121 2257 1129 2284 ;
1148 2256 1215 2277 non
1233 2247 1381 2287 omnino,
1396 2257 1438 2278 ne
1459 2246 1569 2277 dicam
1586 2246 1723 2278 omnino

1016 2306 1094 2334 non,
1117 2296 1181 2328 fuit
1199 2297 1401 2338 imperator,
1414 2297 1478 2328 nisi
1492 2296 1562 2327 sola
1579 2296 1722 2327 nominis

1016 2347 1145 2377 umbra.
1171 2348 1294 2378 Claver.

1060 2400 1118 2427 111
1145 2397 1303 2428 Bistoniis
1318 2397 1356 2428 ab
1379 2396 1457 2436 oris]
1481 2396 1719 2428 Constantino-

1016 2447 1084 2486 poli
1101 2448 1264 2486 evocatis,
1280 2447 1323 2478 ad
1346 2446 1532 2487 Imperium
1549 2447 1719 2478 Occiden-

1015 2498 1058 2528 tis
1076 2497 1339 2537 suscipiendum.

1056 2549 1170 2578 Alacer
1185 2546 1361 2586 consurgis]
1375 2546 1488 2577 Instar
1504 2546 1636 2578 sideris.
1646 2547 1717 2579 Ali-

1015 2597 1045 2627 bi
1062 2609 1069 2628 :
1093 2598 1102 2614 ‘
1116 2597 1246 2627 Sideris
1274 2597 1381 2627 instar
1398 2597 1545 2628 Emicuit
1558 2597 1717 2629 Stilicho-

1012 2648 1063 2677 nis
1083 2646 1195 2686 apex.’
1221 2647 1337 2678 Barth.

1056 2701 1117 2728 112
1141 2698 1246 2729 Ausus
1271 2698 1421 2738 transire]
1456 2698 1628 2730 Barbaros
1646 2698 1714 2731 Ro-

1011 2750 1117 2781 manis
1142 2760 1208 2781 non
1232 2750 1311 2782 satis
1339 2749 1423 2782 fidos
1449 2750 1546 2792 dicit,
1573 2761 1715 2792 quorum
