1851 3213
251 205 371 250 1478

296 313 338 342 41
362 308 474 349 Soror]
489 307 707 340 Miserrimus
731 306 847 348 Spado
864 306 969 338 talem

260 361 410 394 habebat
425 361 553 391 secum.
591 357 710 390 Barth.

303 412 389 448 Quia
403 410 504 451 soror]
536 410 712 441 Martialis
729 408 897 450 quaerenti
909 418 972 440 cnr

256 462 442 495 Themison
458 471 598 492 uxorem
616 469 683 492 non
695 460 846 492 habeat?
866 459 973 491 habet

259 522 423 552 sororem,
447 511 569 553 inquit.
595 511 719 542 Claver.

301 566 344 594 44
367 563 484 594 Amare
511 561 624 602 negat]
660 561 762 602 Fugit
792 562 882 593 alter
896 561 974 595 Mo-

260 614 347 653 reti;
381 613 512 644 (lictum
545 622 675 653 supra:
699 618 736 644 et
766 614 868 654 paulo
895 617 974 645 ante

258 664 436 695 miseranda
468 663 597 695 Mureti
625 662 743 704 prior:
778 668 901 702 acute3
937 668 976 695 ut

260 715 350 747 libro
368 715 479 756 primo
495 713 698 761 monuimus.
735 714 780 744 D.
798 714 912 745 Heins.

303 769 345 798 45
371 765 518 797 Eunuchi
536 764 686 803 jugulum
716 764 853 804 pm'mus]
890 763 977 797 Quis

262 816 322 847 ille
352 816 538 847 Eunuchus
566 813 673 845 fuerit
710 814 809 845 nobis
840 813 977 855 quidem

258 868 361 908 juxta
378 877 455 910 cum
473 866 546 897 aliis
571 865 737 907 liquidum
755 871 820 907 est,
833 866 890 908 qui
905 875 979 896 nes-

264 919 373 950 ciunt.
399 918 519 950 Barth.

306 972 349 1001 46
375 969 528 1008 Exemplo
545 966 616 1008 tuo]
640 965 744 1004 Quod
762 971 799 998 tu
815 967 881 999 tibi
899 976 981 999 con-

269 1017 398 1050 fecisti.
444 1019 669 1059 Epitaphium
697 1018 814 1050 militis
830 1017 980 1049 Batavi:

267 1072 275 1087 ‘
292 1071 462 1111 Exemplo
479 1070 558 1101 mihi
581 1080 655 1102 sum
672 1071 802 1112 primus
825 1069 883 1111 qui
900 1069 982 1100 talia

272 1120 385 1160 gessi.’
410 1121 509 1152 Idem.

314 1171 467 1210 Exemplo
498 1180 557 1200 nan
585 1169 722 1209 feriere]
759 1164 822 1200 Ait
859 1170 984 1199 Eutro-

272 1220 378 1260 pium,
394 1219 452 1261 qui
479 1220 597 1250 multis
615 1226 721 1261 caput
748 1219 901 1258 abstulit,
917 1228 985 1248 non

273 1271 362 1301 idem
395 1270 624 1311 adepturum3
649 1271 748 1312 eique
773 1270 879 1300 vitam
911 1268 985 1299 fore

275 1321 458 1362 supplicio.
497 1321 600 1353 Ovid.
625 1321 890 1352 ‘tantummodo
914 1320 987 1351 vita

272 1372 393 1404 relicta
419 1376 486 1412 est,
510 1371 673 1404 Praebeat
703 1378 741 1404 ut
770 1381 903 1403 sensum
920 1381 988 1402 ma-

272 1423 461 1464 teriemque
479 1423 600 1455 malis.’
626 1424 755 1456 Claver.

317 1476 358 1505 47
390 1474 463 1504 Vive
476 1475 579 1514 pudor
598 1473 714 1516 fastis]
742 1475 849 1507 Fastis
873 1473 988 1515 Scipio

277 1524 428 1556 Gentilis
459 1531 580 1557 contra
619 1527 862 1560 auctoritatem
885 1526 989 1558 libro·

278 1586 351 1607 rum
369 1581 538 1609 veterum.
561 1577 606 1609 D.
625 1577 737 1609 Heius.

323 1626 399 1659 Vive
428 1628 527 1667 pudor
549 1627 650 1668 fatis]
695 1628 802 1669 Cujus
831 1627 864 1658 in
890 1631 990 1659 aeter·

277 1688 357 1710 num
385 1679 516 1720 pudeat
545 1679 635 1720 ipsos
663 1679 764 1711 Deos.
808 1680 865 1711 Sic
881 1679 915 1710 in
943 1679 990 1711 0-

276 1738 380 1769 pere:
405 1729 518 1760 ‘Proh
551 1730 628 1761 caeli
663 1735 835 1770 terraeque
866 1729 990 1771 pudor,

280 1779 441 1810 trabeata
458 1789 520 1820 per
538 1780 641 1811 urbes
661 1779 869 1812 ostentatur
886 1780 991 1813 anus?

282 1830 401 1862 Barth.

324 1883 366 1913 49
389 1881 541 1922 Dii-eptas
568 1879 651 1921 opes]
683 1881 811 1911 Exules
838 1885 873 1911 et
903 1880 991 1921 capi-

278 1933 476 1974 talijudicio
497 1932 649 1964 damnati
664 1932 753 1964 bona
767 1931 991 1970 amittebant3

283 1983 407 2025 quibus
437 1983 464 2014 si
492 1987 612 2024 postea
628 1982 717 2014 fania
734 1982 993 2022 restituebatur,

282 2036 372 2066 bona
395 2045 466 2076 sua,
497 2038 555 2066 aut
586 2033 798 2075 parentibus,
821 2038 859 2064 nt
891 2033 994 2074 pluri-

283 2096 374 2118 mum
392 2086 565 2118 redibant.
594 2086 717 2117 Clarer.

327 2137 434 2178 Natus
447 2136 588 2177 habebit]
610 2136 736 2167 Patres
759 2134 848 2166 enim
863 2134 994 2166 Princi-

284 2199 364 2230 pum
382 2189 646 2221 nominabantur
671 2187 822 2227 Patritii‚
845 2187 941 2228 cujus
958 2186 997 2218 ti·

287 2240 394 2271 tulum
414 2240 499 2271 miro
516 2239 653 2280 ingenio
681 2238 846 2270 Eunucho
869 2237 996 2269 infelici

286 2289 487 2330 exprobrat.
532 2291 677 2323 Jocatur
713 2299 793 2331 ergo
821 2299 886 2320 uon
925 2298 997 2320 esse

286 2348 349 2370 eur
364 2337 446 2370 fleat
471 2340 657 2381 Eutropius
673 2351 681 2379 ;
709 2340 806 2372 bonis
819 2339 908 2371 enim
924 2349 997 2371 suc-

287 2389 413 2421 cedere
450 2389 714 2430 Imperatorem,
753 2391 807 2422 cui
843 2390 929 2431 ipse,
959 2394 1000 2421 ut

287 2439 467 2475 Patritius,
500 2439 606 2471 Pater
634 2440 700 2472 sit:
742 2441 855 2482 potius
881 2441 929 2472 illi
956 2440 999 2472 de.

289 2494 360 2521 tam
398 2489 546 2529 glorioso
577 2499 775 2521 successore
801 2491 1001 2531 laetandum,

289 2539 425 2571 minime
449 2540 586 2572 interim
623 2541 844 2573 mortalitatis
881 2541 1000 2573 ordine

291 2589 443 2631 turbato,
466 2593 659 2631 argutatur.
702 2591 873 2623 Parentes
888 2592 1001 2633 Impe-

290 2646 441 2673 ratorum
459 2641 526 2673 dici
551 2641 719 2673 Patritios
744 2642 873 2673 clarum
890 2642 934 2673 de
951 2652 1001 2673 vs.

289 2694 321 2723 4.
339 2691 496 2723 Institut.
520 2692 529 2708 ‘
549 2690 672 2732 quibus
689 2691 798 2723 modis
814 2691 926 2733 patria
943 2701 1001 2733 po-

293 2747 399 2775 testas
416 2742 594 2776 solvatur.’
617 2742 736 2775 Barth.

333 2797 373 2826 51
400 2794 513 2825 Pul-sas
528 2797 616 2825 astra
642 2794 790 2835 querelis]
824 2793 1002 2836 Papinius,

294 2844 352 2876 lib.
370 2855 399 2877 v.
416 2845 538 2877 Silvar.
555 2845 617 2877 ult.
642 2845 740 2876 Idem.

489 214 634 245 No'rAE
668 212 938 243 VARIORUM
972 211 1024 241 IN
1058 210 1133 240 01..
1166 209 1353 240 CLAUD.
1386 207 1500 239 xlx.

1063 307 1106 336 52
1126 304 1227 346 Cypri
1242 303 1362 345 littore]
1374 301 1460 334 Ideo
1471 302 1505 334 in
1515 300 1736 343 longInquam

1023 355 1176 398 Cyprum
1212 355 1399 396 sepositum
1443 352 1660 392 Eunuchum,
1697 355 1737 383 ut

1022 408 1117 439 nullo
1153 407 1295 448 negotio
1322 403 1471 436 interfici
1497 407 1626 445 posset,
1652 401 1738 433 exis·

1023 458 1118 490 timo.

1067 511 1169 542 Parta
1185 509 1285 551 quies]
1315 510 1422 540 Velut
1449 506 1604 539 emerito.
1643 504 1737 536 Scite

1025 560 1140 593 illudit
1155 561 1281 592 homini
1298 559 1520 591 semihomini.
1549 557 1667 589 Barth.

1069 614 1111 644 54
1138 612 1243 643 Terris
1269 611 1370 642 tutius
1393 619 1497 650 oequor
1524 606 1608 647 erat]
1641 607 1740 638 Terra

1027 664 1124 705 prim.
1149 663 1264 695 Vatic.
1296 664 1330 693 in
1365 660 1535 693 nonnullis
1575 661 1648 691 erit.
1693 658 1740 690 D.

1028 715 1150 745 Heius,

1073 768 1114 794 55
1138 763 1262 794 Jaculis
1277 766 1307 794 et
1323 762 1412 802 arcu]
1450 761 1619 794 Muliebri
1636 769 1744 792 arma-

1031 819 1121 854 tura,
1138 814 1274 855 qualem
1301 813 1398 844 dedit
1424 813 1490 854 ipsi
1517 812 1586 843 ritu
1604 810 1746 843 Amazo-

1030 875 1111 896 num
1128 874 1232 906 supra
1248 864 1308 896 lib.
1326 873 1350 896 1.
1374 864 1494 896 Barth.

1074 921 1115 950 57
1140 918 1266 950 Dilecto
1281 918 1400 958 caruit]
1423 916 1544 948 Malim
1561 916 1745 956 Dilectoque

1032 973 1128 1001 caret.
1141 979 1247 1010 aequor
1262 972 1343 1009 erat,
1356 979 1424 1001 non
1441 968 1514 1006 erit,
1527 967 1648 1008 scripti
1664 976 1747 1008 pau·

1031 1020 1065 1051 lo
1082 1024 1175 1051 ante.
1200 1019 1246 1051 D.
1263 1018 1375 1051 Heius.

1077 1071 1204 1102 Dilecto
1230 1070 1381 1111 Senatus]
1427 1069 1504 1101 Lib.
1534 1077 1558 1101 1.
1597 1077 1645 1100 vs.
1671 1069 1747 1099 472.

1037 1122 1156 1154 Barth.

1078 1175 1119 1202 59
1144 1172 1277 1211 Togam]
1299 1171 1401 1211 'rogis
1426 1175 1462 1202 et
1486 1174 1652 1201 matronae
1675 1177 1748 1201 ves-

1036 1222 1211 1253 tiebantur
1227 1232 1234 1259 3
1258 1221 1441 1252 Eunuchus
1459 1230 1532 1251 eam
1551 1223 1751 1260 gestaverat

1036 1279 1076 1305 ut
1091 1271 1247 1310 foemina;
1262 1281 1338 1302 cnm
1352 1280 1491 1302 snmmae
1503 1270 1693 1311 dignitatis,
1710 1273 1750 1302 ut

1037 1327 1205 1356 matrona.
1230 1322 1330 1353 Idem.

1080 1377 1122 1406 60
1147 1372 1331 1414 Ingenium]
1374 1372 1464 1403 Redi
1503 1371 1546 1404 ad
1577 1371 1751 1413 ingenium

1039 1429 1158 1463 tuum3
1192 1428 1292 1456 natus
1310 1423 1399 1455 enim
1417 1433 1452 1455 es
1473 1423 1516 1455 ad
1539 1424 1699 1454 Venerea
1716 1426 1753 1454 et

1038 1476 1177 1507 lenonia
1194 1484 1318 1516 opera:
1352 1474 1396 1506 de
1424 1474 1546 1517 quibus
1563 1475 1635 1505 late
1653 1482 1753 1515 supe-

1039 1527 1119 1558 riori
1136 1526 1237 1558 libro.
1261 1526 1362 1559 Idem.

1083 1580 1124 1609 63
1151 1577 1260 1608 Insula
1273 1578 1345 1608 loeta
1358 1576 1476 1617 choris]
1515 1577 1613 1608 Nota
1630 1576 1754 1617 Regna

1042 1627 1201 1669 Cypridis
1217 1627 1249 1658 in
1268 1627 1399 1668 Cypro.
1422 1627 1513 1658 Loeta
1533 1626 1658 1666 Charis,
1674 1635 1755 1667 gau-

1043 1679 1139 1719 dens,
1153 1679 1285 1719 hilaris,
1302 1678 1475 1710 delectata
1489 1678 1528 1709 iis
1542 1678 1755 1710 immensum.

1042 1731 1139 1763 Idem.

1086 1784 1128 1812 68
1153 1781 1292 1819 Fallere]
1318 1780 1417 1810 Dolis
1433 1782 1469 1810 et
1483 1779 1615 1810 astutiis
1632 1778 1756 1811 subde-

1043 1830 1125 1861 dere
1142 1829 1351 1860 amatoribus
1364 1829 1573 1861 monstrosis.
1620 1829 1758 1861 Concili-

1043 1892 1096 1913 are
1111 1882 1201 1913 enim
1215 1891 1345 1912 summa
1357 1881 1515 1912 Eunuchi
1529 1881 1661 1912 lenonis
1676 1881 1757 1913 doo-

1045 1932 1135 1964 trina
1151 1936 1187 1963 et
1203 1931 1382 1973 professio.
1407 1932 1508 1964 Idem.

1087 1986 1131 2015 69
1156 1984 1200 2015 Te
1238 1993 1376 2023 mergere
1413 1982 1515 2024 venti]
1561 1983 1758 2025 Demergere

1045 2033 1184 2077 quintus
1200 2034 1401 2066 Vaticanus.
1424 2034 1468 2066 D.
1485 2033 1600 2065 Heius.

1092 2086 1133 2116 70
1160 2084 1305 2116 Gildonis
1320 2093 1418 2125 nuper
1431 2084 1483 2125 qui
1498 2087 1623 2116 tenuere
1627 2082 1761 2125 fugam]

1048 2135 1161 2167 Fidem
1176 2135 1381 2167 Patavinns.
1409 2135 1539 2166 Gildoni
1550 2135 1656 2167 etiam
1673 2144 1759 2168 unus

1047 2186 1242 2218 Mediceus.
1288 2187 1407 2218 Forte:
1433 2187 1564 2218 Gildoni
1583 2196 1682 2228 nuper
1703 2184 1760 2228 qui

1046 2247 1174 2269 renuere
1181 2237 1293 2280 fidem.
1317 2237 1360 2270 A.
1374 2238 1520 2270 Sabinus
1538 2239 1759 2280 responsione

1049 2287 1092 2319 ad
1110 2288 1317 2320 Ovidianam
1332 2289 1532 2330 Penelopen
1546 2299 1554 2320 :
1579 2290 1589 2307 ‘
1602 2288 1680 2323 Nec
1693 2290 1764 2321 lau-

1049 2338 1126 2370 dem
1164 2338 1280 2371 Danai
1318 2343 1416 2371 tanto
1453 2349 1600 2372 renuere
1633 2338 1764 2372 labori?

1050 2391 1213 2423 Gratius:
1238 2390 1293 2424 ‘Si
1311 2391 1424 2423 renuit
1448 2395 1604 2432 cunctos,
1630 2395 1668 2422 et
1690 2400 1761 2424 ma·

1050 2445 1104 2473 ter
1119 2442 1279 2473 adultera
1304 2452 1371 2473 non
1398 2441 1471 2474 est.'
1515 2442 1646 2473 Noster
1670 2440 1762 2473 bello

1051 2492 1146 2524 Gild.
1160 2496 1294 2526 vs.268.
1308 2503 1351 2524 ex
1362 2492 1474 2524 veteri
1484 2491 1616 2532 codice,
1629 2492 1763 2524 ‘renuit

1051 2542 1101 2573 sic
1116 2542 1223 2574 Graia
1233 2542 1414 2583 Philippus
1426 2540 1592 2581 Oppida.’
1613 2540 1764 2583 Vulgata

1052 2596 1167 2622 tamen
1183 2591 1286 2623 lectio
1310 2595 1440 2622 temere
1469 2600 1536 2621 uon
1560 2595 1614 2623 est
1637 2591 1761 2623 sollici-

1051 2640 1168 2672 tanda.
1195 2641 1294 2672 Idem.

1094 2694 1135 2723 71
1160 2691 1373 2733 Memoratur]
1418 2692 1555 2724 Nomen
1591 2691 1696 2726 habet
1726 2695 1764 2725 et

1052 2740 1187 2774 famam.
1232 2742 1425 2774 Martialis:
1450 2743 1459 2759 ‘
1474 2742 1605 2784 Saepins
1621 2742 1657 2774 in
1673 2742 1762 2775 libro

1052 2798 1263 2825 memoratur
1280 2793 1418 2825 Persius
1434 2792 1525 2824 uno.’
1550 2793 1668 2826 Barth.

1060 2874 1064 2880 ,
1095 2846 1136 2875 73
1161 2843 1335 2883 Delphina]
1352 2843 1401 2874 Ut
1415 2847 1508 2874 vates
1521 2841 1640 2876 Arion.
1658 2843 1758 2876 Idem.
