1851 3213
305 239 419 281 1116
747 251 821 281 ct..
854 250 1135 281 CLAUDIAM
1172 249 1321 279 xmx.

305 345 492 386 Publica
511 344 758 384 morborum
780 344 964 397 requies,
986 357 1212 385 commune
1232 344 1481 385 medentum

361 411 608 461 Auxilium,
631 425 829 465 praesens
849 424 1022 459 numen,
1045 412 1206 451 inemta
1228 411 1361 451 salus.
1706 410 1763 450 70

306 478 393 519 Seu
414 479 555 532 ruptis
576 478 744 518 inferna
763 481 891 517 ruunt
911 478 1112 517 incendia
1130 478 1255 531 ripis,

363 546 421 586 Et
442 551 591 586 nostro
614 545 882 598 Phlegethon
903 544 1060 585 devius
1081 546 1183 586 orbe
1204 546 1343 586 calet:

306 612 490 653 Sulfuris
511 613 555 652 in
577 625 712 652 venas
734 611 906 664 gelidus
925 625 1003 652 seu
1024 612 1185 653 decidit
1205 613 1362 662 amnis,

366 679 689 733 Accensusque
708 680 821 730 fluit,
844 680 962 734 quod
983 680 1235 721 manifestat
1256 680 1366 721 odor
1384 693 1393 721 :

307 746 412 787 Sive
432 748 525 800 pari
549 746 748 787 flammas
769 747 989 787 undarum
1007 747 1134 787 lance
1155 747 1416 800 rependens,
1704 746 1763 788 '75

364 812 539 854 Arbiter
558 814 601 852 in
622 813 768 853 foedus
788 825 913 853 mons
934 814 1146 853 elementa
1164 818 1311 863 vocat,

307 880 378 921 Ne
399 880 557 920 cedant
579 885 787 933 superata
809 881 921 931 sibi3
955 881 1033 921 sed
1052 881 1221 933 legibus
1243 882 1386 934 aequis

360 946 558 987 Alterius
577 947 697 988 vires
718 949 866 1000 possit
887 951 1114 1002 utrumque
1135 948 1254 1001 pati:

304 1078 398 1115 salve,
411 1086 429 1108 ο
445 1078 535 1108 decus
554 1077 706 1118 inclytum
728 1080 821 1108 terrm
845 1077 1006 1116 Trojanae:
1029 1080 1230 1110 let-amentum
1245 1079 1399 1119 publicum
1411 1077 1596 1117 morborum,
1610 1087 1769 1110 commune

303 1119 472 1151 subsidium
488 1121 687 1158 medicorum,
705 1121 868 1151 Die-initos
880 1121 1046 1160 opitularis,
1058 1122 1140 1152 salus
1152 1122 1269 1152 inemta
1281 1134 1291 1153 .·
1313 1132 1363 1152 seu
1374 1123 1463 1160 ignes
1482 1121 1654 1160 inferorum
1666 1130 1766 1152 erum-

303 1166 382 1203 punt
398 1162 433 1192 in
458 1167 490 1192 te
518 1163 677 1203 repagulis
695 1163 823 1203 fractis,
847 1168 876 1194 et
904 1164 1097 1202 Phlegethon
1123 1164 1260 1204 deflexus
1282 1166 1372 1194 ardet
1386 1164 1420 1194 in
1435 1165 1547 1194 mundo
1562 1167 1687 1194 nostro.-
1711 1173 1767 1195 seu

298 1205 567 1245 frigidusflurius
582 1206 666 1236 cadit
690 1206 721 1236 in
740 1205 871 1242 fodinas
893 1205 1033 1246 sulfuriS,
1056 1211 1086 1238 et
1108 1207 1318 1248 inflammatus
1334 1207 1427 1248 fluit,
1451 1206 1484 1237 id
1501 1207 1579 1246 quod
1602 1207 1676 1236 odor
1689 1205 1765 1246 ejus

304 1249 456 1278 ostendit:
479 1248 545 1278 sive
571 1258 656 1279 mons
679 1248 737 1278 ille
762 1249 858 1280 velut
881 1249 999 1280 arbiter
1025 1259 1205 1290 componens
1231 1250 1318 1289 ignes
1343 1259 1420 1280 cum
1445 1248 1544 1280 simili
1567 1250 1765 1289 proportione

303 1300 461 1330 aquarum,
477 1294 645 1329 congregat
661 1292 810 1321 elementa
834 1301 901 1321 cum
918 1293 1079 1323 concordia
1105 1293 1191 1332 pari,
1206 1303 1243 1323 ne
1269 1293 1351 1322 ricta
1374 1293 1448 1322 haec
1465 1291 1638 1322 elementa
1653 1292 1764 1321 cedant

303 1333 363 1364 sibi
379 1333 549 1371 invicem3
573 1335 625 1363 sed
641 1338 678 1364 ut
701 1337 864 1374 utrumque
881 1334 980 1374 possit
1000 1333 1091 1372 ferre
1116 1338 1198 1366 certo
1205 1335 1326 1372 soerlere
1347 1336 1493 1365 virtutem
1517 1334 1661 1364 alterius:
1683 1343 1766 1374 quoe-

914 1429 1150 1442 ‘eaeeaeeeoaeue

301 1494 343 1522 68
367 1491 458 1523 Salve
475 1492 635 1523 Dardanii
650 1493 770 1525 Ambr.
785 1498 866 1526 tert.
883 1495 966 1527 Exc.
982 1496 1059 1527 Pat.
1076 1499 1233 1528 rem—69
1254 1497 1428 1527 medentum
1438 1493 1561 1527 Sched.
1577 1493 1668 1525 Gud.
1683 1493 1766 1527 Var.

304 1535 371 1566 LL.
388 1544 407 1565 e
423 1545 528 1575 marg.
547 1536 661 1568 Parm.
677 1541 837 1568 merentur
852 1538 928 1570 Pal.
944 1539 1011 1570 duo
1040 1540 1134 1570 Med.
1162 1542 1298 1570 meretur
1325 1539 1379 1570 ed.
1396 1539 1511 1569 Parm.
1535 1540 1671 1568 moretur
1685 1537 1765 1569 Vat.

303 1580 441 1617 pr.—⁷0
464 1578 645 1609 Subsidium
661 1589 722 1619 pro
738 1581 904 1611 Auxilium
930 1582 1004 1613 Pal.
1031 1582 1160 1613 Buslid.
1175 1583 1256 1612 Var.
1282 1582 1350 1612 LL.
1376 1581 1431 1612 ed.
1451 1580 1552 1613 Antv.
1579 1581 1684 1620 inepta
1701 1589 1764 1620 pro

302 1620 418 1650 inemtu
434 1620 650 1664 Rasum—71
675 1624 776 1661 raptis
792 1623 923 1654 Buslid.
940 1623 1058 1664 effrena
1075 1634 1136 1666 pro
1152 1623 1275 1663 inferna
1297 1624 1377 1654 Vat.
1393 1633 1460 1654 sec.
1488 1628 1525 1654 et
1552 1628 1621 1654 tum
1639 1622 1766 1663 Stygiis

302 1663 485 1702 legendum
503 1669 623 1694 censet
638 1663 811 1703 Heinsius,
839 1666 892 1696 vel
911 1669 1036 1697 terrena
1059 1667 1212 1708 conjicit.
1236 1669 1332 1697 ruunt
1345 1666 1425 1697 vat.
1442 1668 1640 1706 quart.-—72
1662 1668 1765 1696 vestro

303 1705 371 1735 duo
385 1705 478 1735 Med.
509 1706 588 1736 calet
603 1706 685 1736 Var.
705 1707 771 1737 LL.
787 1717 804 1737 e
821 1717 926 1748 marg.
943 1709 1019 1740 latet
1033 1710 1114 1740 Vat.
1134 1719 1184 1750 pr.
1203 1710 1274 1740 Par.
1292 1709 1357 1740 duo
1375 1708 1468 1740 Med.
1485 1708 1601 1740 Ambr.
1618 1718 1669 1748 pr.
1681 1709 1763 1739 Vat.

302 1747 412 1778 Livin.
427 1751 497 1779 vet.
516 1748 599 1788 Gyr.
615 1749 668 1779 ed.
685 1749 800 1781 Parm.
818 1752 897 1781 calet
912 1752 967 1782 vel
982 1753 1058 1783 latet
1075 1753 1159 1783 Exc.
1177 1752 1255 1783 Pat.
1272 1761 1338 1783 rec.
1365 1755 1451 1782 sonet
1467 1752 1520 1782 vel
1534 1752 1614 1782 colet
1629 1750 1762 1783 Buslid.

301 1792 385 1821 —73
409 1791 541 1821 Deerat
557 1791 619 1821 hoc
634 1791 803 1822 distichon
819 1794 900 1824 Vat.
915 1803 983 1825 sec.
997 1795 1110 1834 gelidis
1132 1795 1206 1826 Pal.
1230 1794 1296 1825 duo
1312 1794 1407 1825 Med.
1423 1795 1547 1825 decidat
1563 1794 1677 1825 Oxon.
1693 1803 1762 1826 sec.

302 1832 401 1863 amnis
412 1833 504 1864 Med.
522 1838 632 1874 quart.
647 1844 746 1865 annus
762 1835 911 1867 Florent.
929 1838 1022 1868 Med.
1048 1840 1203 1870 sem—74
1217 1837 1297 1878 fluit
1311 1837 1404 1868 Med.
1421 1847 1475 1878 pr.
1501 1837 1567 1873 ruit
1582 1836 1649 1868 duo
1665 1836 1762 1868 Vatt.

303 1875 397 1906 Rott.
415 1875 520 1906 Oisel.
539 1877 688 1907 Floreut.
709 1877 801 1909 Med.
830 1888 899 1910 sec.
927 1879 991 1912 inc.
1019 1880 1139 1912 Heius.
1166 1881 1246 1911 Put.
1274 1880 1391 1911 Petav.
1420 1889 1470 1920 pr.
1495 1879 1624 1910 Bonon.
1643 1878 1762 1910 Ambr.

302 1921 381 1949 tert.
400 1918 526 1949 Moret.
545 1928 595 1958 pr.
615 1919 727 1952 Oxon.
753 1930 822 1952 sec.
850 1922 977 1953 Buslid.
995 1923 1081 1954 Cod.
1112 1923 1231 1963 Epigr.
1248 1922 1365 1954 Ambr.
1384 1923 1465 1954 Var.
1493 1923 1561 1953 LL.
1578 1922 1633 1953 ed.
1656 1921 1763 1953 Antv.

300 1960 374 1999 quid
387 1960 566 1998 manifestat
583 1962 716 1994 Buslid.
733 1973 793 1993 non
809 1963 993 2002 manifestus
1007 1966 1085 1997 Vat.
1104 1971 1185 1996 tert.
1203 1966 1439 1996 Florent.-75
1461 1965 1532 2006 pari
1548 1964 1665 1996 Ambr.
1683 1969 1762 1996 tert.

301 2002 386 2033 Exc.
403 2003 479 2034 Pat.
496 2013 563 2034 rec.
580 2014 668 2043 pares
685 2010 830 2045 quatuor
844 2007 942 2038 Vatt.
960 2007 1069 2040 Oisel.
1098 2009 1184 2040 Exc.
1211 2009 1355 2039 Lucens.
1371 2017 1422 2048 pr.
1442 2017 1552 2047 parens
1574 2007 1648 2038 Pal.
1666 2006 1763 2038 Rott.

302 2044 456 2076 Florent.
475 2052 543 2076 tres
561 2046 656 2077 Med.
682 2048 761 2079 Put.
777 2048 908 2081 Buslid.
936 2050 1019 2081 Cod.
1036 2051 1153 2092 Epigr.
1181 2050 1299 2082 Ambr.
1315 2051 1395 2081 Var.
1424 2050 1491 2081 LL.
1507 2050 1559 2081 ed.
1578 2049 1680 2080 Antv.
1698 2051 1764 2081 luce

300 2089 483 2127 reprendens
493 2089 730 2129 Buslid.11ng-ue
740 2091 821 2122 Vat.
835 2101 887 2131 pr.
900 2093 966 2123 luce
981 2094 1060 2125 Vat.
1076 2104 1144 2124 sec.
1159 2094 1237 2125 Put.
1248 2094 1332 2124 Var.
1347 2093 1416 2123 LL.
1434 2092 1490 2124 ed.
1503 2091 1607 2123 Antv.
1617 2093 1764 2132 rependes

300 2129 395 2161 Med.
412 2139 526 2170 quart.
543 2133 690 2172 repellens
706 2134 784 2165 Vat.
801 2138 971 2167 terh—76
993 2136 1141 2167 Arbitror
1158 2136 1239 2166 Vat.
1257 2140 1340 2167 tert.
1361 2136 1515 2167 Florent.
1531 2144 1595 2166 mos
1610 2135 1762 2166 Florent.

300 2175 383 2202 -77
409 2174 476 2204 Nec
491 2174 642 2206 Floreut.
661 2175 753 2207 Med.
770 2185 838 2207 sec.
854 2177 935 2208 Put.
953 2178 1080 2210 Moret.
1098 2188 1149 2220 pr.
1166 2178 1298 2209 Buslid.
1312 2178 1396 2210 Cod.
1409 2178 1528 2218 Epigr.
1544 2178 1658 2208 Ambr.
1675 2178 1759 2209 Exc.

300 2214 443 2246 Lucens.
460 2226 510 2255 pr.
527 2217 608 2248 Var.
625 2218 692 2248 LL.
711 2228 729 2249 e
746 2228 851 2259 marg.
870 2219 983 2251 Parm.
999 2226 1035 2252 et
1052 2221 1107 2252 ed.
1128 2222 1234 2252 Antv.
1259 2222 1387 2252 credant
1404 2220 1520 2251 Ambr.
1547 2224 1625 2250 tert.
1651 2221 1762 2250 cedunt

301 2257 431 2288 Buslid.
447 2259 504 2289 tihi
521 2269 581 2298 pro
598 2260 658 2290 sibi
673 2261 754 2292 Vat.
773 2271 842 2293 sec.
859 2263 980 2301 legibus
1003 2263 1081 2304 ipsis
1107 2265 1173 2295 inc.
1190 2263 1397 2294 Heins.-78
1419 2263 1568 2293 Alternus
1585 2261 1664 2294 Vat.
1681 2266 1761 2294 tert.

300 2299 395 2347 Rott3
412 2300 558 2332 Florent.
577 2303 670 2334 Med.
688 2313 755 2334 sec.
770 2304 868 2344 poscit
885 2309 1045 2346 utrumque
1059 2306 1182 2338 Sched.
1201 2306 1292 2337 Gud.
1307 2305 1409 2346 poscit
1424 2308 1552 2345 uterque
1567 2303 1687 2336 Ambr.
1706 2314 1759 2345 pr.

301 2342 430 2374 Busud.
444 2344 524 2374 Var.
542 2345 610 2376 LL.
626 2345 679 2378 ed.
695 2346 798 2378 Autv.
812 2348 1047 2389 posituramque
1061 2350 1138 2380 Vat.
1160 2358 1211 2390 pr.
1226 2351 1355 2389 uterque
1368 2348 1446 2379 Vnt.
1471 2352 1553 2379 tert.
1569 2347 1647 2379 Pal.
1663 2347 1761 2380 Rott.

956 2461 1096 2493 NOTAE

343 2542 386 2572 69
409 2540 588 2572 Morborum
601 2543 734 2584 requies]
757 2545 849 2576 Hinc
863 2546 1003 2587 Aponus,
1099 2547 1223 2578 Inemta
1237 2545 1335 2586 salus]
1357 2546 1447 2577 Fons
1464 2544 1520 2587 qui
1536 2545 1597 2577 dat
1612 2546 1760 2578 salntem

301 2589 411 2622 dictus
427 2591 523 2631 quasi
540 2590 663 2630 ἄπονος,
676 2593 742 2624 sine
755 2594 867 2625 labore.
1056 2596 1173 2638 gratis.
1767 2592 1769 2594 ,

343 2643 385 2671 70
408 2641 552 2672 Proesens
575 2644 703 2683 numen]
737 2643 835 2684 Aqua
860 2645 1004 2686 scilicet,
1097 2650 1140 2678 72
1164 2645 1370 2686 Phlegethon]
1393 2645 1516 2686 Supra.

300 2701 359 2722 seu
374 2690 504 2722 Genius
521 2690 638 2734 fontis,
660 2703 701 2724 eo
719 2693 792 2734 ipso
809 2695 842 2725 in
856 2695 942 2736 loco,
969 2697 1002 2728 in
1096 2699 1139 2728 79
1164 2697 1358 2737 Quocumque
1387 2695 1556 2737 emitteris]
1587 2696 1758 2729 Quacum·

298 2750 363 2782 quo
380 2740 514 2782 colitur,
536 2740 604 2774 fert
618 2742 782 2775 auxilium
805 2746 999 2785 praeseutis-
1055 2757 1122 2789 que
1139 2747 1268 2788 origine
1297 2746 1427 2779 fontem
1443 2747 1558 2780 emitti
1575 2748 1629 2780 vel
1650 2758 1758 2781 emer-

300 2791 430 2824 simum.
1055 2808 1132 2840 gere
1149 2798 1223 2841 quis
1239 2797 1379 2830 dixerit.
