1852 3182
444 226 506 256 DF.
539 225 686 255 NUPT.
717 224 902 254 HONOR.
939 224 996 253 ΕΤ

72 325 193 362 postea
218 321 451 353 confirmatum
480 318 592 349 inveni
617 318 647 347 in
675 318 773 358 prim.

69 372 182 402 Vatic.
201 371 389 407 Pricaeano,
406 374 440 400 et
456 368 699 408 Pomponianis
717 378 772 397 cx-

69 423 212 462 cerptis,
249 422 281 452 in
314 420 487 452 Oiseliano
515 427 659 459 quoque.
697 428 773 448 cuna

62 474 178 513 pruina
193 473 314 513 passim
328 471 416 512 apud
434 470 563 510 poetas.
576 469 676 510 paulo
694 474 772 499 ante

69 522 200 554 humano
212 523 332 562 generi,
351 531 415 552 non
430 530 549 560 gressu,
566 520 692 560 primus
706 521 770 550 Va-

70 573 172 604 tican.
196 574 294 603 Idem.

112 624 300 664 candentes]
337 622 459 653 Aerem
491 621 707 662 tranquillum
736 624 771 651 et

67 674 290 715 compositum
304 673 448 704 Veneris
459 673 530 704 sedi
547 673 680 709 tribuit,
694 682 769 713 quae

67 725 145 755 Dea
159 723 352 764 fingebatur
368 723 591 760 Serenitatis;
620 732 694 753 nam
713 723 769 753 bo-

64 783 118 804 nae
146 774 382 805 constitutioni
409 783 589 813 corporum
618 782 770 811 necessa-

68 825 118 855 ria
134 825 221 856 bona
238 825 326 856 ae‘ris
344 825 536 865 temperie&
562 825 676 855 Barth.

107 879 148 907 55
173 876 300 906 AEterni
315 875 510 914 indulgentia
525 875 619 915 rcris]
642 875 718 905 Hoc
737 884 770 904 e-

64 925 133 956 nim
161 935 301 966 regnum
325 925 485 964 Veneris;
518 935 582 967 quo
614 929 768 965 tempore

57 975 114 1015 jus
133 974 246 1006 dicere
262 985 314 1013 ea,
331 980 365 1006 et
382 975 566 1016 praesidere.
587 975 769 1015 voluptati-

68 1026 128 1057 bus
147 1036 244 1057 omne
264 1036 382 1066 genus,
400 1026 589 1057 dicebatur.
616 1027 713 1056 Idem.

106 1080 147 1107 56
173 1077 210 1107 In
223 1087 363 1117 eampum
382 1087 414 1108 se
430 1076 541 1113 fundit
557 1075 652 1116 apex]
677 1075 768 1106 Desi-

61 1126 110 1157 die
140 1135 224 1157 unus
256 1126 415 1158 Ambros.
444 1126 622 1166 eleganter
651 1125 767 1156 etiam.

63 1177 106 1208 D.
122 1176 236 1208 Heius.

106 1227 145 1258 In
160 1237 301 1268 campum
318 1236 349 1258 se
365 1226 478 1265 fundit
490 1225 586 1266 apex]
612 1225 688 1256 Hoc
705 1230 769 1266 est,

60 1277 95 1309 in
121 1287 199 1309 arce
230 1278 369 1316 montis,
401 1282 437 1308 et
465 1285 593 1307 summo
625 1276 768 1315 vertice,

61 1329 221 1369 planities
237 1328 439 1367 campestris
458 1327 590 1357 visitur.
616 1326 732 1358 Barth.

103 1381 144 1410 58
169 1378 341 1418 Mulciber]
367 1377 528 1408 Omnium
554 1386 694 1417 operum
722 1376 769 1406 in-

62 1429 251 1470 signiorum
289 1433 324 1460 et
362 1427 601 1459 duraturorum
638 1426 766 1468 opifex.

64 1480 160 1511 Idem.

104 1533 146 1561 60
173 1530 261 1561 Intus
285 1539 359 1560 rura
383 1528 513 1569 micant]
547 1529 674 1569 Scripti
699 1529 768 1570 qui-

61 1580 138 1612 dam
151 1584 257 1621 prata.
275 1580 364 1621 quod
387 1580 561 1620 amplexus
578 1579 768 1619 Raphelen-

62 1631 144 1670 gius.
174 1630 256 1661 mihi
286 1639 351 1661 non
382 1629 558 1669 probatur,
589 1628 668 1669 quia
695 1628 767 1669 jam

62 1685 301 1721 praecesserat.
316 1690 390 1711 rura
417 1684 487 1710 tres
513 1679 660 1709 melioris
674 1683 766 1709 notae

59 1731 232 1769 Vaticani,
249 1731 374 1771 aliique
393 1729 598 1770 complures,
615 1728 767 1759 disertim

61 1783 237 1815 exhibent.
269 1781 317 1812 D.
332 1780 446 1811 Heius.

104 1832 253 1863 Manibus
264 1841 331 1872 quoe
343 1830 466 1861 subdita
481 1828 590 1869 nullis]
605 1827 769 1869 Subacta‚

61 1889 98 1914 ut
113 1882 277 1923 Virgilius
295 1881 458 1921 loquitur,
474 1879 538 1910 hoc
561 1882 613 1910 est
627 1878 768 1919 domita,

61 1938 97 1964 ut
111 1933 200 1964 idem
215 1932 309 1963 alibi.
334 1931 451 1962 Barth.

102 1986 141 2014 61
179 1984 369 2023 Perpetuam
390 1979 524 2022 florent]
565 1978 685 2010 Omnis
712 1988 767 2019 ge-

60 2034 149 2064 neris
166 2032 336 2063 fructibus
361 2036 397 2062 et
422 2030 575 2068 floribus,
601 2029 690 2060 unde
709 2029 767 2060 foe-

61 2083 219 2114 cunditas
247 2091 364 2113 eornm
389 2086 425 2111 et
450 2081 608 2120 voluptas
624 2079 766 2110 aliorum

60 2133 253 2174 colligatur.
298 2130 442 2162 Veneris
469 2135 582 2160 autem
605 2130 716 2160 cultus
734 2129 767 2160 in

59 2184 186 2223 nuptiis
200 2191 335 2223 semper
349 2188 383 2212 et
400 2185 569 2221 perpetua
581 2179 767 2211 hilaritate.

101 2232 258 2274 Zephyro]
283 2233 452 2263 Favonius
469 2235 592 2262 ventus
609 2230 766 2262 veneris.

62 2283 176 2316 Barth.

101 2337 144 2366 62
177 2332 267 2372 Ales]
302 2332 430 2364 Cantus
455 2332 632 2362 volucrum
658 2330 768 2371 requi-

62 2390 182 2416 runtur
196 2383 238 2415 ad
250 2384 361 2415 locum
369 2382 496 2413 Veneri
508 2380 767 2412 conciliandum.

61 2436 159 2467 Idem.

102 2488 143 2517 65
173 2483 333 2524 Vicissim]
355 2483 490 2515 Mutuo.
517 2483 613 2513 Idem.

102 2538 144 2566 66
168 2535 262 2566 Felix
273 2535 378 2575 arbor]
400 2532 591 2574 Frugistera,
608 2531 767 2573 fecunda,

61 2586 169 2617 sterili
186 2585 384 2626 opponitur.
410 2585 508 2616 Idem.

103 2638 145 2666 68
170 2635 320 2666 Assibz'lat
346 2634 448 2674 aluus]
473 2634 646 2673 Amorem,
673 2638 708 2665 et
733 2643 766 2664 a·

61 2685 239 2716 matorium
255 2685 350 2725 quid,
368 2685 400 2715 in
427 2685 509 2725 ipsis
535 2685 638 2715 etiam
668 2684 764 2714 arbo-

61 2745 135 2767 rum
174 2741 277 2765 vento
315 2735 535 2775 impulsarum
573 2735 679 2767 sibilis
710 2745 766 2776 ag-

61 2789 208 2817 noscunt
222 2783 416 2816 Amatores.
440 2785 537 2816 Idem.

1031 226 1153 255 MAR.
1413 219 1521 259 1371

867 320 908 347 09
933 318 1058 348 Gemini
1076 318 1195 356 soum,
1217 319 1266 349 hic
1281 321 1388 358 dulcis,
1401 332 1523 352 aimarus

823 367 930 407 Alter]
956 367 1153 399 Amort'elle
1182 373 1217 400 et
1243 370 1340 400 melle
1367 377 1522 410 scatons;

824 419 964 457 pulchre
996 419 1057 448 lioc
1089 418 1251 459 figmento
1282 419 1521 451 introducitur.

824 470 952 507 (ir-mci,
968 470 1107 509 pulchre
1124 479 1188 499 nno
1201 474 1378 509 utrumque
1395 470 1523 508 epithe-

823 524 857 549 to
874 521 1051 559 complexi,
1062 519 1271 560 Ὑλυκύπικρον
1287 520 1471 560 adpellant.

866 570 994 608 Dulcis]
1018 571 1210 601 Duleedine
1226 570 1410 610 gratiosum
1424 569 1523 601 affec-

822 622 889 649 tum
915 624 950 650 et
965 621 1155 660 placentem
1181 621 1363 659 intelligrm,
1382 625 1418 651 ut
1431 620 1524 652 Grae-

821 669 868 700 cis
885 669 1002 708 ’γλυκὺς
1019 680 1080 710 pro
1097 676 1204 709 grato,
1220 675 1374 710 accepto.

863 719 1013 758 Amaras]
1047 719 1190 750 Amarus
1216 719 1321 749 Amor
1342 729 1418 750 cum
1445 719 1526 751 infe-

821 768 885 805 lix;
910 774 946 798 ut
964 769 1077 799 omnia
1094 769 1250 799 sensibus
1268 769 1391 800 nostris
1408 769 1526 801 adver-

819 819 938 856 santia,
954 819 1030 849 lmie
1047 819 1160 859 sapori
1177 829 1358 860 aequamus.
1390 820 1502 852 Barth.

862 871 903 898 70
929 870 1138 909 Corrumpunt
1155 870 1243 900 mella
1264 869 1402 909 venenis]
1442 871 1521 901 Non

819 921 1001 961 corrumpit,
1021 922 1140 961 scripti
1165 922 1342 952 meliores:
1368 922 1524 963 sequenti

820 981 918 1002 versu
948 982 1008 1012 pro
1049 973 1183 1003 armavit
1221 973 1319 1013 prim.
1365 974 1522 1004 Vatican.

821 1023 943 1063 aliique
961 1024 1124 1061 nonnulli,
1148 1024 1285 1054 armari.-
1308 1024 1391 1055 nihil
1416 1029 1520 1056 muta.

819 1073 875 1104 Sic
890 1081 938 1103 tv.
952 1073 1053 1105 Cons.
1068 1075 1157 1105 Hon.
1172 1077 1180 1092 ‘
1196 1075 1425 1115 Hesperidum
1437 1076 1524 1114 risit,

820 1132 903 1163 quas
920 1123 1008 1154 ditat
1033 1123 1299 1163 fabula‚silvas.'
1326 1125 1380 1155 ubi
1403 1134 1522 1165 perpe-

820 1183 890 1204 ram
906 1174 1004 1204 dictat
1027 1175 1156 1214 legunt.
1184 1174 1242 1206 lib.
1271 1183 1294 1205 1.
1317 1175 1349 1204 in
1378 1175 1522 1215 Eutrop.

819 1224 827 1240 ‘
847 1224 968 1255 Elevat
985 1225 1072 1256 hunc
1088 1225 1221 1264 plumis,
1233 1226 1319 1256 hunc
1337 1226 1457 1257 arbore
1475 1226 1522 1257 fa-

820 1273 898 1304 bula
914 1274 1040 1305 vestit!
1085 1274 1141 1305 Sic
1158 1280 1192 1305 et
1214 1281 1348 1315 argute,
1366 1276 1423 1307 lib.
1443 1285 1466 1307 ι.
1485 1277 1516 1307 in

818 1324 949 1355 Stilich.
965 1323 1150 1355 ‘fabricata
1168 1325 1302 1356 vatibus
1326 1326 1429 1357 arma’
1447 1326 1518 1357 dix-

820 1373 867 1404 it:
887 1374 986 1413 paulo
999 1379 1091 1414 ante,
1106 1383 1167 1414 pro
1183 1375 1227 1404 Et
1237 1375 1358 1414 platani
1371 1376 1520 1415 platanis,

819 1423 918 1464 prim.
949 1424 1104 1454 Vatican.
1136 1424 1258 1464 aliique
1288 1425 1451 1464 nonnulli,
1476 1425 1520 1455 Et

815 1474 942 1513 platano
975 1474 1139 1513 platanus:
1185 1473 1333 1513 quidam,
1376 1475 1521 1513 platanus

814 1524 962 1564 platanis.
1006 1525 1093 1555 Sunt
1121 1524 1223 1555 etiam
1254 1524 1288 1554 in
1315 1525 1449 1565 quibus,
1478 1526 1522 1556 Et

814 1576 958 1615 platanus
978 1576 1125 1615 platano:
1150 1580 1186 1606 ut
1214 1575 1325 1606 hiatus
1354 1576 1522 1617 relinqua·

820 1629 896 1655 tur:
923 1625 965 1656 de
984 1635 1049 1666 quo
1066 1624 1194 1656 dictum
1212 1626 1296 1656 libro
1312 1635 1366 1657 111.
1384 1626 1426 1656 de
1451 1627 1521 1658 lau-

819 1675 917 1706 dibus
935 1675 1130 1706 Stilichonis
1147 1685 1180 1706 v.
1199 1678 1272 1706 167.
1319 1676 1362 1707 D.
1381 1676 1493 1707 Heius.

861 1728 899 1755 71
931 1726 1019 1756 L'nde
1034 1726 1225 1766 cupidineas]
1261 1725 1350 1756 Nam
1364 1735 1469 1764 amor,
1485 1731 1521 1758 et

818 1775 918 1806 melle
943 1780 979 1806 et
994 1774 1075 1806 felle
1098 1774 1285 1814 faecundus,
1311 1774 1520 1816 γλυκύπικρον

819 1825 981 1866 quiddam
1009 1825 1135 1857 dicitur
1156 1825 1344 1856 hominibus
1368 1825 1523 1858 infunde-

819 1885 867 1906 re.
914 1875 1033 1906 Delrio.

865 1925 1053 1965 Cupidineas
1075 1925 1222 1965 sagittas]
1254 1925 1390 1956 Amoris
1422 1925 1520 1958 Idolo

821 1973 1028 2014 affingebant
1053 1975 1122 2005 tela
1139 1975 1220 2006 felle
1237 1980 1272 2006 et
1294 1976 1392 2006 melle
1410 1977 1521 2008 tincta

819 2029 964 2063 vetereS‚
979 2024 1163 2055 indicaturi
1179 2035 1279 2066 quam
1296 2025 1446 2057 adversis
1462 2036 1521 2067 pe-

818 2075 907 2105 nitus
923 2075 1131 2106 cruciatibus
1145 2075 1211 2105 sint
1232 2075 1449 2115 subjiciendi,
1463 2076 1522 2117 qui

818 2135 952 2156 manum
983 2126 1142 2157 dederint
1180 2126 1283 2156 semel
1321 2131 1520 2158 monstrosae

817 2177 866 2207 illi
883 2176 1077 2217 cupiditati.
1124 2177 1238 2207 Barth.

861 2229 902 2257 72
927 2225 1164 2265 Millefratres]
1210 2225 1289 2256 Non
1306 2225 1396 2256 enim
1413 2224 1519 2256 Amor

818 2277 915 2308 unius
930 2277 1015 2308 ldoli
1028 2283 1080 2308 est
1098 2286 1232 2315 nomen,
1247 2276 1306 2307 sed
1323 2276 1517 2307 innumeros

817 2329 902 2364 tales
919 2337 1042 2368 pueros
1058 2326 1233 2368 fingebant
1248 2326 1361 2357 miseri
1376 2326 1518 2358 Idolola-

818 2382 891 2408 trae.
939 2377 1035 2407 Idem.

860 2430 900 2458 73
927 2428 990 2457 Ore
1012 2436 1113 2466 pares,
1135 2436 1199 2457 oero
1219 2425 1348 2466 similes]
1394 2424 1518 2456 Habitu

815 2477 932 2508 similes
953 2476 1049 2517 prim.
1065 2476 1178 2507 Vatic.
1197 2475 1343 2506 Puteau.
1360 2474 1465 2506 Oisel.
1482 2479 1517 2505 et

817 2537 900 2558 unus
909 2527 1102 2558 Pulmanni.
1114 2530 1245 2566 septem
1260 2526 1316 2556 alii
1328 2535 1368 2556 ex
1382 2525 1517 2562 nostris,

815 2578 929 2608 similes
943 2576 1064 2607 habitu.
1082 2585 1130 2608 v1.
1147 2577 1246 2608 Cons.
1264 2576 1392 2606 Honor.
1416 2576 1423 2591 ‘
1440 2574 1515 2604 Hoc

816 2630 912 2660 Deus
926 2627 1092 2668 effulgens
1109 2626 1249 2658 habitus
1295 2625 1451 2656 Bartliius
1469 2628 1516 2653 ta-

815 2689 892 2710 men
927 2679 1100 2718 vulgatam
1132 2677 1334 2716 scripturam
1364 2671 1515 2713 praefert.

815 2731 860 2762 D.
881 2730 994 2760 Heius.

859 2780 945 2811 Gens
963 2778 1062 2809 mollis
1077 2774 1240 2814 Amorum]
1279 2772 1394 2804 Veluti
1419 2772 1514 2804 natio
