1852 3182
360 218 534 251 PANEG.
568 218 618 248 {N
653 218 792 248 PROB.
823 218 881 248 ET
914 220 1059 249 OLYB·
1092 221 1231 250 CONS.

101 315 183 345 Acta
209 313 303 344 Probi
328 321 455 343 narrare
480 310 603 351 queam]
638 310 759 341 Nume-

58 375 130 396 rare
149 365 256 396 Delrii
273 363 392 401 codex,
421 366 529 392 111111.
558 362 658 392 Cons.
689 362 760 392 Ho-

62 424 134 446 nor.
187 415 196 430 ¹
214 415 318 445 Facta
359 412 407 442 tui
447 411 646 442 numerabat
684 412 762 443 avi!

62 465 144 495 Mox
162 466 242 495 lento
256 466 324 494 coeo
341 471 406 492 non
423 461 513 500 longo
537 461 626 492 idem
649 462 760 493 Deli-ii

61 515 170 546 codex
186 519 219 545 et
236 523 319 544 unus
338 513 538 544 Ριι1111311111;
565 513 694 544 Statius
711 518 761 543 ta-

60 575 137 596 men
149 565 250 596 Theb.
267 573 292 594 1.
315 566 323 580 ‘
343 564 443 604 longo
457 564 624 595 consumit
638 563 762 604 gaudia

59 616 163 647 voto!
185 616 229 647 D.
246 615 360 646 Heins.

100 669 142 697 58
164 667 215 698 Aa
237 666 346 696 suntmi
362 665 610 705 fastigiajur·is]
635 666 761 697 Consu-

59 717 164 746 latum
187 715 279 747 dicit.
325 717 434 749 Quem
452 716 531 747 alibi
548 722 683 757 portum
704 716 762 747 110-

58 774 174 797 norum
191 766 338 797 omnium
357 772 467 798 vocat.

99 819 141 847 59
164 816 270 846 Italioe
296 817 357 847 late
380 827 448 847 cum
463 816 571 854 frena,
593 816 662 857 ὅπᾳ]
684 817 762 849 Jam

57 867 206 907 loquitur
222 867 264 898 de
284 866 500 899 Praet'ectura
519 868 692 906 Pra‘torii‚
707 868 763 899 lio-

57 926 138 948 nore
156 923 226 948 tum
244 928 279 949 re
307 919 381 959 ipsa
399 919 669 959 Imperatoribus
687 929 762 960 pro-

57 966 160 998 ximo.
184 967 288 997 Italia
305 974 499 999 autemnon
517 969 655 999 suberat
669 969 763 999 Prae-

58 1015 151 1047 fecto
178 1016 218 1048 P.
246 1017 390 1057 Illyrici,
418 1029 484 1059 quo
512 1020 645 1049 nomine
676 1019 763 1049 bona

58 1076 136 1106 pars
154 1073 222 1098 tum
238 1068 378 1098 Romani
394 1069 532 1108 Imperii
550 1069 763 1100 censebatur.

99 1119 141 1147 60
167 1117 250 1151 Quos
264 1121 335 1148 arat
354 1118 481 1158 Africa]
505 1118 670 1149 Fertilem
689 1127 763 1158 par-

57 1169 126 1196 tem
143 1175 204 1206 pro
222 1166 375 1196 universa
391 1167 541 1197 Romana
557 1166 733 1208 intelligit.

98 1218 138 1246 61
165 1216 245 1246 Nati
274 1217 376 1247 vicere
404 1217 540 1257 patrem]
587 1217 763 1258 Optabilis

57 1270 223 1308 grataque
240 1268 443 1307 parentibus
459 1269 611 1300 victoria.

100 1316 225 1358 Solique
251 1319 424 1359 merentur]
460 1319 535 1350 Nec
563 1321 647 1351 alius
674 1322 763 1352 euim

58 1377 100 1399 ea
116 1372 322 1409 tempestate
338 1370 567 1402 Patriciorum
581 1372 764 1403 honoribus

58 1418 212 1459 pluribus
230 1419 291 1450 boc
308 1420 381 1451 viro
398 1419 547 1451 functus.
573 1421 689 1452 Barth.

101 1471 143 1499 62
169 1470 239 1500 Non
252 1471 385 1509 contigit
397 1470 459 1510 illi]
485 1472 577 1501 Nunc
588 1472 765 1503 Medicens

59 1522 95 1549 et
111 1519 302 1551 Palatinus.
349 1521 452 1560 Puto,
472 1532 552 1552 anm.
580 1522 624 1552 D.
644 1522 765 1552 Heius.

105 1569 175 1600 Non
199 1571 331 1609 contigit
354 1572 413 1609 illi,
439 1571 509 1611 ξω]
546 1572 624 1603 Non
647 1572 766 1604 habuit

58 1618 200 1651 fratrem
218 1620 364 1661 Probus,
382 1623 438 1663 qui
457 1623 582 1653 virenti
600 1633 672 1654 aevo
689 1633 765 1654 cum

59 1679 99 1702 eo
117 1676 254 1711 gereret
271 1672 504 1712 Consulatum,
530 1682 629 1713 quam
646 1673 767 1704 libero-

59 1729 132 1752 rum
159 1720 363 1753 felicitatem
389 1723 486 1762 vidit,
507 1732 615 1764 eaque
641 1722 766 1754 fruitus

61 1777 125 1803 est.
148 1773 266 1804 Barth.

102 1824 143 1853 63
179 1823 291 1854 Prima
328 1823 403 1863 (ει-ι’]
449 1824 605 1855 Primum
647 1834 769 1865 aevum,

61 1873 171 1913 prima
185 1873 429 1905 adolescentia.

103 1926 144 1955 65
169 1924 243 1954 Non
265 1926 362 1955 anxia
388 1927 531 1965 mentem,
556 1925 625 1965 geon]
658 1925 770 1956 Pusil-

60 1974 259 2006 lanimitatis
283 1975 396 2007 index.
443 1976 521 2007 Non
551 1977 638 2007 votis
665 1976 771 2008 1113111-

61 2023 126 2054 bus
141 2024 286 2064 perdere
313 2030 482 2056 momenta
504 2035 629 2066 rerum,
658 2036 769 2067 neque

62 2074 306 2114 aggrediundis
320 2076 477 2106 cunctari
493 2080 655 2107 autumat.
686 2078 772 2116 Spes

63 2124 152 2155 enim
181 2125 271 2155 inter
299 2135 445 2156 summos
469 2127 571 2157 animi
598 2132 772 2167 tyrannos.

63 2175 156 2207 Hinc
170 2177 248 2208 Joh.
259 2177 515 2209 Saresburiens.
529 2178 571 2208 de
587 2179 696 2215 Nugis
709 2179 773 2209 Cu-

61 2225 195 2256 rialium
211 2237 218 2256 z
237 2234 244 2242 ·
260 2226 386 2257 Omnia
400 2232 493 2259 tutus
507 2229 697 2270 agit‚quem
710 2238 772 2260 nec

63 2284 140 2316 spes
157 2285 220 2307 nec
235 2278 335 2308 timor
348 2278 467 2318 angit!
491 2279 606 2311 Barth.

102 2328 145 2357 66
167 2326 275 2366 Longo
300 2329 415 2366 tendit,
440 2330 510 2369 850]
542 2330 587 2360 Et
613 2334 651 2360 ut
675 2334 770 2361 recte

61 2375 216 2417 Papiuus
244 2378 314 2409 ait:
350 2381 357 2394 ‘
375 2379 460 2419 Spes
489 2381 592 2411 anxia
621 2386 770 2412 mentem

64 2424 237 2466 Extrahit,
265 2433 300 2459 et
325 2429 426 2470 longo
452 2431 623 2462 consumit
647 2431 772 2472 gaudia

65 2476 170 2508 voto.'
195 2478 294 2509 Delr.
311 2480 403 2510 lento.

107 2530 148 2560 6¹7
173 2529 331 2569 coepistis,
347 2540 418 2570 qua,
434 2530 505 2571 ξω]
530 2532 608 2564 Qua
632 2532 688 2563 alii
714 2532 771 2564 de-

65 2577 236 2618 stiterant,
255 2580 379 2620 iuquit,
395 2592 453 2613 vos
470 2582 703 2623 incipiebatis.

109 2631 152 2660 68
175 2629 336 2671 Quofinis
350 2633 432 2673 erat]
468 2633 538 2667 Qua
564 2634 699 2664 omnino
725 2634 771 2665 le-

69 2678 228 2719 gendum:
242 2685 278 2712 et
293 2682 340 2712 sic
355 2683 526 2715 Barthius.
552 2684 597 2715 D.
614 2684 727 2715 Heins-

111 2731 154 2760 69
176 2729 420 2773 Flosjucenilis]
456 2734 573 2765 Prima
598 2735 714 2766 barbae
739 2745 773 2766 e-

67 2778 203 2822 mpti03
228 2790 302 2822 quae
319 2791 396 2815 cum
417 2783 462 2816 sit
486 2784 633 2827 tenuior,
656 2785 774 2818 obum-

1404 214 1517 256 1219

813 311 910 342 brare
926 321 1030 352 genas
1045 313 1131 343 scite
1149 313 1298 353 dicitur;
1323 314 1370 345 ita
1386 321 1422 347 ut
1440 318 1515 358 quis

814 361 972 392 dubitare
1001 363 1119 402 possit,
1144 367 1256 394 utrum
1287 374 1368 395 vera
1395 366 1517 408 lanugo

813 413 867 451 sit,
882 421 923 442 an
941 413 1059 443 umbra
1079 413 1232 453 quandam
1250 414 1336 453 ejus.

855 467 896 494 70
930 463 1094 503 Lanugine
1122 464 1248 504 vestiat]
1285 466 1294 481 ‘
1313 465 1410 495 'l'uuc
1441 465 1521 496 milii

814 515 922 554 prima
941 525 1043 554 genas
1062 515 1209 546 vestibat
1232 513 1316 545 flore
1336 515 1522 555 juventas:

815 565 954 596 Festus:
992 567 1000 582 ‘
1023 567 1205 606 Vesticeps
1233 575 1330 606 puer,
1369 565 1425 606 qui
1448 565 1522 605 jam

814 615 957 645 vestitus
973 619 1025 645 est
1042 616 1240 655 pubertate.
1280 615 1427 646 Investis
1446 624 1524 646 cou-

813 664 889 695 tra!

856 717 897 746 73
922 715 1097 746 Fulmineis
1124 716 1293 756 impellens,
1317 714 1387 755 ἐξα]
1412 716 1522 755 Euge-

815 767 906 796 nium
934 767 1029 805 dicit,
1057 777 1155 808 quem
1184 776 1362 807 perperam
1390 766 1522 797 Cassio-

815 816 918 847 dorus
943 817 1049 847 tradit
1076 817 1126 847 liis
1150 817 1353 848 Consulibus
1379 816 1525 848 debella-

817 873 899 898 tum.
948 868 1031 899 Cum
1049 868 1236 900 Claudiano
1255 872 1350 898 recte
1376 867 1523 907 ldatins,

816 919 993 949 victoriam
1021 929 1094 949 83111
1121 920 1153 949 111
1181 928 1304 949 3111111111
1323 919 1523 950 xv1.T11eo-

816 969 901 999 dosii
918 969 1102 1007 collocans,
1127 970 1184 1009 qui
1202 978 1297 1000 xvir.
1315 968 1455 1010 Imperii
1471 967 1524 999 sui

815 1020 866 1050 his
880 1020 998 1050 iisdem
1013 1020 1214 1051 Consulibus
1227 1020 1386 1051 excessit.
1404 1020 1523 1050 Barth.

816 1070 1006 1111 Postquam
1024 1080 1106 1110 ergo
1122 1070 1345 1108 Theodosius,
1369 1069 1525 1109 tyrannis

816 1120 972 1159 devictis,
985 1120 1090 1160 Alpes
1105 1120 1213 1152 Julias
1228 1118 1406 1159 patefecit.
1432 1119 1524 1150 Delr.

858 1174 898 1202 74
921 1170 1099 1210 Augustus]
1122 1170 1341 1201 Theodosius.

858 1224 898 1252 75
925 1222 1049 1261 Dignus
1083 1222 1252 1261 persolvere
1280 1219 1403 1260 grates]
1439 1219 1524 1249 Tum

817 1271 979 1312 temporis
1005 1270 1094 1302 enim
1119 1281 1178 1311 pro
1204 1271 1344 1311 praemio
1361 1270 1404 1300 ob
1418 1269 1525 1300 maxi-

816 1331 886 1352 mas
898 1330 950 1352 res
961 1326 1073 1361 gestas
1083 1321 1285 1353 Consulatus
1301 1319 1526 1351 tribuebatur.

816 1371 934 1402 Barth.

860 1423 902 1452 76
926 1421 991 1451 Pro
1007 1421 1106 1461 natis]
1132 1421 1248 1452 Gnatis
1264 1429 1350 1451 unus
1365 1420 1524 1452 Pulman·

818 1471 861 1501 ni.
887 1471 934 1501 D.
953 1470 1067 1501 Heius.

861 1522 1029 1552 Dominum
1038 1520 1182 1562 flexura]
1207 1521 1372 1552 Consules
1388 1521 1476 1552 8111111
1492 1521 1527 1552 111

819 1582 942 1603 3111111111
966 1572 1073 1603 futuri
1101 1572 1367 1611 designabantur
1393 1572 1435 1603 ab
1462 1572 1528 1602 Im-

819 1622 1047 1662 peratoribus,
1071 1622 1173 1651 missa
1199 1622 1320 1652 trabea
1338 1622 1530 1656 Consulari.

817 1672 1018 1712 Exemplum
1045 1671 1148 1701 habes
1178 1670 1212 1701 111
1237 1671 1432 1702 Gratiarum
1461 1671 1529 1703 Ac·

818 1722 911 1752 tione
929 1721 1072 1751 Ausonii
1091 1721 1133 1751 ad
1152 1721 1370 1753 Gratianum.
1409 1722 1527 1754 Barth.

860 1773 901 1802 77
926 1771 1051 1802 Famult
1075 1780 1214 1810 currum,
1239 1770 1309 1810 Sym]
1345 1772 1398 1802 De
1426 1782 1527 1803 curru

818 1821 944 1852 Martis
971 1821 1126 1860 famulos,
1147 1821 1222 1862 ejus
1251 1821 1372 1861 soboli,
1399 1823 1532 1862 Romae,

819 1871 986 1912 adjungit.
1013 1871 1102 1903 Vide
1116 1871 1241 1913 Papin.
1259 1871 1317 1904 lib.
1334 1880 1404 1903 vu.
1420 1873 1528 1904 Theb.

820 1922 919 1954 Idem.

864 1977 905 2004 79
945 1975 1079 2005 Romam
1112 1973 1314 2014 comitantur]
1358 1973 1530 2005 Dominam

821 2024 1037 2056 Gronovius:
1070 2029 1108 2055 ut
1125 2025 1272 2055 alterum
1289 2033 1331 2055 ex
1351 2025 1463 2065 glossa
1486 2025 1530 2057 sit

821 2084 1016 2114 procusum.
1040 2075 1084 2106 D.
1102 2074 1213 2107 Heius.

865 2127 907 2155 80
933 2126 1066 2166 Cuspide
1094 2126 1213 2166 turbet]
1262 2126 1379 2157 Innnit
1396 2125 1532 2157 alludit-

822 2185 888 2216 que
904 2176 1072 2216 picturam
1089 2176 1193 2216 urbis,
1210 2186 1284 2218 quae
1303 2177 1437 2208 hastata
1453 2185 1531 2217 pro-

823 2226 972 2257 ducitur.
999 2226 1114 2257 Barth.

866 2278 905 2306 81
931 2275 1084 2315 Subjuga
1098 2275 1208 2314 ferrea
1224 2278 1335 2318 nectit]
1369 2276 1533 2318 Isingrini

822 2327 912 2358 liber
938 2328 1060 2358 mittit.-
1095 2327 1185 2368 quod
1214 2328 1467 2368 Raphelengius
1496 2330 1533 2359 et

823 2377 1001 2417 Claverius
1027 2378 1147 2409 secuti.
1203 2378 1388 2419 Vulgatam
1416 2377 1531 2408 lectio-

822 2437 898 2458 nem
912 2438 977 2459 non
992 2434 1121 2460 temere
1136 2429 1291 2460 damnem
1308 2439 1315 2460 :
1330 2429 1386 2460 Sic
1402 2431 1410 2447 ‘
1427 2437 1530 2460 nexos

821 2479 862 2509 ad
876 2480 962 2519 juga
989 2480 1087 2511 tarda
1112 2479 1240 2519 boves,'
1268 2479 1420 2511 Avienus
1443 2478 1531 2510 dixit

822 2529 895 2561 fab.
911 2533 976 2572 32„
992 2536 1027 2562 et
1043 2530 1113 2562 fab.
1129 2534 1180 2562 28.
1204 2534 1212 2548 ‘
1231 2530 1400 2562 cervicem
1419 2530 1531 2560 innec-

823 2585 896 2611 tere
909 2581 1052 2613 aratro:’
1076 2585 1195 2612 noster
1213 2581 1323 2621 Nupt.
1341 2579 1527 2611 Celerinae:

822 2633 831 2649 ‘
850 2632 970 2663 Mollia
997 2642 1186 2673 purpureas
1224 2632 1413 2662 adnectunt
1431 2628 1527 2658 frena

823 2683 1022 2715 columbas?
1051 2683 1204 2723 subjuga
1218 2682 1315 2714 vertit
1339 2680 1402 2721 pri.
1414 2677 1528 2709 Vatic.

822 2735 866 2766 D.
884 2735 998 2766 Heius.

865 2788 906 2818 83
933 2786 1012 2822 Quoe
1023 2784 1158 2827 possidet
1173 2783 1290 2814 athera
1305 2779 1426 2821 regnis]
1457 2779 1528 2816 Qua
