1851 3213
280 211 394 253 1100
713 223 787 254 οι..
814 223 1099 255 CLAUDIANI
1135 223 1299 254 xnvrr.

281 316 401 357 Nam
422 330 522 358 cum
540 318 672 360 tristis
689 319 842 373 hyems
863 319 976 360 alias
997 320 1253 373 produxerit
1273 320 1428 369 undas,

279 384 408 425 Tunc
431 384 584 425 Nilum
602 386 784 426 retinent
806 387 928 439 ripae.
991 386 1102 427 Cum
1122 387 1327 439 languida
1347 389 1525 428 cessant

282 451 500 502 Flumina,
524 456 621 493 tunc
640 453 773 493 Nilus
795 458 962 494 mutato
976 455 1073 507 jure
1096 455 1311 495 tumescit.

282 517 464 573 Quippe
487 521 605 573 quod
627 533 683 560 ex
705 520 821 560 omni
842 520 978 561 fluvio
1000 521 1257 574 spoliaverit
1278 524 1426 572 aestas,

282 585 386 627 Hoc
408 587 514 627 Nilo
536 586 709 628 Natura
729 586 870 638 refert,
891 591 1117 641 totumque
1139 601 1220 641 per
1241 589 1393 629 orbem

282 651 490 694 Collectae
512 658 655 707 partes
676 667 808 695 unum
830 659 1087 696 revocantur
1106 656 1151 695 in
1173 668 1358 696 amnem.

283 719 486 774 Cumque
507 722 577 762 die
598 722 759 762 Titana
775 721 909 762 Canis
931 723 1184 774 flagrantior
1206 726 1362 771 armat,

283 788 340 831 Et
359 790 473 843 rapit
492 789 696 829 humores
718 789 944 837 madidos,
965 802 1196 841 venasque
1218 789 1367 829 calore

1688 521 1745 562 30

283 915 322 947 ba
337 916 460 947 auxerit
478 927 572 957 aquas
588 917 678 954 alias,
700 920 766 948 tum
783 917 890 948 littora
906 927 964 949 sua
976 918 1116 949 cohibent
1134 917 1266 949 Nilum:
1289 928 1359 949 cum
1372 921 1488 950 autem
1502 917 1601 959 fluvii
1617 917 1750 949 minores

282 967 392 998 prope
422 960 577 999 desinunt,
608 962 681 990 tunc
701 960 733 990 N
737 961 806 998 ilas,
841 961 948 991 ordine
977 971 1091 992 rerum
1110 971 1266 998 converso,
1293 962 1457 1001 turgescit.
1507 961 1608 996 Quasi
1633 963 1749 992 natura

283 1002 394 1031 reddat
419 1002 474 1032 hoc
493 1002 581 1040 Nilo,
593 1004 673 1042 quod
685 1006 777 1033 oestas
794 1004 970 1034 detraxerit
983 1014 1023 1035 ex
1030 1004 1220 1045 fluminibus
1244 1005 1385 1042 cunctis;
1408 1008 1439 1035 et
1452 1007 1561 1044 partes
1585 1012 1750 1043 aquarum

283 1048 480 1083 congregatoe
493 1055 551 1084 per
572 1049 670 1076 totum
689 1047 836 1076 mundum
852 1047 1029 1083 referantur
1044 1049 1083 1078 ud
1096 1047 1234 1088 fluvium
1249 1057 1354 1078 unum.
1402 1048 1447 1078 Et
1459 1057 1516 1087 quo
1531 1046 1581 1077 die
1600 1046 1752 1077 Canicula

284 1087 443 1117 ardentior
459 1088 631 1128 inflammat
649 1088 761 1128 Solem,
785 1092 814 1119 et
835 1089 937 1120 sorbet
949 1100 1044 1131 aquas
1059 1091 1228 1129 madentes,
1253 1094 1282 1121 et
1305 1091 1423 1122 coe'rcet
1445 1095 1616 1122 terrarum
1633 1091 1755 1120 meatus

899 1177 1132 1188 eeeeeeeeeeee

285 1225 401 1257 Oxou.
415 1236 481 1258 sec.
505 1227 706 1265 circumfusos
716 1227 800 1258 Cod.
812 1228 929 1269 Epigr.
947 1226 1068 1258 Ambr.
1098 1228 1309 1266 circumfusus
1321 1229 1397 1260 Pal.
1412 1227 1510 1259 Med.
1532 1237 1581 1267 pr.
1595 1230 1631 1258 et
1644 1229 1755 1267 quart·

284 1268 417 1300 Buslid.
436 1271 655 1309 circumfusos.
669 1270 816 1301 ..imbres
831 1271 925 1301 Med.
940 1280 1008 1301 sec.
1041 1271 1146 1302 umbre
1160 1272 1244 1303 Cod.
1263 1272 1381 1311 Epigr.
1405 1270 1525 1302 Ambr.
1553 1269 1677 1310 populis
1692 1279 1755 1310 pro

284 1312 416 1351 scopulis
453 1312 528 1343 Pal.
564 1314 690 1344 Moret.
727 1316 865 1352 pr.—27
902 1314 982 1343 altas
1000 1313 1095 1343 Med.
1124 1319 1236 1354 quart.
1278 1314 1406 1345 Buslid.
1448 1314 1533 1343 Exc.
1576 1313 1654 1343 Pat.
1684 1321 1754 1344 rec.

282 1355 468 1393 produxerit
482 1356 562 1385 Vat.
577 1356 687 1386 Livin.
714 1355 845 1386 Buslid.
885 1357 965 1386 altas
989 1357 1174 1395 produxerit
1191 1356 1314 1387 umbras
1330 1357 1416 1386 Exc.
1435 1356 1581 1386 Luccns.
1599 1364 1650 1394 pr.
1683 1365 1755 1395 pro-

286 1398 379 1427 duxit
395 1397 427 1426 in
446 1398 544 1427 undas
561 1396 639 1429 Ald.
657 1399 739 1427 Var.
761 1399 829 1428 LL.
854 1408 872 1428 e
899 1407 1004 1436 marg.
1034 1399 1147 1429 Parm.
1183 1399 1334 1438 produxit
1360 1400 1393 1428 in
1421 1397 1545 1428 umbras
1574 1397 1656 1427 Vat.
1684 1406 1756 1429 sec.

287 1437 397 1469 Oisel.
429 1439 524 1469 Med.
557 1450 624 1471 see.
658 1441 780 1471 Petav.
808 1449 877 1470 sec.
905 1440 989 1471 Cod.
1024 1440 1141 1480 Epigr.
1169 1441 1289 1472 Ambr.
1334 1442 1434 1471 undas
1463 1440 1515 1471 vel
1532 1449 1635 1471 amnes
1647 1439 1756 1472 Oisel.

285 1483 372 1511 —28
394 1481 532 1512 retinens
547 1483 678 1514 Buslid.
722 1483 873 1523 Nympha„²
896 1493 956 1523 pro
986 1483 1064 1523 ripoe
1095 1484 1177 1515 Exc.
1203 1484 1282 1514 Pat.
1300 1493 1369 1515 rec.
1388 1493 1430 1514 m.
1447 1485 1586 1523 pr.-——29
1610 1482 1757 1514 Fulmina

287 1523 368 1554 Ald.
406 1535 474 1555 eum
491 1525 641 1557 Florent.
679 1529 745 1556 tum
761 1526 840 1556 Vat.
858 1530 968 1566 quart.
1004 1529 1123 1556 mutato
1147 1536 1218 1557 rure
1244 1527 1330 1557 Exc.
1347 1527 1491 1557 Lucens.
1509 1535 1560 1565 pr.
1599 1525 1661 1556 rite
1675 1526 1756 1557 Vat.

287 1576 356 1597 sec.
376 1566 485 1598 oisel.
502 1568 597 1599 Med.
625 1578 690 1599 sec.
707 1569 788 1598 Put.
814 1569 936 1599 Petav.
960 1578 1027 1599 sec.
1058 1569 1141 1599 Var.
1160 1569 1228 1600 LL.
1259 1568 1312 1600 ed.
1338 1568 1442 1599 Antv.
1476 1578 1558 1599 more
1582 1567 1756 1598 Buslid.—

287 1612 329 1640 30
341 1610 459 1650 fluvios
476 1611 572 1641 Med.
587 1620 656 1641 sec.
691 1611 873 1650 spoliat-erat
905 1611 1002 1641 Rott.
1031 1611 1126 1641 Med.
1153 1621 1220 1642 sec.
1257 1614 1351 1642 cestus
1370 1612 1449 1642 Vat.
1467 1621 1518 1651 pr.
1532 1616 1566 1641 et
1583 1615 1662 1641 tert.
1681 1610 1757 1642 Pal.

287 1652 366 1683 Vat.
379 1652 490 1684 Livin.
527 1657 620 1683 aestas
634 1653 728 1684 Med.
744 1663 810 1683 sec.
827 1654 895 1683 inc.
912 1653 1032 1684 Heins.
1056 1653 1138 1685 Put.
1155 1654 1221 1684 duo
1246 1654 1367 1685 Petav.
1385 1654 1519 1685 Bonon.
1538 1653 1656 1684 Ambr.
1676 1658 1756 1685 tert.

287 1694 415 1725 Moret.
434 1705 484 1734 pr.
515 1695 629 1726 Oxon.
653 1705 721 1726 sec.
737 1695 865 1726 Buslid.
884 1695 967 1726 Cod.
984 1696 1103 1736 Epigr.
1131 1695 1250 1727 Ambr.
1266 1698 1349 1728 Exc.
1366 1697 1447 1728 Pat.
1465 1706 1532 1727 rec.
1550 1707 1593 1727 m.
1609 1705 1678 1727 sec.
1692 1696 1758 1727 Lu-

288 1746 378 1768 cens.
396 1747 447 1777 pr.
465 1737 542 1769 Ald.
559 1739 640 1768 Var.
657 1738 726 1769 LL.
743 1738 797 1769 ed.
814 1738 1007 1769 Antv.-31
1032 1739 1113 1770 Hoec
1140 1739 1205 1770 duo
1234 1739 1356 1771 Petav.
1396 1740 1465 1770 Non
1481 1738 1577 1770 Med.
1595 1749 1665 1770 sec.
1700 1748 1756 1770 na-

287 1782 360 1810 tura
375 1780 471 1818 refert
490 1781 566 1811 Nilo
591 1781 696 1813 Oisel.
715 1781 808 1812 Med.
836 1784 991 1812 sea—32
1015 1781 1095 1812 vires
1112 1792 1172 1822 pro
1187 1785 1293 1822 parles
1312 1782 1426 1813 Ambr.
1444 1792 1495 1822 pr.
1533 1781 1615 1813 vices
1629 1781 1755 1813 Sched.

289 1821 378 1853 Gud.
413 1824 505 1853 undoe
519 1833 581 1863 pro
595 1834 687 1854 unum
716 1824 781 1854 inc.
799 1823 918 1855 Heius.
954 1834 1063 1863 agmen
1081 1834 1141 1864 pro
1157 1836 1274 1856 amnem
1290 1826 1363 1856 Pal.
1381 1825 1447 1856 duo
1465 1824 1646 1858 Med.—33
1673 1825 1758 1860 Quo-

289 1874 346 1905 que
360 1865 411 1896 die
425 1867 505 1897 Vat.
523 1876 592 1897 see.
608 1866 704 1898 Med.
732 1876 800 1898 sec.
819 1867 948 1898 Buslid.
967 1866 1045 1899 Ald.
1072 1868 1151 1898 Var.
1181 1868 1248 1899 LL.
1277 1878 1294 1898 e
1320 1877 1426 1908 marg.
1449 1868 1564 1898 Parm.
1591 1868 1696 1898 Gesn.
1721 1871 1758 1898 et

290 1907 345 1938 ed.
361 1908 503 1949 Bipont.
542 1910 679 1950 Cumque
708 1910 787 1939 Vat.
818 1919 871 1949 pr.
903 1914 940 1940 et
965 1914 1045 1940 tert.
1070 1910 1145 1941 Pal.
1169 1911 1265 1941 Rott.
1294 1911 1446 1941 Florent.
1472 1910 1538 1941 duo
1555 1910 1652 1940 Med.
1669 1910 1757 1942 Exc.

289 1949 368 1982 Pat.
395 1961 464 1982 rec.
495 1962 538 1983 m.
569 1961 636 1983 sec.
667 1952 721 1983 ed.
748 1953 862 1983 Parm.
903 1951 1171 1992 ComqueAmbr.
1189 1963 1241 1993 pr.
1280 1954 1416 1985 diuino.
1434 1952 1554 1983 Heius.
1592 1952 1677 1983 canit
1694 1961 1756 1992 pro

293 1993 390 2024 Canis
405 1994 500 2026 Med.
519 1997 673 2027 sec—34
696 1998 786 2036 rapto
800 1995 876 2026 Pal.
912 1996 1056 2026 madidas
1073 1996 1118 2027 id.
1136 1997 1212 2028 Pal.
1249 1997 1390 2029 madidus
1413 1995 1479 2027 duo
1502 1994 1598 2028 Med.
1633 1995 1758 2037 rapidos

957 2104 1097 2136 NOTAE

292 2174 377 2206 hanc
393 2175 527 2216 tribuit,
552 2177 561 2194 ‘
576 2177 700 2208 Etesiis
723 2178 855 2209 nebula'
880 2178 914 2209 in
937 2188 993 2209 ex-

293 2229 433 2256 tremam
464 2227 680 2268 AEthiopiam,
706 2232 714 2245 ⁶
734 2227 925 2260 ferentibus
953 2240 995 2261 ex

292 2275 426 2316 reliquo
442 2277 547 2317 orbe,'
575 2278 628 2309 vel
654 2289 745 2309 mare
770 2279 803 2310 in
820 2280 908 2310 ostia
925 2280 996 2311 Nili
1015 2292 1017 2294 ¹

294 2326 549 2366 repellentibus.

330 2379 371 2407 33
388 2378 524 2418 Cumque
537 2379 601 2418 aie]
619 2379 695 2411 Quo
709 2381 902 2421 praesertim
914 2384 997 2411 tem-

295 2435 379 2467 pore
395 2428 556 2458 Canicula
582 2429 733 2459 exoritur
748 2441 754 2460 :
781 2430 843 2461 hoc
871 2430 998 2460 dicitur

295 2476 453 2516 Po'etice‚
469 2483 548 2508 ante
574 2479 770 2511 Caniculam
788 2481 876 2512 enim
899 2481 998 2512 Nilus

295 2526 420 2567 incipit
435 2529 621 2568 exundare,
634 2529 736 2561 Junio
751 2532 891 2563 etJulio
907 2542 998 2562 men-

297 2576 412 2608 sibus:
438 2578 602 2610 Canicula
615 2585 727 2610 autem
741 2582 892 2612 exoritur
906 2583 999 2615 circa

296 2627 494 2668 vigesimum
513 2630 652 2661 tertium
667 2631 752 2663 Julii
769 2630 870 2664 diem.

343 2678 472 2719 Titana]
496 2680 551 2711 De
565 2680 627 2711 hoc
643 2680 735 2711 alibi.

343 2728 453 2769 Canis]
470 2729 631 2761 Canicula
641 2740 707 2761 non
718 2731 862 2762 calidum
874 2735 1001 2762 astrum

300 2783 366 2821 est,
379 2783 418 2811 ut
433 2779 564 2823 antiqui
576 2780 807 2815 crediderunt.
853 2781 895 2813 Id
910 2787 1002 2824 post-

1056 2188 1096 2210 ea
1112 2178 1342 2210 ostendemus.

1098 2232 1139 2260 34
1165 2230 1319 2260 Humor-es
1347 2226 1500 2267 madidos]
1533 2225 1603 2258 Alii
1629 2226 1760 2267 legunt,

1057 2281 1102 2313 Et
1117 2280 1202 2319 rapit
1218 2280 1357 2310 humores
1373 2277 1482 2308 avidus
1489 2287 1501 2313 ;
1516 2287 1581 2308 nec
1596 2277 1700 2308 male.

1103 2331 1261 2369 Venusque
1277 2328 1391 2368 calore]
1422 2328 1500 2359 Hoc
1514 2327 1760 2359 subobscurum

1056 2385 1120 2419 est,
1135 2384 1171 2410 et
1185 2380 1345 2410 Heinsius
1362 2388 1502 2410 excusso
1516 2379 1582 2410 hoc
1604 2378 1682 2409 loco
1699 2377 1762 2418 ait,

1053 2431 1164 2460 ‘latet
1191 2429 1340 2470 aliquid.'
1393 2430 1479 2469 Ego,
1510 2428 1600 2470 quod
1638 2428 1761 2468 sentio,

1052 2480 1213 2520 aperiam.
1274 2480 1365 2510 Dum
1404 2480 1521 2520 itaque
1556 2478 1658 2510 Canis
1698 2487 1760 2509 seu

1053 2530 1217 2562 Canicula
1250 2529 1365 2560 sorbet
1392 2529 1563 2568 humores,
1596 2531 1632 2558 et
1660 2528 1761 2559 calore

1052 2581 1152 2612 nimio
1183 2581 1357 2620 compescit,
1390 2590 1449 2611 seu
1486 2579 1681 2620 comprimit
1718 2590 1759 2612 ac

1054 2632 1194 2663 coercet
1226 2641 1316 2662 venas
1359 2640 1419 2662 seu
1469 2635 1602 2662 meatus
1651 2635 1760 2663 terra·

1055 2692 1143 2722 rum,
1166 2691 1210 2713 ne
1235 2690 1333 2723 aquae
1349 2679 1470 2722 fluant,
1495 2685 1567 2713 tum
1585 2679 1686 2713 Nilus
1702 2690 1760 2713 ex-

1056 2732 1174 2766 undat.
