<?xml version="1.0" encoding="UTF-8"?>
<!DOCTYPE html PUBLIC "-//W3C//DTD XHTML 1.0 Transitional//EN"
    "http://www.w3.org/TR/xhtml1/DTD/xhtml1-transitional.dtd">
<html xmlns="http://www.w3.org/1999/xhtml" xml:lang="en" lang="en">
 <head>
  <title>
</title>
<meta http-equiv="Content-Type" content="text/html;charset=utf-8" />
  <meta name='ocr-system' content='tesseract 3.04.00' />
  <meta name='ocr-capabilities' content='ocr_page ocr_carea ocr_par ocr_line ocrx_word'/>
</head>
<body>
  <div class='ocr_page' id='page_1' title='image "./operaomniaexedit03clauuoft_0362.png"; bbox 0 0 1851 3213; ppageno 0'>
   <div class='ocr_carea' id='block_1_1' title="bbox 294 214 409 257">
    <p class='ocr_par' dir='ltr' id='par_1_1' title="bbox 294 214 409 257">
     <span class='ocr_line' id='line_1_1' title="bbox 294 214 409 257; baseline 0.017 -1"><span class='ocrx_word' id='word_1_1' title='bbox 294 214 409 257; x_wconf 82' lang='lat'>1334</span> 
     </span>
    </p>
   </div>
   <div class='ocr_carea' id='block_1_2' title="bbox 295 322 1010 2281">
    <p class='ocr_par' dir='ltr' id='par_1_2' title="bbox 295 322 1000 456">
     <span class='ocr_line' id='line_1_2' title="bbox 297 322 1000 364; baseline 0 -11"><span class='ocrx_word' id='word_1_2' title='bbox 297 322 496 354; x_wconf 82' lang='lat' dir='ltr'>Oraculum.</span> <span class='ocrx_word' id='word_1_3' title='bbox 543 323 596 354; x_wconf 91' lang='lat' dir='ltr'>De</span> <span class='ocrx_word' id='word_1_4' title='bbox 620 333 686 364; x_wconf 89' lang='lat' dir='ltr'>quo</span> <span class='ocrx_word' id='word_1_5' title='bbox 710 328 824 355; x_wconf 87' lang='lat' dir='ltr'>tamen</span> <span class='ocrx_word' id='word_1_6' title='bbox 850 323 1000 355; x_wconf 89' lang='lat' dir='ltr'>securius</span> 
     </span>
     <span class='ocr_line' id='line_1_3' title="bbox 296 373 1000 414; baseline 0.003 -11"><span class='ocrx_word' id='word_1_7' title='bbox 296 373 434 404; x_wconf 87' lang='lat' dir='ltr'>mentiri</span> <span class='ocrx_word' id='word_1_8' title='bbox 451 373 577 414; x_wconf 84' lang='lat' dir='ltr'>potuit,</span> <span class='ocrx_word' id='word_1_9' title='bbox 593 384 692 414; x_wconf 88' lang='lat' dir='ltr'>quam</span> <span class='ocrx_word' id='word_1_10' title='bbox 708 374 749 405; x_wconf 89' lang='lat' dir='ltr'>de</span> <span class='ocrx_word' id='word_1_11' title='bbox 763 375 885 412; x_wconf 84' lang='lat' dir='ltr'>altero,</span> <span class='ocrx_word' id='word_1_12' title='bbox 902 378 1000 414; x_wconf 85' lang='lat' dir='ltr'>utpo-</span> 
     </span>
     <span class='ocr_line' id='line_1_4' title="bbox 295 425 724 456; baseline 0.002 -1"><span class='ocrx_word' id='word_1_13' title='bbox 295 428 331 455; x_wconf 81' lang='lat' dir='ltr'>te</span> <span class='ocrx_word' id='word_1_14' title='bbox 349 425 585 455; x_wconf 84' lang='lat' dir='ltr'>remotissimo.</span> <span class='ocrx_word' id='word_1_15' title='bbox 609 426 724 456; x_wconf 76' lang='lat' dir='ltr'>Barth.</span> 
     </span>
    </p>

    <p class='ocr_par' dir='ltr' id='par_1_3' title="bbox 296 475 1004 768">
     <span class='ocr_line' id='line_1_5' title="bbox 340 475 1001 516; baseline 0.002 -10"><span class='ocrx_word' id='word_1_16' title='bbox 340 478 403 506; x_wconf 80' lang='grc'>144</span> <span class='ocrx_word' id='word_1_17' title='bbox 427 476 550 516; x_wconf 78' lang='lat' dir='ltr'>Rupere</span> <span class='ocrx_word' id='word_1_18' title='bbox 560 476 701 515; x_wconf 80' lang='lat' dir='ltr'>silentia]</span> <span class='ocrx_word' id='word_1_19' title='bbox 726 475 896 516; x_wconf 86' lang='lat' dir='ltr'>Apertum</span> <span class='ocrx_word' id='word_1_20' title='bbox 910 485 1001 507; x_wconf 90' lang='lat' dir='ltr'>men-</span> 
     </span>
     <span class='ocr_line' id='line_1_6' title="bbox 296 523 1001 565; baseline 0.003 -9"><span class='ocrx_word' id='word_1_21' title='bbox 296 523 448 565; x_wconf 83' lang='lat' dir='ltr'>dacium;</span> <span class='ocrx_word' id='word_1_22' title='bbox 465 530 500 556; x_wconf 90' lang='lat' dir='ltr'>et</span> <span class='ocrx_word' id='word_1_23' title='bbox 512 527 584 557; x_wconf 69' lang='lat' dir='ltr'>baec</span> <span class='ocrx_word' id='word_1_24' title='bbox 595 526 739 557; x_wconf 88' lang='lat' dir='ltr'>curabat</span> <span class='ocrx_word' id='word_1_25' title='bbox 749 526 883 558; x_wconf 88' lang='lat' dir='ltr'>scilicet</span> <span class='ocrx_word' id='word_1_26' title='bbox 894 527 1001 558; x_wconf 86' lang='lat' dir='ltr'>Theo-</span> 
     </span>
     <span class='ocr_line' id='line_1_7' title="bbox 298 575 1002 617; baseline 0.003 -10"><span class='ocrx_word' id='word_1_27' title='bbox 298 575 424 617; x_wconf 86' lang='lat' dir='ltr'>dosius,</span> <span class='ocrx_word' id='word_1_28' title='bbox 437 587 573 608; x_wconf 89' lang='lat' dir='ltr'>eversor</span> <span class='ocrx_word' id='word_1_29' title='bbox 590 578 759 608; x_wconf 80' lang='lat' dir='ltr'>Fanorum</span> <span class='ocrx_word' id='word_1_30' title='bbox 777 582 812 609; x_wconf 89' lang='lat' dir='ltr'>et</span> <span class='ocrx_word' id='word_1_31' title='bbox 828 577 1002 610; x_wconf 88' lang='lat' dir='ltr'>Idolorum</span> 
     </span>
     <span class='ocr_line' id='line_1_8' title="bbox 300 626 1004 670; baseline 0.004 -13"><span class='ocrx_word' id='word_1_32' title='bbox 300 626 343 658; x_wconf 89' lang='lat' dir='ltr'>de</span> <span class='ocrx_word' id='word_1_33' title='bbox 361 627 479 668; x_wconf 82' lang='lat' dir='ltr'>majori</span> <span class='ocrx_word' id='word_1_34' title='bbox 506 632 672 659; x_wconf 88' lang='lat' dir='ltr'>terrarum</span> <span class='ocrx_word' id='word_1_35' title='bbox 691 628 793 660; x_wconf 83' lang='lat' dir='ltr'>Orbis</span> <span class='ocrx_word' id='word_1_36' title='bbox 812 633 932 670; x_wconf 87' lang='lat' dir='ltr'>parte:</span> <span class='ocrx_word' id='word_1_37' title='bbox 956 634 1004 660; x_wconf 86' lang='lat' dir='ltr'>ta-</span> 
     </span>
     <span class='ocr_line' id='line_1_9' title="bbox 298 676 1003 720; baseline 0.004 -13"><span class='ocrx_word' id='word_1_38' title='bbox 298 676 426 709; x_wconf 82' lang='lat' dir='ltr'><strong>cebant</strong></span> <span class='ocrx_word' id='word_1_39' title='bbox 455 682 569 709; x_wconf 88' lang='lat' dir='ltr'>autem</span> <span class='ocrx_word' id='word_1_40' title='bbox 600 683 671 709; x_wconf 90' lang='lat' dir='ltr'>tum</span> <span class='ocrx_word' id='word_1_41' title='bbox 701 680 836 710; x_wconf 88' lang='lat' dir='ltr'>omnino</span> <span class='ocrx_word' id='word_1_42' title='bbox 863 679 1003 720; x_wconf 80' lang='lat' dir='ltr'><strong>Delphi,</strong></span> 
     </span>
     <span class='ocr_line' id='line_1_10' title="bbox 298 728 909 768; baseline 0.005 -11"><span class='ocrx_word' id='word_1_43' title='bbox 298 731 334 758; x_wconf 87' lang='lat' dir='ltr'>et</span> <span class='ocrx_word' id='word_1_44' title='bbox 351 728 488 768; x_wconf 88' lang='lat' dir='ltr'>quidem</span> <span class='ocrx_word' id='word_1_45' title='bbox 505 738 524 759; x_wconf 86' lang='lat' dir='ltr'>a</span> <span class='ocrx_word' id='word_1_46' title='bbox 540 734 621 760; x_wconf 91' lang='lat' dir='ltr'>nato</span> <span class='ocrx_word' id='word_1_47' title='bbox 640 730 787 761; x_wconf 78' lang='lat' dir='ltr'>Clu-isto.</span> <span class='ocrx_word' id='word_1_48' title='bbox 812 731 909 761; x_wconf 83' lang='lat' dir='ltr'>Idem.</span> 
     </span>
    </p>

    <p class='ocr_par' dir='ltr' id='par_1_4' title="bbox 298 780 1005 910">
     <span class='ocr_line' id='line_1_11' title="bbox 342 780 1004 820; baseline 0.002 -11"><span class='ocrx_word' id='word_1_49' title='bbox 342 781 403 810; x_wconf 86' lang='lat'>145</span> <span class='ocrx_word' id='word_1_50' title='bbox 434 780 473 809; x_wconf 85' lang='lat' dir='ltr'>Te</span> <span class='ocrx_word' id='word_1_51' title='bbox 499 780 608 810; x_wconf 83' lang='lat' dir='ltr'>Persoe</span> <span class='ocrx_word' id='word_1_52' title='bbox 628 781 764 810; x_wconf 78' lang='lat' dir='ltr'><em>cecinere</em></span> <span class='ocrx_word' id='word_1_53' title='bbox 787 781 897 820; x_wconf 65' lang='lat' dir='ltr'>Effugi]</span> <span class='ocrx_word' id='word_1_54' title='bbox 919 780 1004 811; x_wconf 85' lang='lat' dir='ltr'>Per-</span> 
     </span>
     <span class='ocr_line' id='line_1_12' title="bbox 299 829 1005 870; baseline 0.004 -12"><span class='ocrx_word' id='word_1_55' title='bbox 299 837 410 859; x_wconf 79' lang='lat' dir='ltr'>sarum</span> <span class='ocrx_word' id='word_1_56' title='bbox 439 829 567 868; x_wconf 81' lang='lat' dir='ltr'>Lingua</span> <span class='ocrx_word' id='word_1_57' title='bbox 591 830 712 869; x_wconf 82' lang='lat' dir='ltr'>Magus</span> <span class='ocrx_word' id='word_1_58' title='bbox 737 834 801 869; x_wconf 88' lang='lat' dir='ltr'>est,</span> <span class='ocrx_word' id='word_1_59' title='bbox 825 831 880 870; x_wconf 90' lang='lat' dir='ltr'>qui</span> <span class='ocrx_word' id='word_1_60' title='bbox 903 830 1005 861; x_wconf 86' lang='lat' dir='ltr'>Latia</span> 
     </span>
     <span class='ocr_line' id='line_1_13' title="bbox 298 878 723 910; baseline 0.005 -2"><span class='ocrx_word' id='word_1_61' title='bbox 298 878 454 909; x_wconf 88' lang='lat' dir='ltr'>Autistes</span> <span class='ocrx_word' id='word_1_62' title='bbox 471 884 529 908; x_wconf 89' lang='lat' dir='ltr'>aut</span> <span class='ocrx_word' id='word_1_63' title='bbox 546 878 723 910; x_wconf 75' lang='lat' dir='ltr'><strong>Sacerdos.</strong></span> 
     </span>
    </p>

    <p class='ocr_par' dir='ltr' id='par_1_5' title="bbox 295 928 1007 1364">
     <span class='ocr_line' id='line_1_14' title="bbox 342 928 1005 971; baseline 0.008 -14"><span class='ocrx_word' id='word_1_64' title='bbox 342 928 496 959; x_wconf 82' lang='lat' dir='ltr'>Etruscus</span> <span class='ocrx_word' id='word_1_65' title='bbox 509 929 626 969; x_wconf 82' lang='lat' dir='ltr'>augur]</span> <span class='ocrx_word' id='word_1_66' title='bbox 660 929 772 970; x_wconf 88' lang='lat' dir='ltr'>Hujus</span> <span class='ocrx_word' id='word_1_67' title='bbox 799 931 909 971; x_wconf 85' lang='lat' dir='ltr'>gentis</span> <span class='ocrx_word' id='word_1_68' title='bbox 938 930 1005 962; x_wconf 87' lang='lat' dir='ltr'>Au-</span> 
     </span>
     <span class='ocr_line' id='line_1_15' title="bbox 298 978 1005 1023; baseline 0.006 -14"><span class='ocrx_word' id='word_1_69' title='bbox 298 978 1005 1023; x_wconf 66' lang='lat' dir='ltr'>guresAruspicesque‚Vaticinatoresque</span> 
     </span>
     <span class='ocr_line' id='line_1_16' title="bbox 299 1029 1006 1072; baseline 0.006 -13"><span class='ocrx_word' id='word_1_70' title='bbox 299 1029 394 1069; x_wconf 78' lang='lat' dir='ltr'>alios,</span> <span class='ocrx_word' id='word_1_71' title='bbox 415 1039 487 1069; x_wconf 83' lang='lat' dir='ltr'>prae</span> <span class='ocrx_word' id='word_1_72' title='bbox 512 1030 646 1061; x_wconf 82' lang='lat' dir='ltr'>caeteris</span> <span class='ocrx_word' id='word_1_73' title='bbox 669 1030 737 1061; x_wconf 88' lang='lat' dir='ltr'>fide</span> <span class='ocrx_word' id='word_1_74' title='bbox 759 1031 880 1072; x_wconf 87' lang='lat' dir='ltr'>dignos</span> <span class='ocrx_word' id='word_1_75' title='bbox 903 1032 1006 1064; x_wconf 86' lang='lat' dir='ltr'>habe-</span> 
     </span>
     <span class='ocr_line' id='line_1_17' title="bbox 296 1080 1007 1123; baseline 0.006 -13"><span class='ocrx_word' id='word_1_76' title='bbox 296 1080 383 1111; x_wconf 79' lang='lat' dir='ltr'>bant</span> <span class='ocrx_word' id='word_1_77' title='bbox 400 1081 558 1121; x_wconf 84' lang='lat' dir='ltr'>Romani,</span> <span class='ocrx_word' id='word_1_78' title='bbox 574 1082 702 1123; x_wconf 80' lang='lat' dir='ltr'>quippe</span> <span class='ocrx_word' id='word_1_79' title='bbox 716 1082 827 1123; x_wconf 86' lang='lat' dir='ltr'>quiex</span> <span class='ocrx_word' id='word_1_80' title='bbox 840 1083 1007 1114; x_wconf 86' lang='lat' dir='ltr'>Hetruria</span> 
     </span>
     <span class='ocr_line' id='line_1_18' title="bbox 300 1132 1007 1173; baseline 0.004 -12"><span class='ocrx_word' id='word_1_81' title='bbox 300 1132 580 1171; x_wconf 79' lang='lat' dir='ltr'>superstitionum</span> <span class='ocrx_word' id='word_1_82' title='bbox 612 1133 735 1173; x_wconf 78' lang='lat' dir='ltr'>Leges,</span> <span class='ocrx_word' id='word_1_83' title='bbox 776 1133 1007 1173; x_wconf 70' lang='lat' dir='ltr'>Cemmonias,</span> 
     </span>
     <span class='ocr_line' id='line_1_19' title="bbox 299 1181 1006 1225; baseline 0.006 -14"><span class='ocrx_word' id='word_1_84' title='bbox 299 1181 463 1220; x_wconf 82' lang='lat' dir='ltr'>carmina,</span> <span class='ocrx_word' id='word_1_85' title='bbox 491 1182 639 1221; x_wconf 85' lang='lat' dir='ltr'>plurima</span> <span class='ocrx_word' id='word_1_86' title='bbox 663 1184 912 1223; x_wconf 81' lang='lat' dir='ltr'>transtulerint,</span> <span class='ocrx_word' id='word_1_87' title='bbox 929 1194 1006 1225; x_wconf 85' lang='lat' dir='ltr'>quae</span> 
     </span>
     <span class='ocr_line' id='line_1_20' title="bbox 295 1231 1006 1274; baseline 0.006 -13"><span class='ocrx_word' id='word_1_88' title='bbox 295 1231 474 1272; x_wconf 82' lang='lat' dir='ltr'>pleraeque</span> <span class='ocrx_word' id='word_1_89' title='bbox 491 1231 533 1262; x_wconf 88' lang='lat' dir='ltr'>de</span> <span class='ocrx_word' id='word_1_90' title='bbox 550 1232 660 1262; x_wconf 82' lang='lat' dir='ltr'>Libris</span> <span class='ocrx_word' id='word_1_91' title='bbox 676 1233 856 1264; x_wconf 80' lang='lat' dir='ltr'>Hetruscis</span> <span class='ocrx_word' id='word_1_92' title='bbox 874 1235 1006 1274; x_wconf 64' lang='lat' dir='ltr'>petitae,</span> 
     </span>
     <span class='ocr_line' id='line_1_21' title="bbox 299 1282 1007 1325; baseline 0.003 -12"><span class='ocrx_word' id='word_1_93' title='bbox 299 1283 404 1313; x_wconf 85' lang='lat' dir='ltr'>etiam</span> <span class='ocrx_word' id='word_1_94' title='bbox 432 1282 605 1322; x_wconf 82' lang='lat' dir='ltr'>fulgurum</span> <span class='ocrx_word' id='word_1_95' title='bbox 633 1292 738 1322; x_wconf 86' lang='lat' dir='ltr'>curae,</span> <span class='ocrx_word' id='word_1_96' title='bbox 771 1284 875 1325; x_wconf 85' lang='lat' dir='ltr'>idque</span> <span class='ocrx_word' id='word_1_97' title='bbox 902 1293 1007 1325; x_wconf 86' lang='lat' dir='ltr'>genus</span> 
     </span>
     <span class='ocr_line' id='line_1_22' title="bbox 297 1333 517 1364; baseline 0.005 -1"><span class='ocrx_word' id='word_1_98' title='bbox 297 1333 376 1363; x_wconf 84' lang='lat' dir='ltr'>alia.</span> <span class='ocrx_word' id='word_1_99' title='bbox 401 1333 517 1364; x_wconf 75' lang='lat' dir='ltr'>Barth.</span> 
     </span>
    </p>

    <p class='ocr_par' dir='ltr' id='par_1_6' title="bbox 298 1385 1010 1673">
     <span class='ocr_line' id='line_1_23' title="bbox 346 1385 1008 1427; baseline 0.005 -13"><span class='ocrx_word' id='word_1_100' title='bbox 346 1385 408 1415; x_wconf 84' lang='lat'>146</span> <span class='ocrx_word' id='word_1_101' title='bbox 435 1385 584 1425; x_wconf 80' lang='lat' dir='ltr'>Inspectis</span> <span class='ocrx_word' id='word_1_102' title='bbox 607 1385 802 1427; x_wconf 78' lang='lat' dir='ltr'><em>Babylonius</em></span> <span class='ocrx_word' id='word_1_103' title='bbox 818 1386 939 1417; x_wconf 77' lang='lat' dir='ltr'>horruit</span> <span class='ocrx_word' id='word_1_104' title='bbox 961 1396 1008 1417; x_wconf 81' lang='lat' dir='ltr'>as-</span> 
     </span>
     <span class='ocr_line' id='line_1_24' title="bbox 298 1435 1007 1477; baseline 0.004 -12"><span class='ocrx_word' id='word_1_105' title='bbox 298 1435 375 1477; x_wconf 82' lang='lat' dir='ltr'>tris]</span> <span class='ocrx_word' id='word_1_106' title='bbox 388 1436 570 1467; x_wconf 69' lang='lat' dir='ltr'>Chaldaeus</span> <span class='ocrx_word' id='word_1_107' title='bbox 583 1437 653 1468; x_wconf 89' lang='lat' dir='ltr'>sive</span> <span class='ocrx_word' id='word_1_108' title='bbox 665 1437 924 1477; x_wconf 82' lang='lat' dir='ltr'>Genethliacus‚</span> <span class='ocrx_word' id='word_1_109' title='bbox 933 1448 1007 1469; x_wconf 91' lang='lat' dir='ltr'>cum</span> 
     </span>
     <span class='ocr_line' id='line_1_25' title="bbox 301 1486 1009 1529; baseline 0.006 -13"><span class='ocrx_word' id='word_1_110' title='bbox 301 1486 419 1518; x_wconf 84' lang='lat' dir='ltr'>thema</span> <span class='ocrx_word' id='word_1_111' title='bbox 433 1488 625 1520; x_wconf 84' lang='lat' dir='ltr'>nativitatis</span> <span class='ocrx_word' id='word_1_112' title='bbox 643 1493 711 1520; x_wconf 87' lang='lat' dir='ltr'>tuae</span> <span class='ocrx_word' id='word_1_113' title='bbox 729 1489 930 1529; x_wconf 89' lang='lat' dir='ltr'>inspiceret,</span> <span class='ocrx_word' id='word_1_114' title='bbox 959 1495 1009 1520; x_wconf 86' lang='lat' dir='ltr'>to-</span> 
     </span>
     <span class='ocr_line' id='line_1_26' title="bbox 301 1538 1010 1579; baseline 0.006 -12"><span class='ocrx_word' id='word_1_115' title='bbox 301 1542 359 1568; x_wconf 80' lang='lat' dir='ltr'>tus</span> <span class='ocrx_word' id='word_1_116' title='bbox 385 1538 576 1579; x_wconf 87' lang='lat' dir='ltr'>intremuit,</span> <span class='ocrx_word' id='word_1_117' title='bbox 601 1550 734 1571; x_wconf 88' lang='lat' dir='ltr'>omnem</span> <span class='ocrx_word' id='word_1_118' title='bbox 763 1540 855 1571; x_wconf 88' lang='lat' dir='ltr'>illam</span> <span class='ocrx_word' id='word_1_119' title='bbox 880 1541 1010 1571; x_wconf 83' lang='lat' dir='ltr'>Barba-</span> 
     </span>
     <span class='ocr_line' id='line_1_27' title="bbox 299 1588 1009 1632; baseline 0.004 -13"><span class='ocrx_word' id='word_1_120' title='bbox 299 1588 385 1620; x_wconf 86' lang='lat' dir='ltr'>riem</span> <span class='ocrx_word' id='word_1_121' title='bbox 402 1594 436 1621; x_wconf 86' lang='lat' dir='ltr'>te</span> <span class='ocrx_word' id='word_1_122' title='bbox 450 1591 588 1630; x_wconf 83' lang='lat' dir='ltr'>auspice</span> <span class='ocrx_word' id='word_1_123' title='bbox 602 1591 757 1622; x_wconf 90' lang='lat' dir='ltr'>Romano</span> <span class='ocrx_word' id='word_1_124' title='bbox 772 1591 922 1632; x_wconf 86' lang='lat' dir='ltr'>Imperio</span> <span class='ocrx_word' id='word_1_125' title='bbox 936 1601 1009 1622; x_wconf 90' lang='lat' dir='ltr'>suc-</span> 
     </span>
     <span class='ocr_line' id='line_1_28' title="bbox 302 1641 749 1673; baseline 0.009 -4"><span class='ocrx_word' id='word_1_126' title='bbox 302 1648 477 1671; x_wconf 84' lang='lat' dir='ltr'>cessuram</span> <span class='ocrx_word' id='word_1_127' title='bbox 493 1641 626 1673; x_wconf 87' lang='lat' dir='ltr'>videns.</span> <span class='ocrx_word' id='word_1_128' title='bbox 652 1642 749 1673; x_wconf 82' lang='lat' dir='ltr'>Idem.</span> 
     </span>
    </p>

    <p class='ocr_par' dir='ltr' id='par_1_7' title="bbox 297 1692 1009 1874">
     <span class='ocr_line' id='line_1_29' title="bbox 346 1692 1008 1733; baseline 0.005 -13"><span class='ocrx_word' id='word_1_129' title='bbox 346 1693 407 1721; x_wconf 86' lang='grc'>147</span> <span class='ocrx_word' id='word_1_130' title='bbox 434 1692 646 1732; x_wconf 80' lang='lat' dir='ltr'>Cumanaque]</span> <span class='ocrx_word' id='word_1_131' title='bbox 682 1693 843 1724; x_wconf 81' lang='lat' dir='ltr'>Cumanae</span> <span class='ocrx_word' id='word_1_132' title='bbox 870 1692 1008 1733; x_wconf 87' lang='lat' dir='ltr'>Sibyllae</span> 
     </span>
     <span class='ocr_line' id='line_1_30' title="bbox 305 1740 1009 1774; baseline 0.004 -4"><span class='ocrx_word' id='word_1_133' title='bbox 305 1740 505 1771; x_wconf 85' lang='lat' dir='ltr'>Oraculum.</span> <span class='ocrx_word' id='word_1_134' title='bbox 566 1742 794 1773; x_wconf 84' lang='lat' dir='ltr'>Prudentius:</span> <span class='ocrx_word' id='word_1_135' title='bbox 844 1744 853 1760; x_wconf 86' lang='lat'>‘</span> <span class='ocrx_word' id='word_1_136' title='bbox 871 1743 1009 1774; x_wconf 87' lang='lat' dir='ltr'>Mortua</span> 
     </span>
     <span class='ocr_line' id='line_1_31' title="bbox 297 1790 1007 1833; baseline 0.007 -13"><span class='ocrx_word' id='word_1_137' title='bbox 297 1790 372 1831; x_wconf 88' lang='lat' dir='ltr'>jam</span> <span class='ocrx_word' id='word_1_138' title='bbox 404 1796 509 1822; x_wconf 85' lang='lat' dir='ltr'>mutae</span> <span class='ocrx_word' id='word_1_139' title='bbox 541 1792 660 1833; x_wconf 83' lang='lat' dir='ltr'>lugent</span> <span class='ocrx_word' id='word_1_140' title='bbox 699 1793 835 1825; x_wconf 85' lang='lat' dir='ltr'>oracula</span> <span class='ocrx_word' id='word_1_141' title='bbox 866 1794 1007 1825; x_wconf 83' lang='lat' dir='ltr'>Cumae.’</span> 
     </span>
     <span class='ocr_line' id='line_1_32' title="bbox 301 1842 402 1874; baseline 0.02 -2"><span class='ocrx_word' id='word_1_142' title='bbox 301 1842 402 1874; x_wconf 83' lang='lat' dir='ltr'><em>Idem.</em></span> 
     </span>
    </p>

    <p class='ocr_par' dir='ltr' id='par_1_8' title="bbox 299 1893 1009 2036">
     <span class='ocr_line' id='line_1_33' title="bbox 347 1893 1008 1934; baseline 0.005 -11"><span class='ocrx_word' id='word_1_143' title='bbox 347 1895 410 1924; x_wconf 87' lang='grc'>148</span> <span class='ocrx_word' id='word_1_144' title='bbox 434 1893 593 1934; x_wconf 77' lang='lat' dir='ltr'>Intonuit]</span> <span class='ocrx_word' id='word_1_145' title='bbox 631 1894 677 1925; x_wconf 93' lang='lat' dir='ltr'>Et</span> <span class='ocrx_word' id='word_1_146' title='bbox 702 1894 766 1925; x_wconf 87' lang='lat' dir='ltr'>hoc</span> <span class='ocrx_word' id='word_1_147' title='bbox 792 1895 834 1925; x_wconf 91' lang='lat' dir='ltr'>ad</span> <span class='ocrx_word' id='word_1_148' title='bbox 860 1895 1008 1927; x_wconf 89' lang='lat' dir='ltr'>divinum</span> 
     </span>
     <span class='ocr_line' id='line_1_34' title="bbox 304 1944 1009 1977; baseline 0.004 -3"><span class='ocrx_word' id='word_1_149' title='bbox 304 1951 435 1975; x_wconf 89' lang='lat' dir='ltr'>sonum.</span> <span class='ocrx_word' id='word_1_150' title='bbox 481 1944 660 1975; x_wconf 88' lang='lat' dir='ltr'>Sidonius:</span> <span class='ocrx_word' id='word_1_151' title='bbox 696 1946 705 1962; x_wconf 91' lang='lat'>‘</span> <span class='ocrx_word' id='word_1_152' title='bbox 725 1945 881 1977; x_wconf 86' lang='lat' dir='ltr'>Intonuit</span> <span class='ocrx_word' id='word_1_153' title='bbox 907 1947 1009 1977; x_wconf 87' lang='lat' dir='ltr'>solita</span> 
     </span>
     <span class='ocr_line' id='line_1_35' title="bbox 299 1994 673 2036; baseline 0.005 -12"><span class='ocrx_word' id='word_1_154' title='bbox 299 1999 419 2026; x_wconf 86' lang='lat' dir='ltr'>noster</span> <span class='ocrx_word' id='word_1_155' title='bbox 434 1994 558 2035; x_wconf 91' lang='lat' dir='ltr'>Apollo</span> <span class='ocrx_word' id='word_1_156' title='bbox 575 1995 673 2036; x_wconf 66' lang='lat' dir='ltr'>lyra!</span> 
     </span>
    </p>

    <p class='ocr_par' dir='ltr' id='par_1_9' title="bbox 302 2046 826 2137">
     <span class='ocr_line' id='line_1_36' title="bbox 348 2046 809 2086; baseline 0.007 -11"><span class='ocrx_word' id='word_1_157' title='bbox 348 2046 470 2086; x_wconf 86' lang='lat' dir='ltr'>Rupes]</span> <span class='ocrx_word' id='word_1_158' title='bbox 509 2046 690 2078; x_wconf 71' lang='lat' dir='ltr'>Praesente</span> <span class='ocrx_word' id='word_1_159' title='bbox 721 2048 809 2078; x_wconf 87' lang='lat' dir='ltr'>enim</span> 
     </span>
     <span class='ocr_line' id='line_1_37' title="bbox 302 2095 826 2137; baseline 0.004 -10"><span class='ocrx_word' id='word_1_160' title='bbox 302 2095 404 2127; x_wconf 88' lang='lat' dir='ltr'>etiam</span> <span class='ocrx_word' id='word_1_161' title='bbox 423 2107 525 2137; x_wconf 85' lang='lat' dir='ltr'>rupes</span> <span class='ocrx_word' id='word_1_162' title='bbox 542 2097 826 2129; x_wconf 82' lang='lat' dir='ltr'>vaticinabantur.</span> 
     </span>
    </p>

    <p class='ocr_par' dir='ltr' id='par_1_10' title="bbox 301 2147 1009 2281">
     <span class='ocr_line' id='line_1_38' title="bbox 345 2147 1009 2190; baseline 0.006 -13"><span class='ocrx_word' id='word_1_163' title='bbox 345 2147 480 2178; x_wconf 76' lang='lat' dir='ltr'>Rabidae</span> <span class='ocrx_word' id='word_1_164' title='bbox 506 2147 650 2190; x_wconf 76' lang='lat' dir='ltr'>Sibyzlae]</span> <span class='ocrx_word' id='word_1_165' title='bbox 683 2150 851 2181; x_wconf 88' lang='lat' dir='ltr'>Furentes</span> <span class='ocrx_word' id='word_1_166' title='bbox 874 2151 962 2181; x_wconf 87' lang='lat' dir='ltr'>enim</span> <span class='ocrx_word' id='word_1_167' title='bbox 989 2161 1009 2181; x_wconf 91' lang='lat' dir='ltr'>a</span> 
     </span>
     <span class='ocr_line' id='line_1_39' title="bbox 302 2198 1008 2240; baseline 0.007 -12"><span class='ocrx_word' id='word_1_168' title='bbox 302 2198 488 2230; x_wconf 66' lang='lat' dir='ltr'>Daemoniis</span> <span class='ocrx_word' id='word_1_169' title='bbox 514 2200 688 2240; x_wconf 84' lang='lat' dir='ltr'>inspiratae</span> <span class='ocrx_word' id='word_1_170' title='bbox 706 2201 854 2233; x_wconf 85' lang='lat' dir='ltr'>edebant</span> <span class='ocrx_word' id='word_1_171' title='bbox 870 2203 1008 2233; x_wconf 85' lang='lat' dir='ltr'>oracula</span> 
     </span>
     <span class='ocr_line' id='line_1_40' title="bbox 301 2251 617 2281; baseline 0.009 -3"><span class='ocrx_word' id='word_1_172' title='bbox 301 2257 363 2279; x_wconf 86' lang='lat' dir='ltr'>sua</span> <span class='ocrx_word' id='word_1_173' title='bbox 379 2257 429 2279; x_wconf 81' lang='lat' dir='ltr'>eae</span> <span class='ocrx_word' id='word_1_174' title='bbox 447 2251 617 2281; x_wconf 80' lang='lat' dir='ltr'>mulieres.</span> 
     </span>
    </p>
   </div>
   <div class='ocr_carea' id='block_1_3' title="bbox 300 2299 1011 2849">
    <p class='ocr_par' dir='ltr' id='par_1_11' title="bbox 302 2299 1006 2385">
     <span class='ocr_line' id='line_1_41' title="bbox 346 2299 1006 2343; baseline 0.011 -15"><span class='ocrx_word' id='word_1_175' title='bbox 346 2299 508 2339; x_wconf 82' lang='lat' dir='ltr'>Delubra]</span> <span class='ocrx_word' id='word_1_176' title='bbox 535 2303 638 2341; x_wconf 82' lang='lat' dir='ltr'>Fana,</span> <span class='ocrx_word' id='word_1_177' title='bbox 662 2312 798 2343; x_wconf 79' lang='lat' dir='ltr'>specus,</span> <span class='ocrx_word' id='word_1_178' title='bbox 823 2307 881 2335; x_wconf 89' lang='lat' dir='ltr'>aut</span> <span class='ocrx_word' id='word_1_179' title='bbox 897 2307 1006 2335; x_wconf 87' lang='lat' dir='ltr'>antra.</span> 
     </span>
     <span class='ocr_line' id='line_1_42' title="bbox 302 2348 821 2385; baseline 0.013 -7"><span class='ocrx_word' id='word_1_180' title='bbox 302 2348 394 2379; x_wconf 88' lang='lat' dir='ltr'>Vide</span> <span class='ocrx_word' id='word_1_181' title='bbox 406 2350 560 2382; x_wconf 87' lang='lat' dir='ltr'>Macrob.</span> <span class='ocrx_word' id='word_1_182' title='bbox 577 2362 634 2383; x_wconf 72' lang='lat'>111.</span> <span class='ocrx_word' id='word_1_183' title='bbox 650 2357 679 2384; x_wconf 89' lang='lat'>4.</span> <span class='ocrx_word' id='word_1_184' title='bbox 703 2354 821 2385; x_wconf 85' lang='lat' dir='ltr'>Barth.</span> 
     </span>
    </p>

    <p class='ocr_par' dir='ltr' id='par_1_12' title="bbox 300 2402 1011 2849">
     <span class='ocr_line' id='line_1_43' title="bbox 346 2402 1008 2444; baseline 0.006 -13"><span class='ocrx_word' id='word_1_185' title='bbox 346 2402 409 2431; x_wconf 87' lang='lat'>149</span> <span class='ocrx_word' id='word_1_186' title='bbox 434 2402 501 2432; x_wconf 85' lang='lat' dir='ltr'>Nec</span> <span class='ocrx_word' id='word_1_187' title='bbox 524 2405 554 2433; x_wconf 85' lang='lat' dir='ltr'>te</span> <span class='ocrx_word' id='word_1_188' title='bbox 574 2404 789 2444; x_wconf 81' lang='lat' dir='ltr'>progenitum]</span> <span class='ocrx_word' id='word_1_189' title='bbox 823 2405 871 2436; x_wconf 89' lang='lat' dir='ltr'>Ut</span> <span class='ocrx_word' id='word_1_190' title='bbox 885 2405 1008 2437; x_wconf 88' lang='lat' dir='ltr'>Jovem</span> 
     </span>
     <span class='ocr_line' id='line_1_44' title="bbox 300 2451 1009 2496; baseline 0.007 -15"><span class='ocrx_word' id='word_1_191' title='bbox 300 2451 337 2482; x_wconf 92' lang='lat' dir='ltr'>in</span> <span class='ocrx_word' id='word_1_192' title='bbox 366 2451 471 2482; x_wconf 85' lang='lat' dir='ltr'>Creta</span> <span class='ocrx_word' id='word_1_193' title='bbox 499 2452 617 2493; x_wconf 78' lang='lat' dir='ltr'>insula,</span> <span class='ocrx_word' id='word_1_194' title='bbox 646 2464 687 2484; x_wconf 88' lang='lat' dir='ltr'>ne</span> <span class='ocrx_word' id='word_1_195' title='bbox 714 2465 733 2485; x_wconf 86' lang='lat' dir='ltr'>a</span> <span class='ocrx_word' id='word_1_196' title='bbox 760 2459 861 2496; x_wconf 88' lang='lat' dir='ltr'>patre</span> <span class='ocrx_word' id='word_1_197' title='bbox 890 2465 1009 2486; x_wconf 89' lang='lat' dir='ltr'>recens</span> 
     </span>
     <span class='ocr_line' id='line_1_45' title="bbox 302 2501 1010 2545; baseline 0.007 -14"><span class='ocrx_word' id='word_1_198' title='bbox 302 2504 405 2532; x_wconf 85' lang='lat' dir='ltr'>natus</span> <span class='ocrx_word' id='word_1_199' title='bbox 423 2501 656 2534; x_wconf 83' lang='lat' dir='ltr'>devoraretur.</span> <span class='ocrx_word' id='word_1_200' title='bbox 690 2503 831 2545; x_wconf 81' lang='lat' dir='ltr'>Aratus,</span> <span class='ocrx_word' id='word_1_201' title='bbox 844 2504 1010 2537; x_wconf 80' lang='lat' dir='ltr'>Avienus.</span> 
     </span>
     <span class='ocr_line' id='line_1_46' title="bbox 305 2551 1011 2596; baseline 0.006 -14"><span class='ocrx_word' id='word_1_202' title='bbox 305 2551 470 2583; x_wconf 82' lang='lat' dir='ltr'>Lustrasse</span> <span class='ocrx_word' id='word_1_203' title='bbox 492 2552 576 2583; x_wconf 88' lang='lat' dir='ltr'>dicit</span> <span class='ocrx_word' id='word_1_204' title='bbox 601 2553 820 2593; x_wconf 87' lang='lat' dir='ltr'>Claudianus,</span> <span class='ocrx_word' id='word_1_205' title='bbox 846 2555 926 2596; x_wconf 86' lang='lat' dir='ltr'>quia</span> <span class='ocrx_word' id='word_1_206' title='bbox 949 2554 1011 2586; x_wconf 82' lang='grc' dir='ltr'>ἐνό·</span> 
     </span>
     <span class='ocr_line' id='line_1_47' title="bbox 304 2602 1010 2644; baseline 0.006 -12"><span class='ocrx_word' id='word_1_207' title='bbox 304 2607 399 2632; x_wconf 84' lang='grc' dir='ltr'>πλιον</span> <span class='ocrx_word' id='word_1_208' title='bbox 422 2603 514 2633; x_wconf 88' lang='lat' dir='ltr'>illum</span> <span class='ocrx_word' id='word_1_209' title='bbox 539 2602 687 2633; x_wconf 85' lang='lat' dir='ltr'>Chorum</span> <span class='ocrx_word' id='word_1_210' title='bbox 705 2604 920 2644; x_wconf 81' lang='lat' dir='ltr'>Corybantes</span> <span class='ocrx_word' id='word_1_211' title='bbox 948 2605 1010 2636; x_wconf 90' lang='lat' dir='ltr'>cir-</span> 
     </span>
     <span class='ocr_line' id='line_1_48' title="bbox 304 2654 1009 2695; baseline 0.001 -9"><span class='ocrx_word' id='word_1_212' title='bbox 304 2664 383 2686; x_wconf 91' lang='lat' dir='ltr'>cum</span> <span class='ocrx_word' id='word_1_213' title='bbox 401 2664 543 2695; x_wconf 86' lang='lat' dir='ltr'>puerum</span> <span class='ocrx_word' id='word_1_214' title='bbox 566 2654 686 2686; x_wconf 88' lang='lat' dir='ltr'>Jovem</span> <span class='ocrx_word' id='word_1_215' title='bbox 714 2655 941 2694; x_wconf 77' lang='lat' dir='ltr'>ductitarnnt,</span> <span class='ocrx_word' id='word_1_216' title='bbox 967 2667 1009 2687; x_wconf 81' lang='lat' dir='ltr'>ex</span> 
     </span>
     <span class='ocr_line' id='line_1_49' title="bbox 305 2704 1009 2746; baseline 0.001 -10"><span class='ocrx_word' id='word_1_217' title='bbox 305 2704 395 2736; x_wconf 89' lang='lat' dir='ltr'>omni</span> <span class='ocrx_word' id='word_1_218' title='bbox 421 2704 529 2736; x_wconf 82' lang='lat' dir='ltr'>latere</span> <span class='ocrx_word' id='word_1_219' title='bbox 557 2710 721 2736; x_wconf 83' lang='lat' dir='ltr'>caventes</span> <span class='ocrx_word' id='word_1_220' title='bbox 748 2715 790 2736; x_wconf 86' lang='lat' dir='ltr'>ne</span> <span class='ocrx_word' id='word_1_221' title='bbox 814 2715 881 2746; x_wconf 87' lang='lat' dir='ltr'>qua</span> <span class='ocrx_word' id='word_1_222' title='bbox 907 2715 1009 2737; x_wconf 90' lang='lat' dir='ltr'>sonus</span> 
     </span>
     <span class='ocr_line' id='line_1_50' title="bbox 303 2754 1010 2790; baseline 0.004 -5"><span class='ocrx_word' id='word_1_223' title='bbox 303 2763 403 2786; x_wconf 85' lang='lat' dir='ltr'>aures</span> <span class='ocrx_word' id='word_1_224' title='bbox 419 2754 568 2786; x_wconf 89' lang='lat' dir='ltr'>nativori</span> <span class='ocrx_word' id='word_1_225' title='bbox 585 2755 673 2787; x_wconf 90' lang='lat' dir='ltr'>senis</span> <span class='ocrx_word' id='word_1_226' title='bbox 690 2755 909 2788; x_wconf 86' lang='lat' dir='ltr'>allaberetur.</span> <span class='ocrx_word' id='word_1_227' title='bbox 942 2757 1010 2790; x_wconf 79' lang='lat' dir='ltr'>Qui</span> 
     </span>
     <span class='ocr_line' id='line_1_51' title="bbox 305 2804 1009 2849; baseline 0.004 -13"><span class='ocrx_word' id='word_1_228' title='bbox 305 2804 394 2838; x_wconf 90' lang='lat' dir='ltr'>enim</span> <span class='ocrx_word' id='word_1_229' title='bbox 415 2805 610 2839; x_wconf 85' lang='lat' dir='ltr'>lustrabant</span> <span class='ocrx_word' id='word_1_230' title='bbox 633 2806 820 2849; x_wconf 86' lang='lat' dir='ltr'>quippiam,</span> <span class='ocrx_word' id='word_1_231' title='bbox 842 2807 876 2839; x_wconf 84' lang='lat' dir='ltr'>in</span> <span class='ocrx_word' id='word_1_232' title='bbox 900 2808 1009 2839; x_wconf 87' lang='lat' dir='ltr'>circu-</span> 
     </span>
    </p>
   </div>
   <div class='ocr_carea' id='block_1_4' title="bbox 852 2047 1010 2089">
    <p class='ocr_par' dir='ltr' id='par_1_13' title="bbox 852 2047 1010 2089">
     <span class='ocr_line' id='line_1_52' title="bbox 852 2047 1010 2089; baseline -0.006 -9"><span class='ocrx_word' id='word_1_233' title='bbox 852 2047 1010 2089; x_wconf 81' lang='lat' dir='ltr'>Apolline</span> 
     </span>
    </p>
   </div>
   <div class='ocr_carea' id='block_1_5' title="bbox 531 226 1524 258">
    <p class='ocr_par' dir='ltr' id='par_1_14' title="bbox 531 226 1524 258">
     <span class='ocr_line' id='line_1_53' title="bbox 531 226 1524 258; baseline 0 -2"><span class='ocrx_word' id='word_1_234' title='bbox 531 226 674 258; x_wconf 84' lang='lat' dir='ltr'>No&#39;rAE</span> <span class='ocrx_word' id='word_1_235' title='bbox 708 226 973 258; x_wconf 85' lang='lat' dir='ltr'>VARIORUM</span> <span class='ocrx_word' id='word_1_236' title='bbox 1007 227 1057 257; x_wconf 87' lang='lat' dir='ltr'>IN</span> <span class='ocrx_word' id='word_1_237' title='bbox 1091 226 1165 257; x_wconf 83' lang='lat' dir='ltr'>CL.</span> <span class='ocrx_word' id='word_1_238' title='bbox 1198 226 1380 256; x_wconf 86' lang='lat' dir='ltr'>CLAUD.</span> <span class='ocrx_word' id='word_1_239' title='bbox 1413 227 1524 257; x_wconf 79' lang='lat' dir='ltr'>vul.</span> 
     </span>
    </p>
   </div>
   <div class='ocr_carea' id='block_1_6' title="bbox 1051 322 1771 2438">
    <p class='ocr_par' dir='ltr' id='par_1_15' title="bbox 1051 322 1468 354">
     <span class='ocr_line' id='line_1_54' title="bbox 1051 322 1468 354; baseline 0 -2"><span class='ocrx_word' id='word_1_240' title='bbox 1051 322 1120 353; x_wconf 89' lang='lat' dir='ltr'>lum</span> <span class='ocrx_word' id='word_1_241' title='bbox 1138 322 1344 354; x_wconf 85' lang='lat' dir='ltr'>ambiebant.</span> <span class='ocrx_word' id='word_1_242' title='bbox 1371 322 1468 353; x_wconf 84' lang='lat' dir='ltr'>Idem.</span> 
     </span>
    </p>

    <p class='ocr_par' dir='ltr' id='par_1_16' title="bbox 1053 371 1761 465">
     <span class='ocr_line' id='line_1_55' title="bbox 1097 371 1761 413; baseline 0 -9"><span class='ocrx_word' id='word_1_243' title='bbox 1097 376 1158 404; x_wconf 82' lang='lat'>150</span> <span class='ocrx_word' id='word_1_244' title='bbox 1183 374 1351 404; x_wconf 82' lang='lat' dir='ltr'>Exercitus</span> <span class='ocrx_word' id='word_1_245' title='bbox 1367 372 1514 413; x_wconf 79' lang='lat' dir='ltr'>undique]</span> <span class='ocrx_word' id='word_1_246' title='bbox 1538 371 1761 404; x_wconf 81' lang='lat' dir='ltr'>Commenda-</span> 
     </span>
     <span class='ocr_line' id='line_1_56' title="bbox 1053 423 1721 465; baseline 0 -11"><span class='ocrx_word' id='word_1_247' title='bbox 1053 424 1102 455; x_wconf 88' lang='lat' dir='ltr'>tio</span> <span class='ocrx_word' id='word_1_248' title='bbox 1117 423 1286 465; x_wconf 85' lang='lat' dir='ltr'>Priucipis</span> <span class='ocrx_word' id='word_1_249' title='bbox 1303 424 1391 454; x_wconf 88' lang='lat' dir='ltr'>inter</span> <span class='ocrx_word' id='word_1_250' title='bbox 1406 433 1499 453; x_wconf 85' lang='lat' dir='ltr'>arma</span> <span class='ocrx_word' id='word_1_251' title='bbox 1513 423 1598 454; x_wconf 89' lang='lat' dir='ltr'>nati.</span> <span class='ocrx_word' id='word_1_252' title='bbox 1622 423 1721 454; x_wconf 81' lang='lat' dir='ltr'>Idem.</span> 
     </span>
    </p>

    <p class='ocr_par' dir='ltr' id='par_1_17' title="bbox 1055 473 1760 668">
     <span class='ocr_line' id='line_1_57' title="bbox 1099 473 1760 514; baseline 0 -9"><span class='ocrx_word' id='word_1_253' title='bbox 1099 477 1159 505; x_wconf 86' lang='grc'>151</span> <span class='ocrx_word' id='word_1_254' title='bbox 1184 475 1331 506; x_wconf 80' lang='lat' dir='ltr'>Ambitus</span> <span class='ocrx_word' id='word_1_255' title='bbox 1358 474 1474 514; x_wconf 83' lang='lat' dir='ltr'>signis]</span> <span class='ocrx_word' id='word_1_256' title='bbox 1514 474 1592 505; x_wconf 89' lang='lat' dir='ltr'>Non</span> <span class='ocrx_word' id='word_1_257' title='bbox 1621 473 1760 505; x_wconf 80' lang='lat' dir='ltr'>ambitur</span> 
     </span>
     <span class='ocr_line' id='line_1_58' title="bbox 1055 524 1760 565; baseline -0.003 -9"><span class='ocrx_word' id='word_1_258' title='bbox 1055 525 1168 557; x_wconf 83' lang='lat' dir='ltr'>Oxou.</span> <span class='ocrx_word' id='word_1_259' title='bbox 1185 530 1221 556; x_wconf 89' lang='lat' dir='ltr'>ut</span> <span class='ocrx_word' id='word_1_260' title='bbox 1237 535 1313 555; x_wconf 89' lang='lat' dir='ltr'>cum</span> <span class='ocrx_word' id='word_1_261' title='bbox 1329 524 1547 565; x_wconf 84' lang='lat' dir='ltr'>sequentibus</span> <span class='ocrx_word' id='word_1_262' title='bbox 1562 524 1636 554; x_wconf 77' lang='lat' dir='ltr'>haec</span> <span class='ocrx_word' id='word_1_263' title='bbox 1650 524 1760 555; x_wconf 86' lang='lat' dir='ltr'>cohae·</span> 
     </span>
     <span class='ocr_line' id='line_1_59' title="bbox 1055 575 1759 615; baseline 0 -9"><span class='ocrx_word' id='word_1_264' title='bbox 1055 580 1175 607; x_wconf 86' lang='lat' dir='ltr'>reant:</span> <span class='ocrx_word' id='word_1_265' title='bbox 1209 576 1305 607; x_wconf 79' lang='lat' dir='ltr'>sentit</span> <span class='ocrx_word' id='word_1_266' title='bbox 1333 577 1437 606; x_wconf 82' lang='lat' dir='ltr'>etiam</span> <span class='ocrx_word' id='word_1_267' title='bbox 1464 585 1524 615; x_wconf 87' lang='lat' dir='ltr'>pro</span> <span class='ocrx_word' id='word_1_268' title='bbox 1549 575 1646 605; x_wconf 80' lang='lat' dir='ltr'>sensit</span> <span class='ocrx_word' id='word_1_269' title='bbox 1671 575 1759 606; x_wconf 89' lang='lat' dir='ltr'>bene</span> 
     </span>
     <span class='ocr_line' id='line_1_60' title="bbox 1057 626 1672 668; baseline 0 -11"><span class='ocrx_word' id='word_1_270' title='bbox 1057 627 1199 658; x_wconf 80' lang='lat' dir='ltr'>Lucens.</span> <span class='ocrx_word' id='word_1_271' title='bbox 1217 631 1252 657; x_wconf 90' lang='lat' dir='ltr'>et</span> <span class='ocrx_word' id='word_1_272' title='bbox 1269 627 1361 668; x_wconf 88' lang='lat' dir='ltr'>prior</span> <span class='ocrx_word' id='word_1_273' title='bbox 1378 626 1477 658; x_wconf 89' lang='lat' dir='ltr'>Leid.</span> <span class='ocrx_word' id='word_1_274' title='bbox 1503 627 1545 658; x_wconf 94' lang='lat' dir='ltr'>D.</span> <span class='ocrx_word' id='word_1_275' title='bbox 1560 626 1672 657; x_wconf 70' lang='lat' dir='ltr'>Heius.</span> 
     </span>
    </p>

    <p class='ocr_par' dir='ltr' id='par_1_18' title="bbox 1056 676 1763 768">
     <span class='ocr_line' id='line_1_61' title="bbox 1098 676 1763 718; baseline 0 -11"><span class='ocrx_word' id='word_1_276' title='bbox 1098 678 1276 716; x_wconf 75' lang='lat' dir='ltr'>Augustior</span> <span class='ocrx_word' id='word_1_277' title='bbox 1301 677 1421 717; x_wconf 83' lang='lat' dir='ltr'>infans]</span> <span class='ocrx_word' id='word_1_278' title='bbox 1455 677 1614 708; x_wconf 86' lang='lat' dir='ltr'>Humano</span> <span class='ocrx_word' id='word_1_279' title='bbox 1645 676 1763 718; x_wconf 83' lang='lat' dir='ltr'>major,</span> 
     </span>
     <span class='ocr_line' id='line_1_62' title="bbox 1056 727 1673 768; baseline 0.002 -11"><span class='ocrx_word' id='word_1_280' title='bbox 1056 728 1088 757; x_wconf 92' lang='lat' dir='ltr'>in</span> <span class='ocrx_word' id='word_1_281' title='bbox 1105 728 1360 768; x_wconf 81' lang='lat' dir='ltr'>depressionem</span> <span class='ocrx_word' id='word_1_282' title='bbox 1378 728 1533 759; x_wconf 81' lang='lat' dir='ltr'>Arcadii.</span> <span class='ocrx_word' id='word_1_283' title='bbox 1556 727 1673 759; x_wconf 80' lang='lat' dir='ltr'>Barth.</span> 
     </span>
    </p>

    <p class='ocr_par' dir='ltr' id='par_1_19' title="bbox 1058 779 1761 870">
     <span class='ocr_line' id='line_1_63' title="bbox 1100 779 1761 820; baseline 0.002 -11"><span class='ocrx_word' id='word_1_284' title='bbox 1100 782 1162 809; x_wconf 79' lang='lat'>152</span> <span class='ocrx_word' id='word_1_285' title='bbox 1186 780 1291 810; x_wconf 80' lang='lat' dir='ltr'>Sentit</span> <span class='ocrx_word' id='word_1_286' title='bbox 1306 782 1469 811; x_wconf 84' lang='lat' dir='ltr'>adorantes</span> <span class='ocrx_word' id='word_1_287' title='bbox 1485 781 1608 820; x_wconf 79' lang='lat' dir='ltr'>galeas]</span> <span class='ocrx_word' id='word_1_288' title='bbox 1631 779 1761 810; x_wconf 79' lang='lat' dir='ltr'>Adora-</span> 
     </span>
     <span class='ocr_line' id='line_1_64' title="bbox 1058 829 1682 870; baseline 0.003 -11"><span class='ocrx_word' id='word_1_289' title='bbox 1058 829 1105 860; x_wconf 82' lang='lat' dir='ltr'>tio</span> <span class='ocrx_word' id='word_1_290' title='bbox 1122 830 1264 860; x_wconf 87' lang='lat' dir='ltr'>Romani</span> <span class='ocrx_word' id='word_1_291' title='bbox 1281 830 1451 870; x_wconf 81' lang='lat' dir='ltr'>Principis</span> <span class='ocrx_word' id='word_1_292' title='bbox 1468 835 1558 861; x_wconf 83' lang='lat' dir='ltr'>nota.</span> <span class='ocrx_word' id='word_1_293' title='bbox 1583 831 1682 861; x_wconf 86' lang='lat' dir='ltr'>Idem.</span> 
     </span>
    </p>

    <p class='ocr_par' dir='ltr' id='par_1_20' title="bbox 1058 879 1767 1173">
     <span class='ocr_line' id='line_1_65' title="bbox 1102 879 1764 919; baseline 0.003 -10"><span class='ocrx_word' id='word_1_294' title='bbox 1102 882 1163 909; x_wconf 83' lang='lat'>154</span> <span class='ocrx_word' id='word_1_295' title='bbox 1181 880 1270 910; x_wconf 85' lang='lat' dir='ltr'>Inter</span> <span class='ocrx_word' id='word_1_296' title='bbox 1278 879 1428 910; x_wconf 81' lang='lat' dir='ltr'>cunabula</span> <span class='ocrx_word' id='word_1_297' title='bbox 1443 880 1554 910; x_wconf 87' lang='lat' dir='ltr'>Consul</span> <span class='ocrx_word' id='word_1_298' title='bbox 1563 879 1764 919; x_wconf 80' lang='lat' dir='ltr'>Proveheris]</span> 
     </span>
     <span class='ocr_line' id='line_1_66' title="bbox 1059 929 1765 970; baseline -0.001 -10"><span class='ocrx_word' id='word_1_299' title='bbox 1059 929 1183 961; x_wconf 92' lang='lat' dir='ltr'>Consul</span> <span class='ocrx_word' id='word_1_300' title='bbox 1195 930 1406 970; x_wconf 79' lang='lat' dir='ltr'>proveheris,</span> <span class='ocrx_word' id='word_1_301' title='bbox 1418 929 1452 960; x_wconf 89' lang='lat' dir='ltr'>in</span> <span class='ocrx_word' id='word_1_302' title='bbox 1467 929 1660 960; x_wconf 83' lang='lat' dir='ltr'>Consulem.</span> <span class='ocrx_word' id='word_1_303' title='bbox 1692 929 1765 960; x_wconf 90' lang='lat' dir='ltr'>Ho-</span> 
     </span>
     <span class='ocr_line' id='line_1_67' title="bbox 1059 980 1765 1012; baseline -0.001 -1"><span class='ocrx_word' id='word_1_304' title='bbox 1059 981 1172 1012; x_wconf 90' lang='lat' dir='ltr'>norius</span> <span class='ocrx_word' id='word_1_305' title='bbox 1189 987 1302 1012; x_wconf 88' lang='lat' dir='ltr'>autem</span> <span class='ocrx_word' id='word_1_306' title='bbox 1329 985 1428 1012; x_wconf 82' lang='lat' dir='ltr'>uatus</span> <span class='ocrx_word' id='word_1_307' title='bbox 1455 985 1507 1011; x_wconf 83' lang='lat' dir='ltr'>est</span> <span class='ocrx_word' id='word_1_308' title='bbox 1530 980 1711 1010; x_wconf 86' lang='lat' dir='ltr'>Ricomere</span> <span class='ocrx_word' id='word_1_309' title='bbox 1728 982 1765 1011; x_wconf 86' lang='lat' dir='ltr'>et</span> 
     </span>
     <span class='ocr_line' id='line_1_68' title="bbox 1061 1030 1765 1063; baseline -0.003 -1"><span class='ocrx_word' id='word_1_310' title='bbox 1061 1031 1228 1062; x_wconf 76' lang='lat' dir='ltr'>Cleareho</span> <span class='ocrx_word' id='word_1_311' title='bbox 1245 1031 1461 1063; x_wconf 86' lang='lat' dir='ltr'>Consulibus.</span> <span class='ocrx_word' id='word_1_312' title='bbox 1505 1030 1626 1061; x_wconf 88' lang='lat' dir='ltr'>Tertio</span> <span class='ocrx_word' id='word_1_313' title='bbox 1653 1030 1765 1061; x_wconf 81' lang='lat' dir='ltr'>aetatis</span> 
     </span>
     <span class='ocr_line' id='line_1_69' title="bbox 1059 1081 1767 1122; baseline 0.001 -10"><span class='ocrx_word' id='word_1_314' title='bbox 1059 1092 1146 1113; x_wconf 90' lang='lat' dir='ltr'>anno</span> <span class='ocrx_word' id='word_1_315' title='bbox 1163 1082 1335 1113; x_wconf 85' lang='lat' dir='ltr'>Honorius</span> <span class='ocrx_word' id='word_1_316' title='bbox 1349 1083 1469 1114; x_wconf 80' lang='lat' dir='ltr'>Fastos</span> <span class='ocrx_word' id='word_1_317' title='bbox 1487 1082 1610 1122; x_wconf 85' lang='lat' dir='ltr'>tenuit,</span> <span class='ocrx_word' id='word_1_318' title='bbox 1622 1081 1767 1121; x_wconf 84' lang='lat' dir='ltr'>Evodio,</span> 
     </span>
     <span class='ocr_line' id='line_1_70' title="bbox 1058 1133 1580 1173; baseline -0.002 -9"><span class='ocrx_word' id='word_1_319' title='bbox 1058 1134 1130 1164; x_wconf 82' lang='lat' dir='ltr'>viro</span> <span class='ocrx_word' id='word_1_320' title='bbox 1147 1138 1298 1173; x_wconf 88' lang='lat' dir='ltr'>strenuo,</span> <span class='ocrx_word' id='word_1_321' title='bbox 1314 1134 1456 1173; x_wconf 86' lang='lat' dir='ltr'>collega.</span> <span class='ocrx_word' id='word_1_322' title='bbox 1481 1133 1580 1163; x_wconf 80' lang='lat' dir='ltr'>Idem.</span> 
     </span>
    </p>

    <p class='ocr_par' dir='ltr' id='par_1_21' title="bbox 1058 1182 1771 2280">
     <span class='ocr_line' id='line_1_71' title="bbox 1103 1182 1766 1224; baseline 0 -10"><span class='ocrx_word' id='word_1_323' title='bbox 1103 1187 1163 1214; x_wconf 85' lang='lat'>155</span> <span class='ocrx_word' id='word_1_324' title='bbox 1189 1183 1327 1223; x_wconf 84' lang='lat' dir='ltr'>Signans</span> <span class='ocrx_word' id='word_1_325' title='bbox 1345 1185 1446 1224; x_wconf 79' lang='lat' dir='ltr'>posito</span> <span class='ocrx_word' id='word_1_326' title='bbox 1462 1185 1549 1214; x_wconf 83' lang='lat' dir='ltr'>modo</span> <span class='ocrx_word' id='word_1_327' title='bbox 1564 1183 1686 1214; x_wconf 80' lang='lat' dir='ltr'>nomine</span> <span class='ocrx_word' id='word_1_328' title='bbox 1694 1182 1766 1222; x_wconf 80' lang='lat' dir='ltr'>fas-</span> 
     </span>
     <span class='ocr_line' id='line_1_72' title="bbox 1058 1234 1765 1274; baseline 0.003 -10"><span class='ocrx_word' id='word_1_329' title='bbox 1058 1234 1120 1274; x_wconf 81' lang='lat' dir='ltr'>tos]</span> <span class='ocrx_word' id='word_1_330' title='bbox 1145 1235 1262 1274; x_wconf 81' lang='lat' dir='ltr'>Signas</span> <span class='ocrx_word' id='word_1_331' title='bbox 1288 1236 1433 1265; x_wconf 85' lang='lat' dir='ltr'>Lucens.</span> <span class='ocrx_word' id='word_1_332' title='bbox 1461 1239 1496 1265; x_wconf 90' lang='lat' dir='ltr'>et</span> <span class='ocrx_word' id='word_1_333' title='bbox 1522 1234 1589 1264; x_wconf 88' lang='lat' dir='ltr'>duo</span> <span class='ocrx_word' id='word_1_334' title='bbox 1606 1234 1765 1266; x_wconf 82' lang='lat' dir='ltr'>Vatican.</span> 
     </span>
     <span class='ocr_line' id='line_1_73' title="bbox 1059 1284 1768 1322; baseline 0 -7"><span class='ocrx_word' id='word_1_335' title='bbox 1059 1284 1150 1315; x_wconf 83' lang='lat' dir='ltr'>idem</span> <span class='ocrx_word' id='word_1_336' title='bbox 1177 1284 1340 1315; x_wconf 86' lang='lat' dir='ltr'>Lucensis</span> <span class='ocrx_word' id='word_1_337' title='bbox 1361 1284 1479 1322; x_wconf 84' lang='lat' dir='ltr'>fastus.</span> <span class='ocrx_word' id='word_1_338' title='bbox 1515 1284 1616 1316; x_wconf 81' lang='lat' dir='ltr'>Cous.</span> <span class='ocrx_word' id='word_1_339' title='bbox 1644 1285 1768 1315; x_wconf 88' lang='lat' dir='ltr'>Manlii</span> 
     </span>
     <span class='ocr_line' id='line_1_74' title="bbox 1060 1334 1765 1375; baseline 0.001 -9"><span class='ocrx_word' id='word_1_340' title='bbox 1060 1335 1172 1373; x_wconf 90' lang='lat' dir='ltr'>initio,</span> <span class='ocrx_word' id='word_1_341' title='bbox 1196 1337 1204 1352; x_wconf 75' lang='lat'>⁵</span> <span class='ocrx_word' id='word_1_342' title='bbox 1220 1345 1283 1366; x_wconf 89' lang='lat' dir='ltr'>uec</span> <span class='ocrx_word' id='word_1_343' title='bbox 1308 1334 1453 1366; x_wconf 83' lang='lat' dir='ltr'>fastibus</span> <span class='ocrx_word' id='word_1_344' title='bbox 1478 1335 1554 1365; x_wconf 87' lang='lat' dir='ltr'>ullis</span> <span class='ocrx_word' id='word_1_345' title='bbox 1581 1334 1733 1375; x_wconf 84' lang='lat' dir='ltr'>Erigitur</span> <span class='ocrx_word' id='word_1_346' title='bbox 1744 1335 1765 1368; x_wconf 87' lang='lat'>:’</span> 
     </span>
     <span class='ocr_line' id='line_1_75' title="bbox 1059 1385 1766 1426; baseline 0 -9"><span class='ocrx_word' id='word_1_347' title='bbox 1059 1386 1107 1417; x_wconf 84' lang='lat' dir='ltr'>ita</span> <span class='ocrx_word' id='word_1_348' title='bbox 1122 1385 1255 1426; x_wconf 80' lang='lat' dir='ltr'>scripti,</span> <span class='ocrx_word' id='word_1_349' title='bbox 1270 1389 1308 1416; x_wconf 90' lang='lat' dir='ltr'>ut</span> <span class='ocrx_word' id='word_1_350' title='bbox 1325 1390 1361 1416; x_wconf 88' lang='lat' dir='ltr'>et</span> <span class='ocrx_word' id='word_1_351' title='bbox 1376 1385 1488 1425; x_wconf 84' lang='lat' dir='ltr'>Epist.</span> <span class='ocrx_word' id='word_1_352' title='bbox 1504 1385 1546 1415; x_wconf 90' lang='lat' dir='ltr'>ad</span> <span class='ocrx_word' id='word_1_353' title='bbox 1557 1385 1766 1417; x_wconf 89' lang='lat' dir='ltr'>Probinum:</span> 
     </span>
     <span class='ocr_line' id='line_1_76' title="bbox 1061 1434 1768 1476; baseline 0.001 -10"><span class='ocrx_word' id='word_1_354' title='bbox 1061 1437 1069 1453; x_wconf 88' lang='lat'>‘</span> <span class='ocrx_word' id='word_1_355' title='bbox 1088 1435 1330 1476; x_wconf 78' lang='lat' dir='ltr'>lncipiensque</span> <span class='ocrx_word' id='word_1_356' title='bbox 1353 1435 1419 1466; x_wconf 88' lang='lat' dir='ltr'>tuis</span> <span class='ocrx_word' id='word_1_357' title='bbox 1446 1444 1466 1465; x_wconf 87' lang='lat' dir='ltr'>a</span> <span class='ocrx_word' id='word_1_358' title='bbox 1489 1434 1633 1467; x_wconf 85' lang='lat' dir='ltr'>fastibus</span> <span class='ocrx_word' id='word_1_359' title='bbox 1656 1436 1768 1467; x_wconf 84' lang='lat' dir='ltr'>omina</span> 
     </span>
     <span class='ocr_line' id='line_1_77' title="bbox 1060 1486 1769 1527; baseline 0 -9"><span class='ocrx_word' id='word_1_360' title='bbox 1060 1486 1175 1527; x_wconf 66' lang='lat' dir='ltr'>coepi!</span> <span class='ocrx_word' id='word_1_361' title='bbox 1203 1486 1275 1518; x_wconf 91' lang='lat' dir='ltr'>Lib.</span> <span class='ocrx_word' id='word_1_362' title='bbox 1294 1495 1317 1517; x_wconf 90' lang='lat'>1.</span> <span class='ocrx_word' id='word_1_363' title='bbox 1334 1486 1367 1516; x_wconf 93' lang='lat' dir='ltr'>in</span> <span class='ocrx_word' id='word_1_364' title='bbox 1385 1486 1606 1527; x_wconf 86' lang='lat' dir='ltr'>Eutropium:</span> <span class='ocrx_word' id='word_1_365' title='bbox 1643 1486 1652 1503; x_wconf 82' lang='lat'>‘</span> <span class='ocrx_word' id='word_1_366' title='bbox 1668 1486 1769 1518; x_wconf 86' lang='lat' dir='ltr'>Inter</span> 
     </span>
     <span class='ocr_line' id='line_1_78' title="bbox 1060 1537 1770 1569; baseline 0.001 -1"><span class='ocrx_word' id='word_1_367' title='bbox 1060 1537 1370 1569; x_wconf 73' lang='lat' dir='ltr'>Arintheifastusz&#39;</span> <span class='ocrx_word' id='word_1_368' title='bbox 1392 1537 1441 1568; x_wconf 87' lang='lat' dir='ltr'>sic</span> <span class='ocrx_word' id='word_1_369' title='bbox 1458 1542 1494 1568; x_wconf 90' lang='lat' dir='ltr'>et</span> <span class='ocrx_word' id='word_1_370' title='bbox 1507 1537 1675 1569; x_wconf 89' lang='lat' dir='ltr'>Lucanus.</span> <span class='ocrx_word' id='word_1_371' title='bbox 1699 1537 1770 1569; x_wconf 91' lang='lat' dir='ltr'>Ho-</span> 
     </span>
     <span class='ocr_line' id='line_1_79' title="bbox 1061 1587 1766 1627; baseline 0.001 -9"><span class='ocrx_word' id='word_1_372' title='bbox 1061 1588 1181 1627; x_wconf 86' lang='lat' dir='ltr'>ratius,</span> <span class='ocrx_word' id='word_1_373' title='bbox 1195 1587 1253 1619; x_wconf 87' lang='lat' dir='ltr'>lib.</span> <span class='ocrx_word' id='word_1_374' title='bbox 1266 1597 1320 1619; x_wconf 84' lang='lat'>111.</span> <span class='ocrx_word' id='word_1_375' title='bbox 1335 1587 1402 1618; x_wconf 86' lang='lat' dir='ltr'>Od.</span> <span class='ocrx_word' id='word_1_376' title='bbox 1418 1590 1469 1619; x_wconf 80' lang='lat'>17.</span> <span class='ocrx_word' id='word_1_377' title='bbox 1493 1587 1502 1604; x_wconf 75' lang='lat'><strong><em>⁶</em></strong></span> <span class='ocrx_word' id='word_1_378' title='bbox 1520 1587 1589 1618; x_wconf 83' lang='lat' dir='ltr'>Per</span> <span class='ocrx_word' id='word_1_379' title='bbox 1599 1591 1766 1619; x_wconf 76' lang='lat' dir='ltr'>memores</span> 
     </span>
     <span class='ocr_line' id='line_1_80' title="bbox 1062 1637 1766 1678; baseline 0.001 -9"><span class='ocrx_word' id='word_1_380' title='bbox 1062 1647 1169 1678; x_wconf 86' lang='lat' dir='ltr'>genus</span> <span class='ocrx_word' id='word_1_381' title='bbox 1183 1648 1282 1670; x_wconf 88' lang='lat' dir='ltr'>omne</span> <span class='ocrx_word' id='word_1_382' title='bbox 1296 1637 1404 1670; x_wconf 87' lang='lat' dir='ltr'>fastus</span> <span class='ocrx_word' id='word_1_383' title='bbox 1418 1638 1438 1670; x_wconf 85' lang='lat'>:⁷</span> <span class='ocrx_word' id='word_1_384' title='bbox 1453 1643 1489 1670; x_wconf 92' lang='lat' dir='ltr'>et</span> <span class='ocrx_word' id='word_1_385' title='bbox 1504 1638 1560 1670; x_wconf 88' lang='lat' dir='ltr'>lib.</span> <span class='ocrx_word' id='word_1_386' title='bbox 1572 1647 1620 1670; x_wconf 91' lang='lat' dir='ltr'>1v.</span> <span class='ocrx_word' id='word_1_387' title='bbox 1634 1638 1700 1670; x_wconf 90' lang='lat' dir='ltr'>Od.</span> <span class='ocrx_word' id='word_1_388' title='bbox 1713 1641 1766 1670; x_wconf 81' lang='lat'>14.</span> 
     </span>
     <span class='ocr_line' id='line_1_81' title="bbox 1060 1687 1769 1730; baseline 0.001 -10"><span class='ocrx_word' id='word_1_389' title='bbox 1060 1691 1068 1706; x_wconf 90' lang='lat'>‘</span> <span class='ocrx_word' id='word_1_390' title='bbox 1088 1690 1158 1720; x_wconf 88' lang='lat' dir='ltr'>Per</span> <span class='ocrx_word' id='word_1_391' title='bbox 1196 1689 1314 1720; x_wconf 91' lang='lat' dir='ltr'>titulos</span> <span class='ocrx_word' id='word_1_392' title='bbox 1352 1698 1587 1730; x_wconf 84' lang='lat' dir='ltr'>memoresque</span> <span class='ocrx_word' id='word_1_393' title='bbox 1635 1687 1769 1721; x_wconf 71' lang='lat' dir='ltr'>fastus!</span> 
     </span>
     <span class='ocr_line' id='line_1_82' title="bbox 1062 1739 1770 1781; baseline -0.001 -9"><span class='ocrx_word' id='word_1_394' title='bbox 1062 1740 1240 1773; x_wconf 82' lang='lat' dir='ltr'>Quomodo</span> <span class='ocrx_word' id='word_1_395' title='bbox 1265 1744 1447 1781; x_wconf 87' lang='lat' dir='ltr'>utrumque</span> <span class='ocrx_word' id='word_1_396' title='bbox 1473 1739 1585 1771; x_wconf 88' lang='lat' dir='ltr'>locum</span> <span class='ocrx_word' id='word_1_397' title='bbox 1611 1740 1770 1771; x_wconf 88' lang='lat' dir='ltr'>Petavia-</span> 
     </span>
     <span class='ocr_line' id='line_1_83' title="bbox 1061 1790 1768 1832; baseline 0.001 -11"><span class='ocrx_word' id='word_1_398' title='bbox 1061 1801 1124 1822; x_wconf 88' lang='lat' dir='ltr'>nus</span> <span class='ocrx_word' id='word_1_399' title='bbox 1138 1790 1247 1822; x_wconf 85' lang='lat' dir='ltr'>codex</span> <span class='ocrx_word' id='word_1_400' title='bbox 1259 1790 1418 1821; x_wconf 84' lang='lat' dir='ltr'>exhibet:</span> <span class='ocrx_word' id='word_1_401' title='bbox 1445 1795 1546 1832; x_wconf 87' lang='lat' dir='ltr'>atque</span> <span class='ocrx_word' id='word_1_402' title='bbox 1557 1790 1606 1821; x_wconf 84' lang='lat' dir='ltr'>ita</span> <span class='ocrx_word' id='word_1_403' title='bbox 1617 1800 1677 1822; x_wconf 88' lang='lat' dir='ltr'>suo</span> <span class='ocrx_word' id='word_1_404' title='bbox 1688 1800 1768 1832; x_wconf 88' lang='lat' dir='ltr'>quo-</span> 
     </span>
     <span class='ocr_line' id='line_1_84' title="bbox 1061 1841 1768 1883; baseline 0 -11"><span class='ocrx_word' id='word_1_405' title='bbox 1061 1851 1126 1883; x_wconf 88' lang='lat' dir='ltr'>que</span> <span class='ocrx_word' id='word_1_406' title='bbox 1143 1846 1297 1882; x_wconf 89' lang='lat' dir='ltr'>tempore</span> <span class='ocrx_word' id='word_1_407' title='bbox 1314 1842 1347 1871; x_wconf 89' lang='lat' dir='ltr'>in</span> <span class='ocrx_word' id='word_1_408' title='bbox 1375 1841 1546 1872; x_wconf 86' lang='lat' dir='ltr'>nonnullis</span> <span class='ocrx_word' id='word_1_409' title='bbox 1564 1841 1768 1873; x_wconf 85' lang='lat' dir='ltr'>membranis</span> 
     </span>
     <span class='ocr_line' id='line_1_85' title="bbox 1061 1889 1768 1923; baseline 0.003 -2"><span class='ocrx_word' id='word_1_410' title='bbox 1061 1895 1237 1922; x_wconf 86' lang='lat' dir='ltr'>exaratum</span> <span class='ocrx_word' id='word_1_411' title='bbox 1265 1889 1366 1921; x_wconf 82' lang='lat' dir='ltr'>fuisse</span> <span class='ocrx_word' id='word_1_412' title='bbox 1394 1894 1540 1921; x_wconf 79' lang='lat' dir='ltr'>testatur</span> <span class='ocrx_word' id='word_1_413' title='bbox 1555 1891 1768 1923; x_wconf 73' lang='lat' dir='ltr'>Priscianus.</span> 
     </span>
     <span class='ocr_line' id='line_1_86' title="bbox 1063 1941 1769 1982; baseline 0.001 -10"><span class='ocrx_word' id='word_1_414' title='bbox 1063 1942 1168 1972; x_wconf 90' lang='lat' dir='ltr'>Ovid.</span> <span class='ocrx_word' id='word_1_415' title='bbox 1197 1941 1294 1972; x_wconf 89' lang='lat' dir='ltr'>initio</span> <span class='ocrx_word' id='word_1_416' title='bbox 1321 1941 1413 1971; x_wconf 88' lang='lat' dir='ltr'>Fast.</span> <span class='ocrx_word' id='word_1_417' title='bbox 1441 1941 1450 1958; x_wconf 84' lang='lat'>‘</span> <span class='ocrx_word' id='word_1_418' title='bbox 1468 1941 1622 1982; x_wconf 82' lang='lat' dir='ltr'>Quaeque</span> <span class='ocrx_word' id='word_1_419' title='bbox 1650 1941 1769 1973; x_wconf 86' lang='lat' dir='ltr'>ferunt</span> 
     </span>
     <span class='ocr_line' id='line_1_87' title="bbox 1062 1991 1770 2034; baseline 0.001 -10"><span class='ocrx_word' id='word_1_420' title='bbox 1062 1994 1110 2025; x_wconf 86' lang='lat' dir='ltr'>illi</span> <span class='ocrx_word' id='word_1_421' title='bbox 1137 1993 1246 2034; x_wconf 86' lang='lat' dir='ltr'>pictos</span> <span class='ocrx_word' id='word_1_422' title='bbox 1272 1992 1444 2033; x_wconf 86' lang='lat' dir='ltr'>signantia</span> <span class='ocrx_word' id='word_1_423' title='bbox 1469 1991 1600 2033; x_wconf 85' lang='lat' dir='ltr'>fastus‚&#39;</span> <span class='ocrx_word' id='word_1_424' title='bbox 1622 2003 1665 2024; x_wconf 87' lang='lat' dir='ltr'>ex</span> <span class='ocrx_word' id='word_1_425' title='bbox 1693 2004 1770 2025; x_wconf 85' lang='lat' dir='ltr'>auc-</span> 
     </span>
     <span class='ocr_line' id='line_1_88' title="bbox 1063 2042 1771 2076; baseline 0.001 -1"><span class='ocrx_word' id='word_1_426' title='bbox 1063 2044 1202 2075; x_wconf 85' lang='lat' dir='ltr'>toritate</span> <span class='ocrx_word' id='word_1_427' title='bbox 1219 2044 1392 2075; x_wconf 85' lang='lat' dir='ltr'>veterrimi</span> <span class='ocrx_word' id='word_1_428' title='bbox 1417 2042 1495 2074; x_wconf 88' lang='lat' dir='ltr'>libri</span> <span class='ocrx_word' id='word_1_429' title='bbox 1518 2043 1687 2075; x_wconf 79' lang='lat' dir='ltr'>Vaticani.</span> <span class='ocrx_word' id='word_1_430' title='bbox 1721 2045 1771 2076; x_wconf 90' lang='lat' dir='ltr'>Si-</span> 
     </span>
     <span class='ocr_line' id='line_1_89' title="bbox 1063 2093 1769 2134; baseline 0.001 -9"><span class='ocrx_word' id='word_1_431' title='bbox 1063 2095 1138 2134; x_wconf 88' lang='lat' dir='ltr'>lius,</span> <span class='ocrx_word' id='word_1_432' title='bbox 1154 2095 1213 2126; x_wconf 89' lang='lat' dir='ltr'>lib.</span> <span class='ocrx_word' id='word_1_433' title='bbox 1228 2104 1269 2126; x_wconf 83' lang='lat'>11.</span> <span class='ocrx_word' id='word_1_434' title='bbox 1294 2095 1302 2111; x_wconf 91' lang='lat'>‘</span> <span class='ocrx_word' id='word_1_435' title='bbox 1321 2093 1489 2125; x_wconf 88' lang='lat' dir='ltr'>Ausonios</span> <span class='ocrx_word' id='word_1_436' title='bbox 1503 2097 1603 2125; x_wconf 84' lang='lat' dir='ltr'>atavo</span> <span class='ocrx_word' id='word_1_437' title='bbox 1619 2093 1769 2126; x_wconf 88' lang='lat' dir='ltr'>ducebat</span> 
     </span>
     <span class='ocr_line' id='line_1_90' title="bbox 1063 2144 1769 2186; baseline 0.001 -10"><span class='ocrx_word' id='word_1_438' title='bbox 1063 2147 1204 2176; x_wconf 83' lang='lat' dir='ltr'>consule</span> <span class='ocrx_word' id='word_1_439' title='bbox 1218 2144 1350 2184; x_wconf 81' lang='lat' dir='ltr'>fastus,’</span> <span class='ocrx_word' id='word_1_440' title='bbox 1366 2154 1432 2176; x_wconf 90' lang='lat' dir='ltr'>non</span> <span class='ocrx_word' id='word_1_441' title='bbox 1441 2144 1545 2184; x_wconf 78' lang='lat' dir='ltr'>fasces</span> <span class='ocrx_word' id='word_1_442' title='bbox 1556 2144 1624 2176; x_wconf 89' lang='lat' dir='ltr'>duo</span> <span class='ocrx_word' id='word_1_443' title='bbox 1636 2145 1769 2186; x_wconf 88' lang='lat' dir='ltr'>scripti.</span> 
     </span>
     <span class='ocr_line' id='line_1_91' title="bbox 1059 2195 1768 2229; baseline -0.001 -2"><span class='ocrx_word' id='word_1_444' title='bbox 1059 2198 1163 2228; x_wconf 81' lang='lat' dir='ltr'>Plura</span> <span class='ocrx_word' id='word_1_445' title='bbox 1180 2196 1223 2227; x_wconf 90' lang='lat' dir='ltr'>ad</span> <span class='ocrx_word' id='word_1_446' title='bbox 1240 2197 1412 2228; x_wconf 88' lang='lat' dir='ltr'>Nasonem</span> <span class='ocrx_word' id='word_1_447' title='bbox 1428 2196 1519 2228; x_wconf 86' lang='lat' dir='ltr'>Fast.</span> <span class='ocrx_word' id='word_1_448' title='bbox 1533 2195 1594 2229; x_wconf 89' lang='lat' dir='ltr'>lib.</span> <span class='ocrx_word' id='word_1_449' title='bbox 1611 2204 1636 2226; x_wconf 91' lang='lat'>1.</span> <span class='ocrx_word' id='word_1_450' title='bbox 1654 2206 1703 2228; x_wconf 90' lang='lat' dir='ltr'>vs.</span> <span class='ocrx_word' id='word_1_451' title='bbox 1716 2199 1768 2227; x_wconf 91' lang='lat' dir='ltr'>ll.</span> 
     </span>
     <span class='ocr_line' id='line_1_92' title="bbox 1059 2248 1233 2280; baseline -0.011 0"><span class='ocrx_word' id='word_1_452' title='bbox 1059 2249 1104 2280; x_wconf 92' lang='lat' dir='ltr'>D.</span> <span class='ocrx_word' id='word_1_453' title='bbox 1122 2248 1233 2279; x_wconf 85' lang='lat' dir='ltr'>Heins.</span> 
     </span>
    </p>

    <p class='ocr_par' dir='ltr' id='par_1_22' title="bbox 1058 2297 1770 2438">
     <span class='ocr_line' id='line_1_93' title="bbox 1103 2297 1770 2337; baseline 0 -9"><span class='ocrx_word' id='word_1_454' title='bbox 1103 2299 1211 2328; x_wconf 78' lang='lat' dir='ltr'>Posito</span> <span class='ocrx_word' id='word_1_455' title='bbox 1236 2299 1324 2328; x_wconf 78' lang='lat' dir='ltr'>modo</span> <span class='ocrx_word' id='word_1_456' title='bbox 1349 2297 1484 2337; x_wconf 80' lang='lat' dir='ltr'>nomine]</span> <span class='ocrx_word' id='word_1_457' title='bbox 1509 2297 1663 2330; x_wconf 71' lang='lat' dir='ltr'>Poetice.</span> <span class='ocrx_word' id='word_1_458' title='bbox 1701 2298 1770 2329; x_wconf 93' lang='lat' dir='ltr'>No-</span> 
     </span>
     <span class='ocr_line' id='line_1_94' title="bbox 1058 2348 1768 2388; baseline 0.001 -10"><span class='ocrx_word' id='word_1_459' title='bbox 1058 2348 1149 2379; x_wconf 88' lang='lat' dir='ltr'>mina</span> <span class='ocrx_word' id='word_1_460' title='bbox 1174 2348 1264 2378; x_wconf 84' lang='lat' dir='ltr'>enim</span> <span class='ocrx_word' id='word_1_461' title='bbox 1296 2348 1411 2388; x_wconf 88' lang='lat' dir='ltr'>pueris</span> <span class='ocrx_word' id='word_1_462' title='bbox 1438 2357 1538 2388; x_wconf 90' lang='lat' dir='ltr'>nono,</span> <span class='ocrx_word' id='word_1_463' title='bbox 1564 2352 1686 2379; x_wconf 83' lang='lat' dir='ltr'>octavo</span> <span class='ocrx_word' id='word_1_464' title='bbox 1703 2348 1768 2379; x_wconf 91' lang='lat' dir='ltr'>Ro-</span> 
     </span>
     <span class='ocr_line' id='line_1_95' title="bbox 1059 2397 1766 2438; baseline -0.001 -8"><span class='ocrx_word' id='word_1_465' title='bbox 1059 2399 1165 2430; x_wconf 86' lang='lat' dir='ltr'>manis</span> <span class='ocrx_word' id='word_1_466' title='bbox 1183 2398 1304 2438; x_wconf 88' lang='lat' dir='ltr'>puellis</span> <span class='ocrx_word' id='word_1_467' title='bbox 1321 2397 1592 2438; x_wconf 86' lang='lat' dir='ltr'>imponebantur.</span> <span class='ocrx_word' id='word_1_468' title='bbox 1624 2397 1766 2429; x_wconf 86' lang='lat' dir='ltr'>Festus:</span> 
     </span>
    </p>
   </div>
   <div class='ocr_carea' id='block_1_7' title="bbox 1059 2447 1826 2489">
    <p class='ocr_par' dir='ltr' id='par_1_23' title="bbox 1059 2447 1826 2489">
     <span class='ocr_line' id='line_1_96' title="bbox 1059 2447 1826 2489; baseline 0 -9"><span class='ocrx_word' id='word_1_469' title='bbox 1059 2451 1069 2466; x_wconf 92' lang='lat'>‘</span> <span class='ocrx_word' id='word_1_470' title='bbox 1088 2448 1235 2480; x_wconf 85' lang='lat' dir='ltr'>Lustrici</span> <span class='ocrx_word' id='word_1_471' title='bbox 1253 2448 1324 2478; x_wconf 88' lang='lat' dir='ltr'>dies</span> <span class='ocrx_word' id='word_1_472' title='bbox 1337 2447 1517 2479; x_wconf 88' lang='lat' dir='ltr'>infantium</span> <span class='ocrx_word' id='word_1_473' title='bbox 1541 2447 1770 2489; x_wconf 85' lang='lat' dir='ltr'>appellantur,</span> <span class='ocrx_word' id='word_1_474' title='bbox 1824 2471 1826 2480; x_wconf 75' lang='lat'>.</span> 
     </span>
    </p>
   </div>
   <div class='ocr_carea' id='block_1_8' title="bbox 1061 2500 1769 2541">
    <p class='ocr_par' dir='ltr' id='par_1_24' title="bbox 1061 2500 1769 2541">
     <span class='ocr_line' id='line_1_97' title="bbox 1061 2500 1769 2541; baseline -0.001 -10"><span class='ocrx_word' id='word_1_475' title='bbox 1061 2500 1251 2541; x_wconf 87' lang='lat' dir='ltr'>puellarum</span> <span class='ocrx_word' id='word_1_476' title='bbox 1267 2503 1419 2539; x_wconf 84' lang='lat' dir='ltr'>octavus,</span> <span class='ocrx_word' id='word_1_477' title='bbox 1440 2508 1623 2539; x_wconf 89' lang='lat' dir='ltr'>puerorum</span> <span class='ocrx_word' id='word_1_478' title='bbox 1647 2508 1769 2538; x_wconf 87' lang='lat' dir='ltr'>nonus,</span> 
     </span>
    </p>
   </div>
   <div class='ocr_carea' id='block_1_9' title="bbox 1060 2548 1826 2593">
    <p class='ocr_par' dir='ltr' id='par_1_25' title="bbox 1060 2548 1826 2593">
     <span class='ocr_line' id='line_1_98' title="bbox 1060 2548 1826 2593; baseline -0.001 -11"><span class='ocrx_word' id='word_1_479' title='bbox 1060 2551 1137 2593; x_wconf 89' lang='lat' dir='ltr'>quia</span> <span class='ocrx_word' id='word_1_480' title='bbox 1150 2551 1200 2581; x_wconf 88' lang='lat' dir='ltr'>bis</span> <span class='ocrx_word' id='word_1_481' title='bbox 1217 2551 1417 2588; x_wconf 87' lang='lat' dir='ltr'>lustrantur,</span> <span class='ocrx_word' id='word_1_482' title='bbox 1443 2553 1546 2589; x_wconf 88' lang='lat' dir='ltr'>atque</span> <span class='ocrx_word' id='word_1_483' title='bbox 1577 2548 1615 2579; x_wconf 89' lang='lat' dir='ltr'>iis</span> <span class='ocrx_word' id='word_1_484' title='bbox 1631 2549 1769 2581; x_wconf 86' lang='lat' dir='ltr'>nomina</span> <span class='ocrx_word' id='word_1_485' title='bbox 1823 2564 1826 2577; x_wconf 57' lang='grc' dir='ltr'><strong><em>ι</em></strong></span> 
     </span>
    </p>
   </div>
   <div class='ocr_carea' id='block_1_10' title="bbox 1060 2600 1442 2643">
    <p class='ocr_par' dir='ltr' id='par_1_26' title="bbox 1060 2600 1442 2643">
     <span class='ocr_line' id='line_1_99' title="bbox 1060 2600 1442 2643; baseline -0.008 -10"><span class='ocrx_word' id='word_1_486' title='bbox 1060 2600 1303 2643; x_wconf 89' lang='lat' dir='ltr'>imponuntur.&#39;</span> <span class='ocrx_word' id='word_1_487' title='bbox 1327 2600 1442 2631; x_wconf 83' lang='lat' dir='ltr'>Barth.</span> 
     </span>
    </p>
   </div>
   <div class='ocr_carea' id='block_1_11' title="bbox 1105 2632 1825 2692">
    <p class='ocr_par' dir='ltr' id='par_1_27' title="bbox 1105 2632 1825 2692">
     <span class='ocr_line' id='line_1_100' title="bbox 1105 2632 1825 2692; baseline -0.004 -8"><span class='ocrx_word' id='word_1_488' title='bbox 1105 2656 1167 2684; x_wconf 87' lang='grc'>156</span> <span class='ocrx_word' id='word_1_489' title='bbox 1181 2653 1382 2691; x_wconf 76' lang='lat' dir='ltr'>Donalurque</span> <span class='ocrx_word' id='word_1_490' title='bbox 1391 2651 1465 2692; x_wconf 78' lang='lat' dir='ltr'>tibi]</span> <span class='ocrx_word' id='word_1_491' title='bbox 1477 2649 1668 2682; x_wconf 87' lang='lat' dir='ltr'>Manifesta</span> <span class='ocrx_word' id='word_1_492' title='bbox 1680 2649 1768 2682; x_wconf 73' lang='grc' dir='ltr'>Ροὲ-</span> <span class='ocrx_word' id='word_1_493' title='bbox 1822 2632 1825 2659; x_wconf 73' lang='lat'><em>¹</em></span> 
     </span>
    </p>
   </div>
   <div class='ocr_carea' id='block_1_12' title="bbox 1060 2702 1768 2788">
    <p class='ocr_par' dir='ltr' id='par_1_28' title="bbox 1060 2702 1768 2788">
     <span class='ocr_line' id='line_1_101' title="bbox 1060 2702 1768 2744; baseline -0.006 -7"><span class='ocrx_word' id='word_1_494' title='bbox 1060 2706 1127 2737; x_wconf 91' lang='lat' dir='ltr'>tica</span> <span class='ocrx_word' id='word_1_495' title='bbox 1144 2709 1335 2744; x_wconf 88' lang='lat' dir='ltr'>temporum</span> <span class='ocrx_word' id='word_1_496' title='bbox 1351 2703 1506 2733; x_wconf 86' lang='lat' dir='ltr'>retorsio.</span> <span class='ocrx_word' id='word_1_497' title='bbox 1551 2702 1682 2743; x_wconf 87' lang='lat' dir='ltr'>Utjam</span> <span class='ocrx_word' id='word_1_498' title='bbox 1698 2710 1768 2733; x_wconf 89' lang='lat' dir='ltr'>mo·</span> 
     </span>
     <span class='ocr_line' id='line_1_102' title="bbox 1060 2753 1539 2788; baseline -0.008 0"><span class='ocrx_word' id='word_1_499' title='bbox 1060 2757 1102 2788; x_wconf 92' lang='lat' dir='ltr'>do</span> <span class='ocrx_word' id='word_1_500' title='bbox 1118 2758 1235 2786; x_wconf 89' lang='lat' dir='ltr'>notata</span> <span class='ocrx_word' id='word_1_501' title='bbox 1250 2753 1415 2784; x_wconf 87' lang='lat' dir='ltr'>indicant.</span> <span class='ocrx_word' id='word_1_502' title='bbox 1439 2753 1539 2784; x_wconf 83' lang='lat' dir='ltr'>Idem.</span> 
     </span>
    </p>
   </div>
   <div class='ocr_carea' id='block_1_13' title="bbox 1105 2800 1822 2844">
    <p class='ocr_par' dir='ltr' id='par_1_29' title="bbox 1105 2800 1822 2844">
     <span class='ocr_line' id='line_1_103' title="bbox 1105 2800 1822 2844; baseline -0.007 -6"><span class='ocrx_word' id='word_1_503' title='bbox 1105 2808 1164 2838; x_wconf 84' lang='grc'>157</span> <span class='ocrx_word' id='word_1_504' title='bbox 1184 2804 1345 2840; x_wconf 68' lang='lat' dir='ltr'>Quirinali</span> <span class='ocrx_word' id='word_1_505' title='bbox 1356 2803 1487 2844; x_wconf 83' lang='lat' dir='ltr'>amictu]</span> <span class='ocrx_word' id='word_1_506' title='bbox 1506 2802 1684 2835; x_wconf 88' lang='lat' dir='ltr'>Consulari</span> <span class='ocrx_word' id='word_1_507' title='bbox 1699 2805 1767 2834; x_wconf 81' lang='lat' dir='ltr'>tra·</span> <span class='ocrx_word' id='word_1_508' title='bbox 1820 2800 1822 2808; x_wconf 81' lang='grc'><em>’</em></span> 
     </span>
    </p>
   </div>
   <div class='ocr_carea' id='block_1_14' title="bbox 1824 955 1851 3213">
    <p class='ocr_par' dir='ltr' id='par_1_30' title="bbox 1824 955 1851 3213">
     <span class='ocr_line' id='line_1_104' title="bbox 1824 955 1851 3213; baseline 0 -475"><span class='ocrx_word' id='word_1_509' title='bbox 1824 955 1851 3213; x_wconf 95' lang='lat' dir='ltr'>   </span> 
     </span>
    </p>
   </div>
   <div class='ocr_carea' id='block_1_15' title="bbox 1821 2721 1824 2761">
    <p class='ocr_par' dir='ltr' id='par_1_31' title="bbox 1821 2721 1824 2761">
     <span class='ocr_line' id='line_1_105' title="bbox 1822 2721 1824 2748; baseline 0 0"><span class='ocrx_word' id='word_1_510' title='bbox 1822 2721 1824 2748; x_wconf 76' lang='lat' dir='ltr'>i</span> 
     </span>
     <span class='ocr_line' id='line_1_106' title="bbox 1821 2749 1823 2761; baseline 0 0"><span class='ocrx_word' id='word_1_511' title='bbox 1821 2749 1823 2761; x_wconf 70' lang='grc'><strong>4</strong></span> 
     </span>
    </p>
   </div>
  </div>
 </body>
</html>
