1852 3182
514 217 578 247 DE
615 217 769 246 BELLO
803 218 1089 249 GlLDONlCO.

113 314 270 355 Discolor]
284 313 425 353 Nigrior
436 312 648 353 parentibus,
659 312 775 342 Barth.

116 367 262 397 Discolor
288 363 404 404 infans]
438 364 584 402 Degener
614 363 776 401 Isiugriu.

73 416 172 456 prim.
196 415 311 446 Vatic.
329 414 451 454 aliique
467 422 538 444 sex.
564 413 608 444 D.
627 413 740 444 Heius.

116 468 175 497 195
201 465 349 497 Peditum
362 467 558 505 proecurrnnt
573 464 699 502 agmina
715 465 777 494 lon·

69 516 125 557 ge]
150 517 199 548 Ut
223 518 412 547 Romanum
441 515 636 555 Principem
664 525 778 546 curso-

71 577 137 600 res.
161 568 278 599 Barth.

117 621 178 649 197
203 616 375 648 Proturbat
388 615 490 656 avita]
508 615 584 646 Non
600 615 778 655 perturbat,

73 668 276 709 conjectura
299 666 546 707 Raphelengii:
572 665 776 697 confirmant

74 719 206 760 aliquot
222 728 264 749 ex
281 717 417 757 uostris,
434 718 535 748 etiam
556 717 655 757 prim.
681 717 777 748 Vati·

73 779 191 801 canus.

115 823 179 852 200
203 821 267 852 Fas
290 819 367 861 erit]
393 821 512 852 Metuo
540 831 582 851 ne
610 821 681 852 haec
710 825 780 852 tur-

73 872 155 903 bata
185 872 264 902 sint.
311 871 467 902 Ambros.
495 872 635 911 optimae
666 877 779 903 notae:

76 922 141 954 fas
156 922 216 953 erit
229 920 288 954 ’.7-
295 922 503 962 Errantesque
515 923 577 952 solo
592 922 692 952 natali
713 923 781 952 retl-

73 974 146 1004 dere
159 973 265 1004 cites:
287 972 320 1003 in
338 973 451 1012 priore
478 982 576 1003 versu
602 973 712 1002 hiatus
731 981 782 1002 re-

72 1022 174 1054 lictus
206 1027 294 1054 erat.
339 1023 480 1061 Moreti,
510 1028 545 1053 et
573 1032 638 1054 sec.
668 1023 781 1053 Vatic.

77 1073 140 1104 Fas
165 1073 226 1103 erit
255 1076 346 1113 atque
375 1074 438 1103 solo
475 1073 585 1104 natali.
643 1073 782 1104 Tholos.

77 1124 141 1155 Fas
166 1124 228 1154 erit
253 1127 393 1154 errantes
416 1124 525 1154 natali.
572 1123 710 1163 Regius,
737 1133 783 1154 me

74 1174 212 1204 reddere.
257 1173 352 1204 Med.
400 1177 436 1204 et
474 1174 783 1214 Rottendorphian.

75 1224 172 1255 mihi.-
195 1224 281 1254 latet
307 1223 458 1265 aliquid:
485 1233 563 1254 mox
589 1225 622 1255 ni
644 1225 785 1265 Jupiter,

75 1284 140 1305 non
165 1274 239 1313 nisi,
269 1274 525 1313 praestantiores
550 1275 679 1315 aliquot
707 1285 783 1306 cum

76 1324 185 1366 primo
200 1325 393 1355 Vaticano:
419 1323 510 1354 idem
526 1325 641 1356 Vatic.
661 1335 722 1365 pro
734 1325 784 1356 di-

77 1384 176 1406 versa
191 1374 339 1404 lectione
359 1373 458 1413 paulo
474 1379 551 1413 post
564 1374 722 1413 patiemur
737 1376 784 1405 in-

77 1426 172 1464 ultas,
190 1434 256 1455 non
269 1424 411 1454 inultam.
437 1423 481 1455 D.
501 1423 621 1456 Heius.

121 1478 183 1507 201
209 1476 277 1507 Iret
306 1475 404 1506 adhuc
432 1475 465 1505 in
494 1474 587 1505 verba
615 1475 715 1515 dolor]
743 1476 785 1507 E.

80 1532 265 1568 rumperet.
290 1528 409 1558 Barth.

121 1583 185 1611 202
214 1579 308 1610 Voces
317 1581 482 1611 adamante
493 1580 620 1611 notabat
635 1580 788 1621 Atropos]

80 1633 208 1664 Parcas
231 1632 310 1664 Jovi
331 1641 551 1662 amanuenses
568 1636 603 1662 et
619 1631 787 1662 dictorum

80 1684 152 1724 ejus
174 1682 417 1722 exscriptrices
433 1681 517 1713 facit
535 1682 734 1722 antiquitas,
750 1685 789 1712 ut

80 1734 214 1765 scilicet
241 1733 275 1763 in
304 1731 452 1763 fatorum
483 1732 576 1762 illico
612 1741 787 1763 numerum

85 1785 243 1815 venirent
257 1793 333 1825 quae
350 1784 505 1815 elocutus
532 1786 623 1813 esset
641 1791 789 1813 suminus

81 1836 242 1867 Deorum.
289 1835 379 1866 Nam
408 1834 513 1866 verba
540 1834 639 1867 Jovis
656 1832 729 1864 fata
746 1833 789 1863 ir-

81 1885 301 1917 revocabilia.
325 1885 423 1916 Idem.

124 1940 187 1968 204
212 1938 278 1968 Nec
294 1941 337 1975 te,
354 1936 465 1974 Roma,
481 1935 550 1974 aiu]
574 1934 692 1966 Verba
704 1944 790 1965 sum-

82 1997 169 2019 mam
186 1987 407 2027 Majestatem
424 1986 602 2026 spirantia.
629 1985 724 2015 Idem.

126 2039 187 2067 205
214 2036 390 2077 Honorius]
421 2036 500 2067 Non
531 2045 607 2075 ego,
637 2035 699 2072 ait,
727 2033 790 2065 sed

83 2087 165 2118 mibi
189 2086 369 2127 majestate
406 2086 581 2126 proximus
619 2086 791 2116 Romanus

84 2139 258 2180 princeps.
284 2138 382 2169 Idem.

128 2192 194 2221 206
217 2188 359 2228 Securae]
383 2187 625 2219 AEternitatem
641 2187 793 2218 Romano

85 2239 236 2280 Imperio
253 2238 413 2278 spondet.

135 2290 280 2321 Vestrum
294 2287 446 2328 tenorem]
468 2288 566 2329 Jugis
588 2287 794 2326 constantia,

86 2345 184 2373 tenor.
208 2343 216 2359 ‘
231 2342 391 2372 Fortun‘ae
410 2340 519 2372 tenor’
537 2340 702 2372 Petronio
720 2349 795 2380 per-

88 2395 194 2433 petua
208 2391 279 2432 ejus
296 2390 538 2422 inconstantia.
562 2390 677 2421 Barth.

131 2444 196 2474 208
218 2441 350 2483 Afflavit
366 2440 499 2470 Romam
521 2440 646 2470 meliore
651 2439 798 2480 juventa]

89 2492 244 2524 Deorum
261 2491 414 2532 spirabili
432 2489 548 2522 afflatu
567 2490 730 2531 vegetari,
745 2499 798 2521 re·

91 2541 274 2574 florescere
287 2541 411 2579 omnia,
424 2540 562 2572 traditio
581 2545 689 2572 vetus.

135 2593 269 2624 Meliore
288 2591 437 2632 juventa]
481 2591 612 2623 AEtates
648 2590 800 2630 urbibus,

93 2643 202 2674 instar
235 2643 422 2682 hominum,
450 2642 612 2683 adscribi,
642 2646 799 2674 notatum

90 2692 162 2733 jam
174 2690 260 2721 aliis.
284 2691 400 2721 Barth.

137 2744 200 2775 211
228 2740 343 2772 Erexit
357 2739 493 2782 galeam]
516 2740 599 2782 Ipsa
614 2747 801 2782 armatura,

1417 213 1530 255 1403

828 312 900 352 ipse
927 312 1037 352 homo,
1060 311 1175 343 cristis
1203 322 1361 345 crescere
1386 315 1531 348 videtur.

830 363 927 393 Idem.

872 415 935 443 213
962 413 1136 444 Humentes
1155 414 1267 444 Noctis
1282 414 1388 454 equos]
1412 415 1466 447 Ab
1484 426 1534 447 ro-

830 475 865 496 re
883 471 1060 497 nocturno.
1103 467 1284 505 Virgilius:
1310 468 1319 483 ‘
1334 467 1450 507 etjam
1469 477 1534 499 nox

828 516 965 547 humida
982 519 1067 547 melo
1088 517 1314 558 l'raeripitat.'
1347 518 1467 549 Noctis
1482 528 1536 549 au-

829 567 902 607 riga
917 573 1031 598 antem
1048 578 1195 599 soninus.
1222 570 1321 600 Idem.

873 621 934 649 214
965 619 1110 649 Volrebat
1139 620 1241 650 sidera
1279 619 1385 660 cursu]
1434 622 1537 652 Curru

830 669 970 711 Gyrald.
988 670 1086 709 prim.
1104 670 1218 700 Vatic.
1244 676 1276 700 et
1295 676 1364 701 tres
1383 671 1463 701 alii:
1487 670 1536 702 sic

831 725 866 751 et
896 721 1000 751 Nocti
1028 730 1105 750 suus
1131 721 1220 760 apud
1249 721 1367 760 poetas
1397 730 1535 753 currus:

831 782 915 803 unus
943 772 1214 812 An1111·0s.111ps11.
1238 773 1307 803 Pro
1332 783 1423 804 conus
1440 774 1539 813 prim.

831 824 945 854 Vatic.
964 829 998 853 et
1015 833 1073 853 sex
1091 833 1131 854 ex
1161 824 1284 854 nostris
1311 833 1420 853 cornus
1438 823 1539 863 paulo

832 878 932 905 ante:
973 874 1078 913 galeae
1109 874 1197 904 enim
1221 874 1294 914 jam
1324 873 1540 905 meminerat.

834 924 926 955 Puto
957 923 1172 954 scribendum
1200 923 1305 954 Loeris
1326 926 1355 954 et
1386 933 1540 954 est-cussa:

833 984 898 1005 nou
922 976 964 1005 Et
991 975 1088 1006 let-is:
1112 976 1188 1005 ltere
1216 975 1303 1005 enim
1334 980 1369 1006 et
1394 975 1541 1013 rubigine

832 1024 973 1055 scabrum
999 1025 1181 1055 contraria.
1229 1025 1320 1055 Naso
1351 1025 1383 1055 in
1416 1025 1542 1064 Fastis,

835 1077 891 1108 lib.
905 1085 953 1107 ιν.
976 1078 984 1092 ⁴
1004 1076 1135 1116 Aspera
1152 1075 1286 1115 Rubigo
1304 1084 1424 1114 parcas
1438 1075 1541 1105 Cere-

835 1126 943 1156 alibus
971 1125 1097 1163 herbis,
1124 1126 1168 1155 Et
1195 1130 1318 1155 tremat
1346 1126 1378 1154 in
1412 1133 1543 1155 summa

834 1177 921 1207 laeve
939 1186 1102 1207 cacumen
1119 1175 1243 1206 humo!
1267 1176 1312 1206 D.
1332 1175 1443 1207 Heius.

879 1229 941 1256 215
966 1226 1119 1257 Dieorum
1137 1225 1294 1266 proceres]
1317 1224 1471 1256 Ambitio
1487 1225 1544 1255 ho-

836 1277 955 1307 minis!
1004 1277 1079 1307 Nec
1108 1286 1302 1308 communes
1334 1278 1430 1308 Deos
1460 1275 1545 1308 facit

836 1336 913 1357 suos
930 1326 1124 1366 Principes.

880 1377 1044 1416 sslajorque
1061 1375 1234 1416 minorque]
1259 1376 1428 1417 Seniorque
1445 1377 1544 1417 prim.

836 1427 994 1458 Vatican.
1013 1431 1048 1457 et
1074 1431 1151 1457 octo
1175 1427 1232 1457 aiii
1262 1437 1305 1457 ex
1333 1427 1481 1457 nostris:
1507 1430 1546 1458 ut

837 1476 943 1508 infra:
963 1479 971 1493 ‘
984 1477 1088 1507 Italas
1102 1478 1216 1508 senior
1230 1477 1390 1508 tendebat
1405 1477 1436 1507 in
1447 1478 1548 1508 oras.’

838 1537 888 1559 vr.
905 1527 1005 1559 Cons.
1031 1527 1160 1558 Houor.
1191 1528 1354 1558 ‘Seniore
1379 1536 1544 1568 supernas

838 1579 915 1611 Jam
929 1582 1108 1618 repetente
1125 1578 1262 1618 plagaS.’
1287 1579 1330 1609 D.
1347 1578 1459 1609 Heius.

882 1630 1048 1668 Majorque
1072 1628 1245 1669 minorque]
1278 1628 1385 1659 Pater
1411 1633 1447 1659 et
1465 1637 1547 1659 avus

840 1679 998 1711 Honorii.
1025 1678 1140 1709 Barth.

887 1733 1051 1771 lilajorque
1066 1731 1239 1770 minorque]
1263 1730 1426 1770 Intellige
1437 1729 1550 1761 Theo·

840 1781 972 1812 dosium
1011 1781 1184 1820 comitem,
1215 1791 1313 1812 avum
1345 1780 1484 1812 Arcadii
1515 1785 1551 1812 et
1591 1816 1593 1819 ¹

843 1830 1001 1869 Honor-ii,
1028 1830 1085 1871 qui
1114 1830 1237 1861 divinis
1267 1829 1340 1862 fere
1366 1830 1549 1861 honoribus

840 1885 1059 1913 consecratus
1076 1885 1142 1919 est,
1158 1881 1248 1922 quia,
1261 1885 1298 1911 ut
1315 1890 1356 1911 ex
1372 1880 1551 1920 Drepanio

840 1932 970 1972 loquar,
997 1930 1165 1961 debuerat
1188 1940 1260 1961 esse
1277 1930 1479 1971 Imperator.
1502 1930 1552 1962 At

842 1982 979 2020 Valens,
996 1980 1114 2011 audita
1131 1981 1322 2021 aruspicum
1347 1981 1553 2022 designatio-

842 2041 898 2070 ne,
915 2040 1019 2071 super
1048 2031 1157 2061 literis
1175 2035 1211 2062 Θ.
1229 2035 1263 2063 Ε.
1279 2035 1318 2063 Ο.
1335 2037 1373 2064 Δ.
1390 2033 1552 2072 plurimos

843 2090 988 2123 quorum
1018 2081 1154 2112 nomina
1191 2081 1234 2111 ab
1273 2082 1313 2112 iis
1341 2082 1554 2122 incipiebant

843 2136 952 2163 morte
966 2131 1153 2170 mulctavit,
1169 2131 1258 2162 inter
1272 2142 1356 2172 quos
1374 2132 1450 2163 huic
1466 2132 1553 2163 The-

844 2183 961 2215 odosio
990 2183 1117 2223 majori,
1133 2183 1274 2224 quijam
1292 2183 1421 2214 invidia
1437 2183 1555 2214 simili-

846 2242 900 2264 um
917 2232 1154 2271 obterebatur,
1181 2238 1284 2274 caput
1308 2234 1452 2265 abstulit
1470 2234 1555 2266 Car·

837 2282 994 2322 ·thagine.
1040 2282 1120 2314 Fuit
1143 2288 1257 2314 autem
1283 2284 1333 2314 vir
1359 2284 1447 2315 bello
1469 2290 1554 2315 stre-

846 2343 943 2372 nuuS,
958 2338 994 2364 et
1012 2333 1108 2373 cujus
1120 2333 1276 2365 laudibus
1292 2335 1330 2366 L.
1344 2335 1465 2365 Pacati
1482 2343 1555 2364 ora·

847 2385 895 2415 tio
909 2389 945 2415 et
958 2383 1123 2415 Ammiani
1140 2385 1272 2425 paginae
1285 2386 1379 2426 quasi
1393 2385 1554 2426 gestiant.

850 2436 972 2466 Claver.

891 2490 955 2519 219
977 2487 1031 2518 Sic
1042 2497 1110 2518 cum
1133 2487 1326 2528 proecipites]
1352 2487 1440 2519 Navi
1467 2496 1555 2518 com-

848 2543 991 2579 paratur
1019 2538 1237 2578 Respublica.
1283 2538 1337 2569 Sic
1366 2537 1557 2578 Imperator

849 2590 943 2620 navis
961 2589 1136 2629 magistro.
1160 2589 1279 2620 Barth.

892 2640 946 2672 Sic
958 2650 1028 2671 cum
1037 2640 1228 2681 praecipites]
1245 2639 1331 2670 Haec
1345 2635 1554 2676 comparatio

849 2691 924 2722 visa
947 2695 1001 2722 est
1017 2689 1222 2731 quibusdam
1247 2688 1343 2719 nimis
1368 2685 1494 2726 frigida
1521 2689 1555 2716 et

851 2740 1045 2782 exsanguis.
1072 2739 1195 2771 Claver.
