1851 3213
298 186 318 227 ]
330 186 415 228 352

300 291 352 322 nis
369 290 585 332 Reipublicae
600 291 777 331 disciplina
788 287 1007 330 agnoscitur?

299 341 401 373 Unde
419 341 461 372 ad
474 341 641 382 agendum
659 345 716 371 aut
734 338 932 370 discendum
949 348 1003 369 co-

299 392 358 433 pia
373 392 527 432 depromi
546 392 650 431 major
663 389 934 430 gravissimorum
950 396 1005 417 ex-

300 444 502 484 emplorum,
526 443 619 482 quasi
641 442 916 479 incorruptorum
942 444 1005 470 tes-

300 494 528 531 timoniorum,
544 496 656 532 potest
668 490 689 520 ξ’
715 490 832 521 Barth.

341 545 474 575 Animus
503 545 575 573 dum
607 542 728 572 mollior
758 540 868 580 instet]
903 541 1004 572 Instes

298 595 565 635 Rapheiengius.
605 593 722 633 probe.
767 602 854 623 nnus
892 593 1004 623 Medi-

298 654 392 683 ceus,
407 649 442 675 et
458 654 525 675 sec.
539 644 697 675 Vatican.
715 644 810 674 insta.
828 643 917 683 quod
931 648 1002 673 tan-

298 694 452 725 tundem.
498 694 608 725 Aldus
624 698 658 725 et
677 700 744 724 tres
761 693 879 733 scripti
894 694 1000 723 instat.

297 746 343 776 D.
362 745 484 776 Heius.

339 799 401 827 397
426 796 496 826 Nec
525 796 644 825 desinat
667 793 818 833 unquam]
855 792 1001 822 Basilius

296 847 383 887 Imp.
400 857 429 877 ‹·.
446 850 498 877 56.
523 848 531 862 ⁶
552 847 605 876 Ne
621 855 766 885 unquam
784 853 897 874 cesses
912 844 1001 874 evol—

294 907 376 928 vere
395 896 561 927 Historias
580 899 744 925 veterum.
774 894 827 924 Ibi
844 894 933 924 enim
951 903 1001 924 re-

295 948 408 988 peries
437 947 508 977 sine
534 946 663 985 labore,
692 955 768 985 quae
795 954 914 984 magno
943 944 1001 975 alii

295 1006 518 1037 congessere:
544 1001 647 1037 atque
664 996 742 1026 inde
761 995 999 1026 bonorumvir-

294 1053 399 1088 tutes,
415 1049 646 1089 improborum
673 1047 766 1085 vitia,
786 1056 972 1087 cognosces
989 1057 997 1085 3

293 1105 329 1132 ct
358 1101 440 1131 vitae
470 1100 624 1130 humauae
657 1098 765 1128 varias
795 1098 1000 1128 mutationes

294 1159 473 1191 rerumque
508 1149 542 1179 in
574 1158 614 1179 ea
651 1147 910 1187 conversiones‚'
936 1149 999 1178 dcc.

293 1201 410 1232 Barth.

335 1255 398 1283 398
426 1252 535 1282 Tecum
555 1251 655 1280 Graia
671 1248 767 1288 loqui]
793 1249 834 1279 In
850 1259 915 1289 qua
931 1259 999 1279 am·

290 1303 443 1343 piissima
459 1302 574 1341 lingua
599 1299 705 1330 omnis
728 1308 837 1339 penus
854 1300 1000 1340 antiqui-

291 1352 372 1384 tatis
402 1353 555 1381 humanae
585 1354 647 1380 est.
704 1349 823 1380 Habes
862 1349 997 1381 Graecae,

291 1401 492 1432 eruditionis
530 1399 861 1431 commendationem
906 1400 996 1440 apud

288 1453 577 1491 Thaumaturgum
631 1450 762 1490 Paneg.
824 1449 997 1490 Origeuis.

289 1503 386 1534 Idem.

331 1556 395 1584 399
419 1551 583 1591 Assuesce]
622 1552 813 1593 Praeceptis
842 1552 997 1584 monitis·
1039 1575 1045 1580 -

291 1616 355 1647 que
374 1606 521 1646 priorum
546 1605 743 1637 evolvendis
766 1605 799 1636 in
824 1615 893 1636 rem
911 1615 996 1646 prae-

289 1662 418 1687 sentem
437 1657 587 1687 vemens.
612 1657 709 1687 Idem.

331 1710 395 1737 400
419 1707 546 1738 Latium
558 1707 657 1747 retro]
689 1706 744 1737 Ad
758 1707 916 1746 exempla
930 1707 995 1738 Ro-

288 1759 393 1790 manis
424 1764 502 1789 ante
536 1758 792 1798 Imperantium.
836 1758 995 1789 Sidonius

289 1810 332 1841 ad
351 1809 590 1840 Anthemium:
617 1810 625 1825 ‘
641 1809 819 1839 Praeterea
830 1808 993 1849 quicquid

289 1861 478 1891 Latialibus
502 1860 621 1890 indere
650 1858 746 1889 libris
771 1859 892 1890 Prisca
909 1864 993 1890 aetas

289 1912 433 1950 studuit,
451 1915 558 1942 totum
574 1919 776 1951 percurrere
795 1910 933 1941 suetus!

329 1960 443 2000 Retro]
461 1961 502 1991 In
520 1959 695 2000 superiora
713 1964 880 1999 tempora.
905 1960 992 1990 Oro-

288 2011 367 2050 sius,
382 2011 440 2041 lib.
457 2020 512 2041 111.
538 2012 546 2027 ‘
565 2011 661 2040 annis
679 2014 771 2040 retro
791 2009 971 2050 repetitis!

331 2061 446 2098 Confer
460 2061 492 2091 in
505 2060 621 2100 aerum]
645 2061 725 2091 Pari
742 2061 914 2092 locutione
928 2061 993 2092 Mi-

286 2113 400 2142 nutius
420 2111 590 2142 Octavio:
615 2112 624 2127 ‘
640 2111 688 2141 Ut
713 2111 785 2151 ipse
809 2111 890 2141 mihi
912 2122 992 2152 quo-

284 2161 464 2192 dammodo
480 2161 618 2192 viderer
633 2161 664 2192 in
681 2161 992 2202 praeteritaredire,

284 2221 350 2242 non
364 2221 415 2251 ea,
432 2222 506 2252 quae
517 2212 591 2251 jam
609 2217 783 2243 transacta
796 2216 831 2242 et
848 2212 992 2244 decursa

283 2266 374 2300 sunt,
387 2262 623 2293 recordatione
642 2262 829 2295 revocare?
852 2263 968 2294 Barth.

324 2314 386 2341 401
412 2311 564 2351 Brutum]
602 2313 694 2343 Huic
734 2322 813 2343 vere
848 2313 989 2353 quaesita

284 2361 454 2401 Libertas,
476 2362 591 2401 ignota
608 2368 687 2393 ante
703 2363 832 2393 Romae.
863 2364 988 2394 Bruto-

282 2422 353 2444 rum
371 2421 494 2443 nomen
519 2412 670 2444 vindices
688 2413 853 2444 libertatis
877 2414 986 2454 desig-

282 2468 353 2495 nat.
377 2464 546 2502 Lucanus,
562 2463 584 2493 1.
604 2472 640 2493 x.
664 2465 672 2480 ‘
689 2463 736 2494 ite
753 2463 886 2495 feroces
913 2465 986 2496 Cae·

281 2514 365 2544 saris
378 2513 577 2553 injugulmn
594 2524 600 2544 :
630 2513 743 2552 superi
761 2517 813 2544 tot
827 2517 906 2544 vota
923 2515 985 2544 Ca·

280 2571 399 2596 tonum
429 2565 682 2604 Brutorumque
711 2563 774 2594 tibi
812 2563 986 2596 tribuent.'

282 2616 383 2647 Idem.

322 2668 386 2697 403
413 2665 516 2696 Triste
531 2665 620 2704 rigor
644 2664 774 2705 nimius]
799 2664 984 2704 Negotium

278 2715 452 2748 videlicet.
496 2716 660 2747 Notatnm
686 2724 801 2755 supra.
833 2714 982 2745 Omnino

280 2771 394 2799 autem
423 2765 529 2799 nimia
558 2765 724 2798 severitas
754 2765 837 2797 vitio
852 2774 981 2797 summo

538 181 682 227 NO'i‘AE
714 193 979 226 VARIORUM
1015 193 1066 223 IN
1100 192 1175 222 CL·
1207 192 1393 223 CLAUD.
1425 191 1531 222 vul.

1056 287 1224 327 proxima.
1247 286 1346 318 Idem.

1099 337 1202 368 Triste
1230 337 1330 377 rigor,
1354 335 1425 376 Sym]
1464 335 1474 352 ‘
1493 335 1607 366 Nocet
1628 335 1759 376 priscus

1056 389 1191 432 riguiflet
1201 389 1301 420 nimia
1317 388 1495 426 severitas,
1508 387 1643 427 cuijam
1659 397 1759 427 pares

1056 450 1121 471 non
1138 440 1277 479 sumus,'
1299 439 1408 480 inquit
1423 437 1577 469 Tacitus.

1101 491 1250 531 Torquati
1266 491 1377 530 despue
1392 488 1504 528 mores]
1529 487 1689 519 Historia
1700 497 1759 519 no-

1056 546 1102 573 ta.
1126 541 1293 572 Minutius
1308 540 1424 571 Felix:
1450 540 1458 556 ‘
1473 539 1615 579 Templa
1629 543 1667 569 ut
1682 538 1760 569 bus-

1055 596 1092 622 ta
1117 591 1322 632 despiciunt,
1348 591 1442 620 Deos
1468 589 1662 629 despuunt.’
1685 588 1762 618 Ful·

1055 642 1203 683 gentius,
1218 642 1238 672 l.
1256 651 1282 672 1.
1298 640 1448 681 Mythol.
1467 650 1497 671 c.
1517 642 1567 670 14.
1592 641 1602 656 ‘
1618 638 1758 679 Eligere

1054 692 1143 722 enim
1170 692 1267 729 utile,
1294 691 1460 722 caducum
1487 689 1668 730 despuere,
1694 698 1759 719 coe-

1052 741 1138 771 leste
1156 741 1327 780 ingenium
1356 740 1432 772 est!
1478 741 1540 771 Est
1556 744 1670 771 autem
1689 749 1758 770 om-

1053 791 1145 820 nium
1172 789 1316 820 extremi
1329 793 1522 820 contemtus
1537 789 1756 830 Desputatio.

1056 841 1170 872 Barth.

1095 893 1157 921 404
1182 889 1296 921 Decios
1310 888 1469 929 venerare]
1493 889 1634 920 Patrem
1651 893 1687 921 et
1703 889 1758 921 Fi-

1050 941 1144 971 lium.
1168 941 1267 972 Idem.

1093 994 1155 1022 405
1186 992 1241 1023 Vel
1277 991 1374 1031 solus]
1419 989 1564 1021 Semotis
1601 990 1759 1022 omnibus

1050 1043 1182 1074 auxiliis
1196 1047 1231 1074 et
1257 1042 1429 1081 subsidiis,
1453 1041 1694 1073 fortitudInem
1721 1041 1755 1072 in

1050 1103 1085 1124 se
1115 1104 1208 1124 suam
1237 1094 1425 1134 repositam
1467 1096 1660 1131 autumans,
1687 1101 1756 1123 non

1049 1143 1160 1175 minus
1182 1145 1230 1175 ita
1256 1144 1498 1183 magnanimus,
1520 1153 1621 1184 qnam
1638 1143 1666 1173 si
1683 1142 1758 1173 mil-

1048 1195 1136 1225 libus
1154 1195 1246 1225 mille
1264 1195 1460 1234 stiparetur.

1092 1246 1193 1276 Ponte
1205 1245 1319 1284 soluto]
1345 1246 1439 1276 Nota
1462 1244 1628 1275 Historia.
1662 1243 1755 1275 Illud

1048 1296 1208 1335 notabile,
1225 1299 1361 1335 pontem
1381 1295 1486 1333 illum,
1504 1295 1596 1324 nullo
1625 1295 1755 1326 adscito

1049 1355 1111 1375 usu
1128 1344 1223 1385 ferri,
1248 1345 1325 1375 solis
1353 1345 1458 1375 fuisse
1488 1344 1608 1375 tabulis
1635 1344 1756 1384 ligneis

1048 1397 1338 1437 compaginatum,
1360 1399 1395 1426 et
1418 1395 1451 1425 in
1470 1394 1666 1425 memoriam
1691 1394 1757 1424 vir-

1049 1448 1130 1477 tutis
1147 1447 1302 1486 Coclitis,
1316 1447 1418 1477 talem
1431 1450 1600 1476 servatum
1613 1444 1654 1476 ad
1667 1455 1755 1476 sum-

1046 1508 1100 1529 ma
1113 1508 1216 1539 usque
1236 1498 1337 1538 Reip.
1356 1502 1521 1537 tempora.
1544 1495 1660 1527 Barth.
1680 1536 1686 1541 ι

1089 1552 1152 1580 406
1177 1549 1278 1580 Mucii
1294 1552 1324 1580 te
1346 1548 1494 1589 flamma]
1531 1546 1624 1578 Nota
1641 1556 1756 1577 narra-

1048 1601 1107 1641 tio,
1120 1611 1195 1642 quae
1216 1606 1328 1632 tamen
1346 1600 1514 1640 ambiguae
1527 1599 1661 1630 omnino
1674 1597 1756 1629 fidei

1047 1658 1109 1692 est,
1138 1662 1214 1683 nam
1233 1652 1277 1682 d‘e
1307 1661 1425 1682 manus
1458 1650 1636 1682 exustione
1674 1649 1756 1679 nihil

1046 1703 1245 1743 Dionysius,
1269 1703 1418 1743 optimus
1443 1700 1655 1742 antiquitatis
1684 1701 1752 1731 Ro-

1046 1764 1154 1785 manae
1173 1759 1303 1784 auctor.
1328 1753 1426 1783 Idem.
1523 1786 1528 1793 ‚

1087 1807 1149 1836 407
1176 1805 1262 1840 Quid
1279 1814 1363 1834 mora
1380 1802 1570 1843 perfringat]
1593 1801 1650 1832 Sic
1674 1811 1752 1832 cum

1043 1855 1159 1895 primis
1186 1854 1360 1885 editionib.
1385 1853 1544 1893 Isingrini
1569 1852 1686 1884 Codex
1715 1857 1753 1884 et

1044 1905 1162 1946 scripti
1180 1904 1288 1935 multi.
1305 1903 1371 1943 alii,
1394 1902 1752 1943 profringat,perstrin-

1041 1960 1109 1995 gat,
1135 1957 1343 1996 prostrz’ngat.
1377 1954 1479 1995 vulgo
1507 1954 1662 1995 proficiat.
1701 1954 1750 1985 D.

1042 2007 1160 2038 Heius.

1089 2058 1174 2092 Quid
1200 2066 1286 2087 mora
1311 2055 1500 2096 perfzingat,
1516 2053 1647 2094 Fabius]
1680 2053 1749 2086 Qui

1044 2110 1238 2141 cunctando
1256 2108 1434 2140 Annibalis
1461 2108 1626 2148 impetum
1640 2106 1749 2138 victo·

1040 2162 1168 2191 riarum
1194 2159 1310 2200 fregit,
1327 2164 1364 2190 et
1388 2168 1459 2189 rem
1487 2158 1538 2188 ita
1559 2158 1746 2188 Romanam

1040 2212 1204 2243 restituit.
1227 2211 1377 2242 Ennius:
1400 2210 1410 2227 ‘
1424 2210 1519 2240 Unus
1535 2209 1633 2239 homo
1648 2208 1746 2239 nobis

1041 2262 1239 2293 cunctando
1256 2260 1409 2291 restituit
1425 2259 1518 2290 rem!
1543 2258 1660 2290 Barth.

1082 2316 1145 2343 405
1171 2310 1335 2351 Camillus]
1349 2311 1481 2342 Laudes
1495 2310 1591 2350 hujus
1607 2319 1745 2340 summae

1039 2363 1129 2403 apud
1144 2372 1260 2393 omnes
1274 2362 1329 2403 qui
1344 2361 1581 2392 meminerunt.
1604 2360 1744 2390 Mentem

1038 2414 1229 2444 consultam
1246 2418 1280 2443 et
1297 2413 1355 2442 irae
1374 2410 1669 2451 impenetrabilem
1686 2410 1744 2439 ha-

1038 2462 1096 2493 bet
1112 2462 1202 2502 apud
1215 2461 1347 2498 Silium,
1373 2461 1394 2492 1.
1410 2469 1476 2490 vu.
1500 2459 1619 2500 quibus
1633 2460 1744 2490 omnia
1789 2467 1791 2469 ’

1036 2514 1234 2553 complexus
1268 2511 1478 2551 perhibetur.
1538 2510 1630 2541 Alter
1657 2510 1743 2541 urbis

1038 2564 1199 2603 Conditor,
1216 2563 1396 2602 Eutropio,
1409 2563 1473 2592 &a
1497 2561 1596 2592 Idem.

1075 2617 1140 2644 409
1164 2612 1312 2652 Meritis]
1334 2612 1478 2643 Virtuti.
1503 2611 1603 2642 Idem.

1075 2666 1139 2695 410
1165 2661 1338 2702 Prorogat]
1361 2662 1531 2701 AEternat,
1544 2663 1741 2701 perpetuat.

1034 2715 1112 2746 Hoc
1127 2715 1217 2746 enim
1244 2718 1297 2744 est
1325 2713 1524 2745 extendere.
1549 2712 1736 2745 Horatius:

1032 2769 1041 2783 ‘
1060 2765 1163 2797 Vivet
1188 2767 1330 2796 extento
1345 2763 1548 2795 Proculeius
1565 2772 1639 2795 aevo
1666 2761 1738 2795 No·
