1852 3182
418 217 611 250 RAPTUS
646 214 885 245 PROSERP.
921 214 1014 242 mn.
1049 215 1122 242 111.
1387 203 1501 245 1009

45 321 283 374 Linquere,
303 329 382 356 nec
401 313 563 354 virides
585 311 778 352 audebat
795 309 938 348 visere
961 309 1118 358 saltus,

46 387 292 440 Praeeeptis
314 381 528 423 obstricta
550 380 652 420 luis.
712 376 833 417 Telae
855 377 981 416 labor
1002 376 1078 424 illi,

46 457 219 497 Sirenes
238 451 437 504 requiem
471 460 715 489 sermonum
740 446 881 497 gratia
903 457 1090 493 mecum,

51 523 226 563 Mecum
252 531 430 560 somnus
452 522 559 564 erat,
584 516 793 568 cautique
814 527 890 567 per
912 514 1026 553 atria
1045 512 1153 553 ludi.

50 590 158 631 Cum
182 588 330 628 subito
351 586 581 640 (quonam,
604 584 799 631 dubium,
823 586 1092 621 monstrante
1116 580 1306 620 latebras

49 653 290 706 Rescierit)
311 652 532 706 Cytherea
553 653 679 698 venit,
701 656 999 703 suspectaque
1020 649 1149 689 nobis

52 724 124 766 Ne
145 723 268 771 soret,
289 721 388 761 hinc
412 720 611 760 Phoeben
635 709 833 768 comites,
855 718 957 758 hinc
980 716 1166 758 Pallada
1182 715 1346 770 junxit.

1426 442 1511 482 205

49 867 128 899 erat,
141 867 169 893 ct
178 863 251 905 filia
268 866 326 893 tua
340 861 549 901 Proserpina
563 860 721 890 adha‘reus
735 858 874 898 imperiis
887 857 959 895 tuis,
972 867 1030 887 nou
1043 855 1174 886 audebat
1189 854 1274 885 exire
1286 854 1385 891 domo,
1402 861 1454 882 nec
1469 851 1516 882 in-

48 907 146 938 risere
162 907 280 947 sylvam
291 905 494 935 viridantem:
521 904 570 933 illi
587 913 660 943 opus
677 908 772 932 erant
793 902 876 931 cehe.-
897 901 1022 930 Sireucs
1038 903 1136 929 crant
1159 899 1369 928 laxamentum
1394 894 1494 925 an'nui
1509 904 1519 932 3

49 959 165 980 mecum
177 950 319 989 voluptas
334 948 488 987 colloquii,
502 956 617 976 ¹mecum
629 944 811 980 dormiebat,
829 948 855 973 et
875 943 997 973 ludebat
1015 945 1083 972 tuta
1100 951 1155 981 per
1170 941 1282 970 aulam.
1317 940 1395 969 Cum
1409 938 1519 967 statim.

51 992 220 1034 (incertum
245 996 297 1022 est
313 1001 369 1031 quo
384 991 542 1020 indicante
566 988 740 1025 cognoverit
764 996 897 1016 recessus
919 983 1069 1024 nostros)
1091 984 1191 1014 Venus
1217 984 1316 1020 adest,
1336 984 1366 1012 et
1392 991 1428 1011 ue
1443 983 1521 1010 essct

54 1038 193 1076 suspecta
209 1035 305 1075 nobis,
318 1033 410 1064 duxit
427 1042 542 1064 secum
554 1032 665 1070 socias,
676 1031 747 1060 hinc
762 1030 910 1068 Dianam,
922 1028 994 1058 inde
1007 1028 1195 1058 Minervam.
1214 1026 1293 1056 Mox
1310 1034 1360 1055 coe
1367 1024 1415 1064 pit
1427 1023 1524 1053 simu-

669 1136 907 1148 eeeeeeeeeeee

55 1222 165 1259 quart.
181 1217 264 1248 Var.
291 1217 360 1247 LL.
388 1226 406 1246 e
431 1225 540 1256 marg.
571 1216 686 1246 Parin.
714 1215 832 1245 lumina
861 1215 940 1244 Put.
967 1212 1088 1242 petav.
1116 1219 1184 1241 sec.
1211 1209 1267 1240 ed.
1284 1206 1524 1247 Gryph.—203

55 1270 133 1291 nuuc
164 1260 276 1290 virides
303 1259 424 1290 Petav.
456 1268 524 1290 sec.
556 1259 690 1299 linquere
729 1258 827 1288 saltus
850 1257 930 1287 Yat.
957 1256 1148 1285 tera—204
1172 1253 1302 1282 astricta
1327 1251 1426 1281 Voss.
1456 1258 1525 1280 sec.

55 1303 209 1334 adstricta
224 1303 304 1333 Vat.
337 1312 390 1342 pr.
420 1306 456 1332 et
483 1311 549 1332 sec.
565 1303 645 1332 Vat.
669 1301 779 1332 Liviu.
803 1300 958 1330 obstructa
974 1299 1073 1328 Voss.
1105 1306 1155 1337 pr.
1181 1296 1294 1325 Oxou.
1323 1303 1374 1334 pr.
1390 1292 1525 1323 Tuolos.

55 1345 178 1376 Petav.
211 1355 279 1376 sec..
312 1346 397 1376 Exc.
429 1345 552 1376 Petav.
583 1348 696 1385 quart.
723 1345 876 1374 instructu
903 1341 1024 1373 Ambr.
1052 1344 1131 1370 tert.
1159 1337 1323 1369 Heinsius
1347 1335 1423 1366 huic
1448 1333 1525 1365 voci

58 1389 258 1419 asteriscum
275 1393 494 1428 apposuerat.
512 1387 585 1418 meis
609 1387 690 1418 Jun.
719 1396 768 1426 pr.
794 1386 860 1416 suis
884 1385 1008 1414 Petav.
1035 1391 1102 1412 sec.
1127 1382 1185 1412 telo
1203 1390 1263 1421 pro
1292 1381 1361 1410 tela>
1376 1379 1456 1408 Vat.
1475 1386 1529 1417 pr.

58 1434 163 1461 -205
189 1431 300 1460 Sirene
325 1431 409 1459 Exc.
437 1430 560 1459 Petav.
586 1431 806 1468 quart—206
829 1427 988 1465 cunctique
1016 1425 1165 1455 Florent.
1187 1423 1326 1461 tantique
1349 1422 1429 1451 Vat.
1456 1429 1527 1450 sec.

57 1473 125 1504 duo
151 1473 245 1503 Med.
276 1472 395 1502 Heius.
422 1471 468 1501 H.
502 1471 665 1510 canptique
681 1470 762 1500 Jun.
782 1478 832 1509 pr.
850 1470 993 1507 cautique
1010 1472 1080 1497 tres
1096 1467 1191 1496 Yatt.
1224 1470 1258 1495 et
1287 1465 1320 1494 d.
1348 1463 1424 1494 Pal.
1442 1463 1525 1492 Put.

58 1516 144 1555 Reg.
162 1520 231 1545 tres
259 1515 379 1545 Petav.
411 1514 541 1543 Bouon.
570 1513 707 1542 Tholas.
735 1512 816 1540 Vat.
847 1511 959 1540 Livin.
988 1509 1054 1539 duo
1070 1509 1168 1538 Voss.
1201 1507 1268 1537 duo
1301 1506 1415 1535 Oxou.
1441 1504 1526 1535 Exc.

58 1557 181 1588 Petav.
200 1562 312 1597 quart.
330 1561 366 1586 et
383 1555 460 1586 Ald.
477 1555 610 1594 castique
638 1553 722 1584 Cod.
746 1552 932 1583 Bartholin.
956 1551 1104 1589 gratique
1132 1550 1211 1581 Jun.
1239 1558 1305 1579 sec.
1335 1548 1413 1577 casti
1438 1547 1530 1577 simul

59 1600 114 1631 ed.
131 1600 244 1630 Vicet.
276 1599 400 1638 ludique
425 1607 482 1638 per
509 1597 592 1628 atria
621 1596 723 1627 cuncti
749 1596 815 1625 inc.
843 1594 1057 1624 Heinsfvar.
1084 1593 1152 1622 LL.
1181 1601 1198 1621 e
1228 1600 1336 1630 marg.
1366 1589 1527 1619 Parm.—

61 1646 122 1674 207
147 1652 278 1683 quamam
307 1641 423 1671 Ambr.
451 1644 532 1671 tert.
558 1649 687 1680 quonam
709 1638 833 1668 dubium
863 1642 1008 1678 quatuor
1023 1635 1117 1666 Vatt.
1145 1639 1179 1665 et
1207 1633 1239 1664 d.
1270 1633 1346 1663 Pal.
1371 1631 1450 1662 Ald.
1477 1631 1530 1662 ed.

60 1686 270 1716 Vicet.Var.
299 1685 366 1715 LL.
397 1693 414 1714 e
444 1693 551 1723 marg.
569 1683 681 1713 Parm.
708 1686 753 1712 est
779 1679 904 1710 dubium
920 1680 1001 1710 Yat.
1018 1678 1126 1718 quint.
1142 1677 1265 1707 Petav.
1292 1679 1373 1706 tert.
1404 1674 1531 1704 dubium

63 1732 107 1760 est
124 1729 253 1759 Bonou.
270 1727 351 1758 Jun.
370 1735 422 1766 pr.
439 1726 567 1757 dubium
583 1729 627 1755 est
645 1724 771 1765 quinam
783 1723 882 1753 Voss.
900 1732 951 1763 pr.
975 1722 1108 1752 latebras
1124 1720 1275 1751 Florent.
1292 1728 1366 1749 cum
1384 1716 1531 1747 sedecim

65 1771 150 1809 aliis,
168 1772 253 1801 Exn.
268 1770 401 1800 Schott.
428 1774 464 1799 et
480 1769 601 1799 Petav.
620 1772 729 1809 quart.
745 1767 828 1797 Var.
846 1766 914 1797 LL.
932 1776 949 1796 e
972 1774 1080 1804 marg.
1096 1764 1322 1794 Pai·n1.-‘.’03
1349 1760 1531 1790 Proescierit
1585 1791 1588 1794 Α

64 1813 147 1845 Cod.
168 1813 358 1844 Bartholin.
383 1812 519 1843 Tbolos.
544 1810 717 1842 Perscz'erit
739 1811 839 1840 Voss.
862 1818 914 1849 pr.
940 1807 1097 1838 Nost-ierit
1113 1806 1237 1836 Petav.
1264 1809 1346 1834 tert.
1376 1802 1532 1833 Rescierit

66 1857 217 1888 Florent.
241 1857 306 1887 duo
331 1855 423 1887 Med.
441 1854 562 1885 Heius.
590 1853 637 1885 H.
665 1857 700 1884 et
727 1853 792 1884 inc.
820 1852 940 1883 Heius.
965 1850 1046 1881 Put.
1076 1850 1162 1889 Reg.
1180 1848 1246 1878 duo
1262 1847 1383 1878 Petav.
1399 1846 1531 1876 Bonon.

66 1899 183 1931 Ambr.
211 1904 292 1930 tert.
319 1899 447 1930 Moret.
470 1907 523 1938 pr.
544 1898 626 1929 Jun.
650 1906 704 1937 pr.
733 1896 844 1927 Oxon.
862 1905 912 1935 pr.
929 1895 1028 1924 Voss.
1056 1902 1124 1923 sec.
1156 1892 1241 1922 Ex'c.
1269 1891 1393 1920 Petav.
1420 1892 1531 1929 quart.

67 1942 147 1973 Var.
167 1942 237 1973 LL.
262 1951 280 1972 e
313 1951 418 1982 marg.
452 1941 565 1971 Parm.
594 1939 749 1970 Rescierit
781 1938 834 1969 vel
865 1937 1002 1968 Ascierit
1042 1936 1154 1966 Oxon.
1178 1935 1354 1965 sem—209
1380 1933 1450 1963 Non
1467 1930 1535 1968 suit

66 1994 126 2026 pro
143 1985 192 2016 Ne
207 1984 294 2023 foret
306 1985 403 2016 Voss.
422 1994 472 2026 pr.
489 1983 635 2015 Plzoebem
649 1983 801 2014 Florent.
826 1988 894 2013 tres
919 1981 1044 2011 l’etav.
1061 1979 1145 2009 Exc.
1163 1979 1285 2009 Petav.
1303 1980 1414 2018 quart.
1438 1974 1534 2004 socias

735 2087 876 2119 NOTAE

69 2164 286 2203 inimiciores,
303 2169 340 2196 et
365 2164 472 2206 magis
498 2164 652 2203 timendi,
676 2173 776 2204 quam

71 2216 223 2258 gigantes
241 2216 412 2256 Phlegrae.

833 2161 1029 2193 Alexander
1044 2160 1086 2190 ab
1100 2158 1300 2190 Alexandro
1317 2156 1425 2188 tradit
1434 2156 1538 2186 Theo-

832 2214 950 2243 dorum
976 2212 1104 2242 Gazam
1132 2214 1169 2240 et
1194 2208 1381 2249 Georgium
1407 2207 1536 2246 Trape—

114 2269 175 2297 205
200 2266 339 2306 Sirenes]
379 2267 493 2297 Canta
531 2275 589 2297 suo
629 2265 776 2295 animum
831 2265 979 2294 zuntium
992 2261 1157 2302 ejusmodi
1173 2264 1325 2291 monstra
1340 2257 1474 2289 vidisse.
1489 2257 1539 2288 M.

73 2317 289 2358 Proserpinae.
318 2316 533 2348 recreabant.
582 2316 716 2347 Praeter
737 2324 778 2345 ea
832 2315 915 2345 Ant.
944 2314 1101 2344 Muretus
1127 2311 1223 2350 dicit,
1261 2310 1398 2340 Sirenas
1434 2307 1539 2338 fuisse

75 2378 150 2410 quae
167 2368 208 2399 de
224 2367 400 2399 Sirenibus
423 2367 586 2407 diximus,
613 2367 676 2396 hoc
699 2366 778 2396 addi

75 2429 172 2460 posse
190 2420 347 2451 videtur:
373 2420 472 2451 Siren
489 2419 616 2450 dicitur
643 2418 704 2448 ἀπὸ
724 2418 780 2447 τοῦ

75 2469 230 2511 σειρεύειν,
245 2471 372 2509 vincire,
391 2471 502 2509 ligare,
519 2469 608 2511 quod
626 2479 684 2499 suo
701 2478 778 2499 can-

76 2524 113 2551 tu
129 2522 234 2552 veluti
261 2526 384 2552 catena
398 2521 595 2551 suavissima
609 2518 780 2549 vincirent

78 2571 287 2603 audientium
305 2573 448 2603 animos.
474 2571 640 2601 Ovidius:
657 2570 665 2586 ‘
680 2569 779 2599 Mou-

77 2626 147 2654 stra
175 2624 273 2654 maris
298 2623 435 2653 Sirenes
464 2626 576 2659 erant,
603 2630 680 2660 quae
697 2629 779 2649 voce

80 2681 213 2714 canora,
226 2673 407 2706 Quaslibet
425 2672 587 2702 admissas
603 2671 783 2701 detinuere

82 2724 192 2754 rates!
239 2725 301 2755 Hae
320 2729 419 2764 parte
443 2723 594 2764 corporis
609 2722 784 2763 superiore

82 2772 242 2813 virgines,
264 2774 422 2805 inferiore
439 2774 550 2814 pisces
578 2771 786 2804 referebant.

173 2824 286 2866 Delph.
304 2831 333 2857 et
352 2827 427 2858 Vur.
445 2827 530 2857 Clas.

409 2897 425 2914 Q

762 2825 871 2856 Claud.

833 2365 1038 2405 voluptates,
1054 2362 1223 2393 Eusebius
1237 2360 1450 2397 meretrices,
1463 2367 1539 2399 quae

834 2421 935 2448 cantu
951 2421 986 2447 et
1003 2415 1175 2446 blanditiis
1191 2414 1388 2453 navigantes
1405 2411 1541 2450 decipe·

835 2472 923 2498 rent.

875 2520 938 2548 208
964 2515 1133 2557 Cytherea]
1158 2515 1288 2552 Venus,
1306 2523 1380 2554 quae
1405 2512 1454 2543 sic
1472 2510 1541 2541 die-

835 2573 869 2599 ta
886 2568 928 2599 ab
942 2569 1050 2598 insula
1062 2565 1296 2608 Cytheris‚ubi
1309 2563 1453 2594 educata
1469 2568 1542 2592 esse

835 2620 974 2650 dicitur.

880 2672 943 2699 209
960 2668 1112 2708 Phaeben]
1131 2668 1218 2699 Haec
1236 2670 1289 2698 est
1308 2665 1433 2702 Diana,
1448 2669 1542 2692 soror

837 2719 972 2751 Plioebi.

1398 2816 1456 2847 38
