1852 3182
347 219 527 249 PANEG.
561 218 611 247 ΙΝ

115 314 155 342 45
182 311 300 342 Dmsos
315 311 469 341 currentia
487 319 613 340 munera
637 310 771 350 nimbos]

72 360 127 391 lta
145 361 269 391 rectius
285 370 367 390 unus·
385 359 574 398 Mediceus,
603 366 638 390 et
657 361 770 391 Deli-ii

70 410 170 447 liber,
210 419 305 450 quam
341 409 477 446 vulgati,
517 411 607 440 denso
648 411 771 441 nimbo:

68 460 164 490 nimbi
182 470 199 488 a
217 458 322 498 poetis
340 458 459 498 passim
478 459 550 489 liare
565 470 705 490 munera
722 461 768 491 ‹li-

69 515 204 547 cuntur‚
219 517 292 548 quae
312 507 344 536 in
370 509 530 547 populum
559 511 766 549 spargeban-

69 564 148 596 tur;
188 558 378 597 praesertim
402 567 477 588 cum
511 559 553 590 de
593 561 765 600 sparsione

67 607 360 647 theatraliagitur.
410 609 591 647 Martialis,
618 611 674 642 lib.
689 621 766 643 vni.

64 660 127 699 Ep.
153 666 306 688 Lxxvui.
337 659 345 674 ‘
366 658 465 689 Nunc
494 660 635 691 veniunt
662 661 765 692 subiti

67 707 195 740 tasciva
220 708 423 739 numismata
440 709 577 742 nimbi:’
603 711 651 742 sic
682 711 767 743 bene

63 757 264 789 veterrimus
275 758 475 797 Vaticanus,
487 769 552 791 non
564 761 676 792 subitis
688 762 768 792 nim-

62 807 123 839 bis:
146 807 194 839 sic
212 808 333 838 nimbus
347 809 427 839 croci
445 814 479 840 et
503 810 623 841 similia
646 812 767 851 passim

63 857 151 898 apud
168 857 296 898 poetas.
343 860 351 875 ‘
365 859 574 891 Grandinem
595 862 766 892 serenam'

62 909 151 940 dixit
177 909 306 939 Statius
323 910 502 950 Sylvarum
528 911 586 942 lib.
603 921 625 943 1.
653 913 765 943 Satur-

61 959 192 991 nalibus
211 970 218 989 ε
243 961 251 975 ⁶
272 960 390 991 Qualis
420 971 480 1000 per
499 971 623 993 cuneos
649 963 765 1003 hyems

64 1008 202 1040 Latinos
242 1008 384 1040 Plebem
411 1011 575 1050 grandine
610 1013 764 1044 concutit

64 1057 214 1089 serenaz'
238 1067 418 1099 perperam
446 1061 516 1092 illic
540 1071 628 1093 nunc
653 1063 765 1102 legere

61 1116 114 1140 est
141 1119 292 1139 serenam.-
333 1110 380 1141 sic
408 1111 519 1142 imbres
547 1114 647 1143 sereni
674 1114 765 1154 apud

58 1163 208 1189 nostrum
225 1157 350 1199 Idyllio
368 1160 409 1190 de
428 1161 520 1201 Nilo,
546 1167 580 1193 et
606 1164 763 1194 madidam

57 1218 197 1239 serenam
214 1210 329 1250 Rapta
357 1210 516 1252 Proserp.
535 1221 574 1242 ιι.
593 1216 646 1245 91.
670 1214 764 1245 nubes

57 1269 184 1300 serente,
199 1261 357 1300 Virgilio.
388 1261 433 1292 D.
451 1262 560 1294 Helas.

105 1310 274 1341 Currentia
301 1311 440 1350 ntunera]
482 1312 599 1344 Veluti
626 1312 764 1345 flumine

61 1362 224 1402 perenni3
263 1371 379 1391 eorum
404 1362 494 1393 euim
520 1368 573 1394 est
613 1374 763 1396 currere.

59 1411 150 1442 Tum
167 1411 261 1441 nimbi
278 1416 311 1441 et
330 1411 439 1442 imbres
469 1413 600 1452 copiam
617 1419 748 1446 notant.

101 1465 144 1493 -10
167 1463 297 1502 Populis
311 1465 428 1494 undare
443 1465 583 1505 penates]
621 1466 764 1506 Elegan-

60 1517 167 1544 terex
179 1515 301 1554 virgil.
316 1516 325 1530 ‘
342 1515 445 1545 Mane
463 1516 668 1547 salutantum
685 1518 765 1548 totis

61 1564 165 1594 vomit
182 1564 312 1594 aedibus
326 1564 472 1595 undam!
521 1567 569 1595 Ex
586 1576 626 1597 eo
652 1567 766 1597 dicun·

60 1618 116 1644 tur
132 1615 307 1653 vomitorio,
324 1614 412 1645 unde
429 1615 573 1655 populus
587 1616 765 1646 eniittitur,

59 1664 280 1695 Marcellinus
296 1675 304 1696 :
321 1665 329 1680 ‘
346 1665 379 1695 Ξη
398 1664 678 1705 Amphitheatrali
692 1676 765 1697 cur-

57 1716 163 1747 riculo
177 1716 330 1747 undatim
343 1717 490 1748 coeunte
507 1718 630 1758 plebel
646 1719 766 1750 elaver.

102 1770 143 1798 48
167 1766 315 1806 Proeceps
330 1767 385 1797 illa
410 1767 533 1807 uranus]
573 1768 674 1800 Quod
693 1768 766 1800 scil.

61 1817 132 1858 ipsa
146 1822 225 1848 vota
239 1817 429 1848 liberalitas
447 1818 553 1848 Probi
575 1818 766 1858 praecipere

63 1867 231 1908 quiverit:
257 1868 390 1908 qualem
414 1868 620 1899 inStilicone
637 1868 766 1907 laudat,

58 1917 116 1949 lib.
141 1927 185 1949 11.
212 1918 287 1958 ejus
314 1918 464 1959 laudum,
493 1919 582 1949 idem
610 1919 766 1950 Claudia-

60 1977 121 1998 nus
136 1974 262 2007 noster,
289 1970 490 2010 praecipiens
506 1971 675 2010 exemplo,
699 1980 765 2001 non

62 2017 328 2057 exspectandam
343 2019 595 2058 necessitatem,
607 2020 666 2050 sed
679 2030 766 2059 prae-

60 2067 255 2107 cipit-udam
279 2069 451 2099 hominum
476 2070 636 2109 largitate
668 2070 766 2101 bene-

59 2118 258 2158 volentiam,
275 2129 349 2149 cum
368 2128 440 2149 eam
457 2120 604 2150 nondum
622 2130 765 2160 exspec-

59 2171 134 2198 tent
151 2178 158 2205 ;
185 2174 254 2198 tum
273 2169 362 2199 enim
378 2170 477 2209 longe
494 2171 765 2210 acceptissimam

60 2218 195 2249 cadere.
224 2220 269 2250 Et
284 2225 415 2250 veteres
425 2221 620 2260 proecipitem
632 2222 665 2252 in
680 2223 765 2253 liunc

60 2278 206 2307 sensnm,
222 2279 285 2310 pro
302 2270 482 2310 insigniter
500 2270 662 2310 benefico,
691 2281 765 2312 pro-

61 2319 225 2360 pensique
241 2320 356 2360 animi,
378 2320 481 2351 docet
495 2326 612 2352 auctor
626 2322 765 2354 Glossa-

61 2369 114 2400 rii.
139 2369 253 2401 Barth.

103 2422 145 2451 49
191 2419 246 2450 Sic
258 2420 326 2460 quis
343 2421 451 2451 tellure
466 2423 587 2452 revulsa
613 2422 765 2454 Sollicitis

55 2469 180 2508 fodiens
204 2471 338 2501 rimatur
361 2471 487 2502 collibus
516 2472 640 2512 aarum]
678 2473 764 2504 Haec

62 2522 180 2561 procul
197 2520 300 2551 dubio
317 2526 480 2561 corrupta
499 2527 590 2553 sunt.
615 2523 764 2554 Claverii

62 2569 242 2602 lectionem
274 2572 521 2611 expressimus:
558 2582 635 2603 nam
664 2574 764 2613 vulgo

61 2620 90 2650 si
105 2621 181 2659 quis.
220 2620 473 2662 Raphelengius
489 2622 515 2652 si
528 2623 612 2663 quid.
659 2624 763 2654 Scali-

65 2678 125 2710 ger
141 2669 173 2699 in
190 2679 247 2701 ora
263 2671 340 2702 libri
358 2672 420 2711 sui,
447 2677 481 2703 ut
495 2674 557 2713 qui.
605 2674 764 2705 Petavia—

63 2728 128 2750 nus
152 2719 246 2759 liber,
259 2723 310 2750 sed
331 2722 410 2761 quis,
435 2733 496 2762 per
520 2724 763 2764 interrogatio-

65 2779 165 2801 nem:
204 2771 369 2810 quomodo
397 2778 433 2804 et
461 2783 545 2806 unus
570 2775 764 2808 Pulmanni.

149 2822 270 2865 Delph.
287 2826 318 2855 et
336 2824 410 2858 Var.
424 2826 510 2860 clus.

649 219 789 248 PROB-

745 2829 857 2860 Clawd.

1416 211 1528 253 1217

825 311 1005 342 Leideusis
1030 322 1049 342 a
1065 322 1165 342 manu
1181 311 1343 350 secunda,
1365 318 1529 352 quantum.-

823 361 882 392 sed
903 362 1022 401 scripti
1051 363 1206 402 plerique
1231 372 1306 391 cum
1331 364 1474 399 vulgatis
1499 366 1527 396 si

820 412 888 451 quis
904 417 1054 442 tuentur.
1092 413 1204 450 Forte,
1221 422 1275 442 ceu
1289 412 1341 451 qai
1358 413 1465 442 tellure
1482 424 1527 444 re-

820 463 904 491 vulsa
920 461 1073 492 Sollicitis
1090 461 1218 499 fodiens
1243 461 1379 491 rimatur
1400 462 1525 493 collibus

820 521 947 541 aarum:
971 512 1079 550 vel,ut
1093 511 1156 551 qui.
1181 512 1230 542 Cl.
1245 510 1405 541 Bartliius
1420 517 1526 542 trans-

818 561 988 600 positione
1007 562 1084 592 huic
1116 563 1190 592 loco
1207 562 1374 601 medetur,
1403 561 1459 602 qui
1479 562 1524 592 vi·

819 610 971 642 dendus:
999 613 1054 641 τοῦ
1080 610 1336 652 aurisuperssua
1362 611 1524 652 repetitio

818 667 885 701 est,
897 663 1052 702 cumjam
1071 663 1197 693 dixerit
1210 664 1218 679 ‘
1239 663 1352 693 Aurea
1365 662 1454 693 dona
1467 672 1525 692 vo-

817 713 932 744 mens.'
978 714 1068 744 Puto
1084 714 1251 754 scriptum
1286 712 1387 744 fuisse
1411 713 1524 745 auses-².-

819 763 908 804 quod
921 767 955 794 et
970 774 1028 804 pro
1042 767 1146 795 auster
1163 768 1197 795 ct
1211 767 1354 795 austrum
1370 764 1446 804 capi
1462 774 1520 804 po-

819 813 906 844 tuit:
930 812 967 843 τὸ
993 817 1097 844 auster
1114 823 1196 844 vero
1222 823 1284 853 pro
1299 814 1421 844 Astur.-
1446 823 1526 855 quo-

818 862 917 894 modo
935 867 970 893 ct
982 863 1063 893 alibi
1081 868 1270 903 peccatum.
1305 864 1359 894 De
1372 864 1445 894 auri
1458 863 1523 895 fos-

817 913 947 943 soribus
965 913 1149 943 Asturibus
1178 918 1307 944 notum.
1356 914 1524 952 Lucanus,

818 962 875 992 lib.
904 971 952 992 ιν.
991 963 1092 994 ‘Nou
1120 973 1155 993 se
1184 968 1253 994 tam
1283 964 1430 1004 penitus,
1452 969 1520 996 tam

816 1012 915 1051 louge
944 1013 1020 1043 luce
1046 1014 1165 1043 relicta
1199 1014 1362 1044 Merserit
1386 1015 1521 1047 Asturii

815 1066 985 1092 scrutator
1002 1061 1149 1101 pallidus
1179 1062 1251 1092 auri
1272 1062 1291 1092 :¹
1317 1063 1372 1093 ubi
1401 1074 1522 1104 perpe·

816 1121 886 1142 ram
901 1112 1026 1152 Assyrii
1048 1112 1121 1142 auri
1148 1121 1237 1142 nuuc
1266 1112 1523 1155 circumfertur,

816 1163 919 1193 etiam
946 1163 979 1192 in
1007 1162 1211 1192 membranis
1238 1163 1405 1203 omnibus,
1439 1174 1523 1204 quas

815 1221 939 1252 magno
953 1221 1094 1243 numero
1121 1212 1276 1243 consului
1296 1223 1302 1242 :
1329 1213 1401 1252 pari
1422 1214 1523 1245 modo

813 1262 980 1301 pallentem
1017 1261 1149 1292 Bessum
1186 1265 1303 1292 noster
1329 1262 1382 1293 liic
1409 1269 1522 1295 vocat.

815 1314 978 1345 Paulinus
995 1313 1028 1345 in
1043 1313 1193 1344 carmine
1213 1313 1384 1353 Sapphico
1403 1314 1445 1345 ad
1461 1315 1522 1346 Ni-

816 1370 941 1403 cctam,
961 1365 969 1380 ‘
985 1363 1136 1395 Pallidos
1154 1364 1225 1394 auri
1252 1364 1381 1403 legulos
1407 1364 1439 1395 in
1463 1374 1519 1396 an-

816 1425 889 1446 rum
903 1416 1010 1446 vertis
1025 1415 1045 1445 z'
1059 1415 1115 1446 ubi
1131 1415 1266 1445 callidos
1279 1425 1455 1455 perperam
1473 1417 1520 1447 le-

817 1467 920 1506 gitur.
935 1466 1035 1496 Silius
1052 1465 1110 1497 lib.
1129 1475 1150 1495 ι.
1168 1464 1296 1495 ‘Astur
1309 1474 1430 1496 avarus
1445 1466 1520 1497 Vis-

816 1516 951 1548 ceribus
978 1517 1097 1547 lacerae
1113 1515 1243 1546 telluris
1258 1515 1420 1555 mergitur
1434 1516 1520 1557 imis,

817 1568 862 1597 Et
885 1567 973 1597 redit
996 1565 1116 1597 infelix
1135 1564 1258 1596 effosso
1285 1566 1445 1597 concolor
1462 1576 1520 1598 au·

817 1616 876 1647 1·o.'
900 1616 1030 1647 Statius
1040 1616 1132 1656 Sylv.
1150 1623 1200 1645 iv.
1215 1615 1256 1645 ad
1269 1615 1407 1646 ,Iunium
1423 1617 1519 1647 Max-

816 1666 919 1696 imum
936 1665 978 1696 de
997 1665 1178 1703 Dalmatis,
1202 1664 1211 1680 ‘
1224 1665 1367 1697 Quando
1394 1669 1428 1695 te
1446 1665 1520 1696 dul-

818 1717 849 1748 ci
864 1717 962 1748 Latio
980 1717 1159 1746 remittent
1186 1715 1358 1745 Dalmatae
1374 1721 1521 1757 montes,

817 1767 875 1797 nbi
892 1766 974 1797 Dite
1001 1767 1072 1797 viso
1094 1765 1247 1796 Pallidus
1275 1765 1386 1795 fossor
1413 1765 1519 1806 redit,

815 1823 979 1859 erutoque
997 1818 1163 1849 Concolor
1177 1816 1282 1848 auro.’
1326 1816 1457 1849 Quibus
1473 1818 1520 1848 lo-

816 1868 865 1899 cis
882 1868 967 1898 alter
980 1868 1123 1898 alterum
1135 1866 1317 1897 manifesta
1329 1867 1520 1899 imitatione

816 1918 996 1958 expressit.
1041 1918 1109 1949 Sed
1137 1917 1280 1948 sollicitis
1303 1917 1432 1948 collibus
1458 1927 1520 1948 cur

816 1968 927 1999 dixit?
965 1968 999 1998 id
1029 1968 1118 1999 enim
1149 1968 1380 1999 duriusculum
1411 1967 1520 2000 videri

815 2018 935 2058 possit.
982 2019 1097 2050 Quare
1122 2017 1281 2048 fuitcum
1298 2022 1334 2049 et
1358 2018 1423 2050 hoc
1445 2028 1519 2049 cor-

815 2073 951 2108 ruptum
967 2068 1167 2106 arbitrarer,
1192 2069 1425 2110 scriptumque
1444 2069 1520 2100 Gal-

814 2119 895 2149 liciis
912 2120 990 2150 olim
1008 2129 1068 2159 pro
1084 2119 1242 2158 Callaicis,
1269 2124 1305 2150 ut
1325 2129 1416 2160 saepe
1439 2120 1519 2152 libri

815 2174 948 2200 veteres
972 2169 1122 2200 liabent:
1158 2174 1259 2210 atque
1287 2170 1372 2200 adeo
1407 2175 1517 2202 totum

815 2219 925 2250 locum
952 2221 1001 2250 sic
1019 2219 1212 2259 legendum,
1237 2220 1384 2260 quidquid
1409 2221 1520 2252 tellure

814 2271 933 2300 revulsa
952 2270 1103 2300 Callaicis
1121 2270 1248 2308 fodiens
1271 2271 1405 2301 rimatur
1434 2271 1519 2302 colli·

815 2319 870 2350 bas
895 2321 1005 2350 Astur.
1052 2317 1194 2352 Latinus
1222 2321 1384 2361 Pacatus,
1406 2320 1519 2362 ‘quod

817 2372 858 2402 de
877 2372 969 2402 venis
984 2373 1146 2403 montium
1170 2377 1229 2403 aut
1248 2372 1422 2404 fluminum
1448 2374 1517 2414 gla-

817 2416 883 2452 reis
898 2422 1058 2462 quaesitor
1073 2423 1210 2462 Bessus,
1241 2429 1414 2454 scrutator
1441 2423 1518 2455 Cal-

816 2472 923 2503 laicus
941 2473 1109 2503 eruisset)
1156 2474 1316 2505 Callaicis
1343 2476 1432 2505 enim
1457 2473 1519 2505 As-

819 2529 908 2554 tures
937 2524 1059 2554 vicini:
1096 2530 1169 2564 aut,
1196 2526 1223 2555 si
1249 2526 1358 2557 Paulo
1392 2525 1516 2558 Orosio

815 2574 998 2613 credimus,
1012 2575 1181 2605 Callaeciae
1196 2586 1274 2616 pars
1292 2575 1441 2606 fuerunt.
1460 2575 1516 2605 Ita

815 2625 872 2655 ille
890 2625 947 2656 lib.
965 2634 1013 2656 vr.
1042 2635 1070 2656 c.
1084 2629 1134 2656 21.
1159 2626 1314 2666 apposite
1344 2624 1512 2656 Martialis

815 2675 874 2706 lib.
898 2685 933 2707 x.
972 2676 1035 2716 Ep.
1064 2680 1113 2708 16.
1158 2678 1166 2693 ⁴
1195 2676 1326 2716 Accipe
1355 2673 1513 2706 Callaicis

816 2727 976 2767 quicquid
1004 2726 1092 2758 fodit
1120 2727 1224 2757 Astur
1250 2727 1282 2756 in
1313 2724 1400 2755 arvis
1415 2723 1434 2753 :'
1456 2723 1513 2754 ubi

815 2777 1016 2808 veteri-imus
1030 2776 1141 2808 codex
1169 2776 1327 2807 'l'huauus
1354 2774 1516 2806 Galliacis.

1355 2828 1376 2857 4
1394 2826 1428 2857 H

824 218 883 248 ET
918 219 1063 249 OLYB.
1098 219 1237 250 CONS.
