1851 3213
306 203 421 246 1306
571 214 712 246 No'rAE
745 215 1006 246 VARIORUM

1046 215 1094 245 {N
1130 215 1203 245 CL.
1234 215 1415 246 CLAUD.
1441 215 1504 244 VI.

998 504 1081 546 VI.

365 669 466 719 DE
497 670 765 719 TERTIO
804 670 1013 719 CONS.

354 820 371 848 1
398 818 516 848 Part-os
530 828 589 848 non
605 817 730 857 aquilis]
754 818 1013 848 Concinniorem

309 866 462 898 futurum
477 877 606 897 versum
624 868 697 907 jam
714 867 792 898 olim
807 868 870 898 rati
889 877 1013 904 sumus,

312 918 338 948 si
352 919 545 957 legeretur:
564 918 635 948 Non
644 917 701 955 fas
711 921 754 948 est
769 919 891 958 Aquilis
904 929 1015 959 part-os

309 969 434 999 educere
457 967 568 1006 foetus.
615 968 716 1001 Quod
744 972 781 999 ut
808 979 926 1000 verum
951 974 1014 1006 est,

308 1018 357 1049 ita
385 1022 506 1049 contra
536 1028 649 1049 omnes
678 1023 791 1049 tamen
808 1019 911 1050 libros
932 1019 1015 1050 nihil

309 1071 492 1098 mutamus.
517 1067 634 1098 Barth.

354 1117 494 1157 Aquilis]
533 1118 613 1148 Non
646 1117 782 1157 quidem
807 1118 1016 1158 Menelaetis‚

310 1166 364 1197 vel
385 1166 564 1207 Pygargis,
592 1167 646 1197 vel
663 1166 850 1206 Anatariis‚
873 1169 925 1198 vel
944 1167 1016 1199 Oli-

311 1216 480 1256 pelargis;
497 1216 555 1246 sed
573 1217 746 1248 Haliaetis.
773 1218 894 1248 Delrio.

359 1266 419 1297 Fas
442 1270 486 1296 est
514 1268 638 1297 educere
656 1266 769 1306 scetus]
806 1269 862 1298 De
888 1268 1016 1298 solenni

310 1316 376 1347 hoc
393 1316 593 1356 Aquilarum
617 1317 687 1347 sive
711 1316 827 1347 fabula
850 1318 919 1348 sive
936 1318 1017 1349 faci-

312 1375 395 1396 nore
414 1365 598 1405 perhibent
616 1366 846 1397 testimouium
874 1369 1017 1408 scripto-

311 1425 365 1446 res
404 1416 500 1446 varii.
559 1416 657 1447 Silius
696 1418 853 1457 Italicus,
892 1418 950 1449 lib.
983 1428 1018 1451 x.

310 1466 319 1482 ‘
337 1465 498 1506 Armiger
526 1466 616 1497 haud
646 1468 747 1498 aliter
776 1468 888 1508 magni
912 1469 1019 1509 Jovis,

312 1516 413 1547 anxia
440 1516 519 1548 nido
547 1518 660 1550 Quum
684 1518 805 1558 dignos
822 1520 930 1550 nutrit
947 1530 1020 1560 ges-

313 1566 417 1597 tanda
448 1567 490 1597 ad
519 1566 660 1598 fulmina
687 1568 801 1609 foetus,
829 1569 1019 1601 obversam

313 1620 472 1656 spectans
489 1626 548 1647 ora
570 1618 610 1647 ad
630 1618 861 1650 Phaethontia
876 1621 1020 1660 prolem,

313 1666 482 1705 Explorat
514 1667 634 1698 dubios
674 1669 835 1699 l’hoebaea
864 1670 1019 1710 lampade

313 1715 433 1747 natos!
478 1716 534 1747 Sic
561 1718 687 1748 Lucan.
715 1719 772 1749 lib.
798 1729 849 1750 lx.
879 1721 1019 1761 ‘thue

313 1764 410 1796 Jovis
428 1766 566 1796 volucer
583 1767 693 1797 calido
707 1778 780 1798 cum
797 1769 942 1808 protulit
956 1780 1019 1800 ovo

315 1813 501 1854 Implumes
533 1821 643 1855 natos,
674 1818 752 1848 solis
781 1819 954 1849 convertit
977 1820 1019 1850 ad

313 1868 430 1896 ortus:
451 1866 516 1897 Qui
535 1872 678 1906 potuere
697 1868 768 1906 pati
783 1868 908 1908 radios,
923 1874 956 1899 et
972 1870 1021 1899 lu-

314 1914 405 1945 mine
439 1920 533 1946 recto
571 1916 772 1947 Sustinuere
812 1918 915 1956 diem,
945 1920 1020 1950 coeli

316 1972 497 1997 servantur
525 1968 556 1997 in
584 1977 674 2004 usus,
698 1969 765 2000 Qui
793 1969 921 2000 Phoebo
952 1981 1021 2001 ces—

316 2025 393 2047 sere
415 2017 559 2057 jacent!
607 2018 857 2058 Pei-spicaciam
890 2019 1021 2061 Aquilae

316 2066 520 2106 singularem
549 2069 724 2100 celebrant
751 2069 917 2110 Apuleius
950 2072 1022 2102 Flo-

316 2118 412 2157 ridis,
429 2120 586 2160 Hyginus
603 2120 748 2152 Poetico
765 2121 1020 2163 Astronomico,

318 2167 373 2197 alii
388 2168 522 2200 infiniti.

363 2218 516 2258 Educet-e]
541 2219 708 2252 Educare.
749 2222 804 2254 Sic
828 2233 895 2254 non
918 2226 1022 2255 semel

319 2267 455 2299 Cicero.
479 2270 657 2302 Terentius
674 2271 858 2313 Adelphis:
887 2275 1021 2305 ‘Eduxi

319 2326 339 2347 a
366 2319 517 2358 parvulo,
552 2319 664 2360 habui,
692 2323 798 2353 amavi
830 2333 893 2364 pro
924 2324 1022 2356 mco.’

319 2367 437 2398 Barth.

360 2420 380 2448 2
409 2417 530 2457 Fidem]
556 2419 595 2449 In
614 2429 650 2450 re
668 2421 825 2454 inanima.
850 2424 947 2455 Idem.

363 2471 381 2498 3
409 2469 546 2499 Excusso
576 2470 677 2510 saliit]
725 2472 802 2502 Non
840 2474 928 2504 enim
960 2485 1022 2505 usu

320 2523 379 2550 aut
409 2524 562 2559 tempore
598 2529 680 2559 opus
711 2522 814 2553 habet
851 2528 888 2554 ut
923 2525 1022 2555 salire

321 2569 443 2600 discat.

367 2619 504 2649 Excusso
528 2620 614 2649 saliit
643 2629 711 2649 cum
738 2621 878 2658 germine
905 2624 1020 2664 proles]

325 2668 470 2708 Tegmine
486 2668 683 2699 emendarat
699 2669 731 2699 in
749 2680 807 2700 ora
825 2671 954 2703 codicis
971 2674 1021 2704 sui

323 2716 518 2757 ὁθαυμάσιος
543 2718 716 2760 Scaliger:
745 2721 836 2762 quod
863 2722 1021 2763 Gyraldi-

1045 670 1198 718 HON
1207 670 1361 719 ORH
1398 670 1711 719 PRAEFAT.

1065 827 1128 849 nus
1151 818 1238 849 liber
1265 817 1455 848 confirmat.
1477 821 1594 848 noster
1609 816 1651 847 de
1668 815 1768 857 Crys-

1067 868 1169 898 talio:
1195 869 1203 885 ‘
1222 868 1401 898 Clauditur
1432 868 1586 897 immunis
1617 876 1769 898 convexo

1067 919 1215 958 tegmine
1233 917 1343 949 rivus!
1366 919 1374 935 ‘
1393 917 1563 948 Corticem
1586 917 1649 947 ovi'
1681 917 1773 948 dixit

1065 967 1211 998 Serenus
1223 967 1467 1007 Sammonicus,
1490 977 1567 1007 cap.
1582 969 1634 998 30.
1647 966 1655 982 ‘
1675 969 1773 1006 puta-

1067 1018 1153 1049 men'
1170 1029 1246 1059 cap.
1259 1021 1312 1049 41.
1332 1022 1367 1049 et
1393 1018 1402 1034 ‘
1418 1017 1571 1058 fragmen
1583 1015 1772 1057 juglandis’

1067 1078 1141 1108 cap.
1159 1071 1212 1099 66.
1240 1069 1333 1099 saluit
1365 1069 1466 1099 etiam
1497 1067 1672 1106 Lucensis,
1697 1076 1777 1107 quo-

1067 1119 1165 1149 modo
1184 1119 1273 1159 apud
1293 1119 1394 1150 Ovid.
1409 1120 1545 1149 Fast.v.
1571 1120 1579 1135 ‘
1595 1118 1666 1148 Per
1677 1116 1773 1147 fiam·

1066 1179 1137 1200 mas
1154 1170 1293 1200 saluisse
1311 1179 1427 1209 pecus,
1457 1168 1594 1198 saluisse
1611 1166 1773 1198 colonos.'

1067 1229 1165 1260 quam
1183 1219 1252 1249 illic
1267 1228 1381 1249 veram
1395 1228 1468 1248 esse
1481 1217 1661 1248 lectionem
1678 1217 1773 1247 testis

1067 1269 1272 1299 Priscianus.
1296 1268 1366 1298 Pro
1387 1277 1511 1298 excusso
1524 1276 1702 1306 perperam
1719 1275 1773 1296 ex-

1068 1329 1138 1349 cuso
1151 1318 1415 1359 Raplielengius.
1463 1317 1496 1346 Si
1509 1317 1584 1356 quis
1600 1317 1774 1356 vulgatum

1067 1368 1105 1398 τὸ
1116 1369 1254 1407 germine
1279 1368 1368 1398 tueri
1395 1367 1490 1405 velit,
1510 1366 1557 1396 ita
1574 1366 1654 1396 licet
1671 1366 1776 1396 inter-

1070 1424 1237 1459 pretetur,
1253 1417 1420 1459 quomodo
1438 1420 1552 1447 noster
1569 1415 1713 1455 Epistol.
1730 1415 1774 1446 ad

1070 1469 1231 1500 Serenam
1261 1468 1405 1507 germina
1432 1467 1574 1497 uniones
1601 1470 1713 1506 vocat,
1739 1470 1776 1496 et

1071 1520 1129 1550 lib.
1146 1529 1168 1550 ι.
1186 1519 1228 1550 de
1256 1520 1360 1558 Rapt.
1387 1526 1532 1548 cornua:
1556 1515 1565 1533 ‘
1582 1516 1658 1547 Nec
1687 1525 1776 1546 nova

1071 1570 1196 1601 lunatae
1239 1568 1397 1600 curvavit
1445 1567 1596 1606 germina
1632 1565 1775 1597 frontis!

1071 1630 1174 1661 quare
1192 1625 1227 1650 et
1238 1619 1349 1651 forsan
1364 1618 1616 1657 corrigendum,
1632 1618 1640 1634 ‘
1660 1617 1775 1647 exclu-

1072 1681 1107 1702 so
1123 1671 1297 1711 germine!
1320 1670 1408 1711 quod
1423 1669 1597 1710 proprium
1610 1668 1671 1698 bac
1688 1668 1721 1698 in
1739 1677 1776 1698 re

1071 1722 1224 1752 verbum.
1249 1721 1293 1751 D.
1315 1720 1425 1751 Heius.

1117 1772 1195 1801 Cum.
1209 1769 1365 1809 germine]
1388 1768 1510 1799 Statim
1531 1772 1568 1798 ut
1595 1766 1776 1807 prodeunt,

1072 1831 1135 1852 ovo
1152 1825 1263 1861 rupto.
1289 1821 1459 1857 Lucanus,
1491 1818 1553 1849 lib:
1576 1827 1627 1848 lx.
1652 1819 1661 1834 ‘
1679 1817 1775 1849 Jovis

1071 1873 1220 1910 volucer,
1237 1870 1345 1900 calido
1362 1880 1437 1900 cum
1459 1869 1600 1910 protulit
1618 1878 1680 1899 ovo
1707 1868 1775 1898 Im-

1073 1922 1204 1962 plumes
1221 1926 1330 1958 natos,
1347 1920 1468 1950 Phoebi
1483 1920 1654 1950 convertit
1667 1919 1709 1950 ad
1723 1928 1775 1950 or-

1072 1971 1148 2003 tus!
1183 1971 1298 2002 Barth.

1104 2025 1124 2052 4
1139 2021 1271 2061 Hiulca]
1284 2021 1505 2060 Selniaperla,
1519 2019 1632 2051 scissa.
1651 2018 1775 2050 Catuli.

1072 2073 1204 2103 ‘Dulce
1232 2072 1356 2102 viatori
1381 2072 1469 2102 lasso
1491 2070 1526 2100 in
1551 2070 1670 2101 sudore
1688 2069 1778 2100 leva-

1074 2133 1163 2161 men,
1191 2124 1275 2154 Cum
1293 2123 1402 2163 gravis
1421 2126 1556 2152 exustos
1573 2127 1677 2152 aestus
1693 2119 1779 2151 hiul-

1074 2179 1129 2204 cat
1142 2172 1265 2213 agros.’
1291 2173 1389 2203 Idem.

1116 2227 1134 2253 5
1162 2223 1328 2262 Implumes
1349 2221 1500 2252 convertit
1523 2221 1564 2250 ad
1585 2220 1703 2250 aethera
1728 2220 1779 2251 ni·

1072 2274 1142 2313 dos]
1166 2274 1242 2303 Duo
1273 2273 1350 2303 libri
1377 2275 1476 2310 natos,
1503 2270 1592 2310 quod
1620 2270 1777 2302 Claverio

1076 2324 1276 2365 probatum:
1296 2322 1437 2352 totidem
1447 2322 1564 2361 pullos:
1581 2320 1662 2350 nihil
1675 2324 1777 2352 muta.

1076 2374 1228 2404 Avienus
1245 2372 1400 2402 similiter
1417 2371 1497 2401 Fab.
1517 2379 1580 2400 xx.
1611 2370 1692 2400 ‘Sed
1711 2380 1777 2401 vox

1073 2424 1239 2464 inplumes
1257 2422 1407 2453 turbavit
1423 2421 1561 2452 credula
1574 2420 1694 2450 nidos.'
1718 2422 1779 2452 Ni·

1074 2476 1128 2504 dos
1155 2484 1216 2514 pro
1241 2473 1335 2513 pullis
1367 2472 1471 2502 etiam
1503 2470 1665 2510 Virgilius
1689 2470 1779 2501 dixit

1076 2526 1203 2564 Georg.
1236 2525 1292 2554 lib.
1320 2532 1369 2554 1v.
1391 2524 1400 2538 ⁴
1418 2522 1488 2552 Ore
1513 2520 1627 2551 ferunt
1644 2522 1778 2551 dulcem

1075 2575 1162 2605 nidis
1193 2573 1377 2604 immitibus
1405 2573 1538 2602 es‹·am.¹
1562 2577 1595 2600 et
1613 2570 1687 2601 AEn.
1707 2578 1778 2601 ΧΗ.

1076 2626 1169 2655 ‘alta
1197 2625 1284 2655 atria
1319 2624 1441 2653 lustrat
1472 2621 1626 2658 hirundo,
1649 2621 1779 2652 Pabula

1075 2686 1179 2717 parva
1204 2676 1320 2715 legens
1339 2673 1495 2713 nidisque
1518 2672 1714 2713 loquacibus
1729 2681 1779 2702 es-

1074 2725 1152 2757 cas.’
1198 2726 1245 2758 Et
1278 2722 1485 2756 Dracontius
1514 2722 1573 2753 illa
1596 2721 1776 2754 imitatus:
