1852 3182
432 225 491 256 DE
524 223 671 253 NFPT.
708 221 891 251 HONOR.
929 220 986 247 ΕΤ
1022 219 1143 248 ΜΑΠ.

59 323 265 354 Claudiana<
280 326 385 353 notat.
432 319 533 351 Fauni
547 323 658 348 autem
673 317 761 347 inter

59 373 207 404 Musteus
238 374 344 410 Deos,
375 371 457 402 licet
488 368 617 409 agresti
646 373 760 398 cantu.

60 424 176 454 Barth.

105 478 140 505 15
170 475 331 513 ‘I'utiesque
360 469 499 509 renatus]
546 469 667 499 Reuuto
701 469 762 498 Lu-

58 535 152 556 ceus.
171 523 312 564 Gyrald.
340 528 376 553 et
395 520 549 562 plerique
575 520 654 549 alii:
682 528 761 549 non-

58 577 141 607 nulli
168 578 299 606 renatos.
324 583 400 604 mox
427 571 583 612 protrahit
612 579 762 609 nonper-

56 627 155 657 tralu't
172 626 262 657 idem
282 625 424 655 Lucens.
446 631 522 653 cum
539 626 671 661 septem
690 629 762 650 nos-

58 678 131 707 tris.
158 676 204 707 D.
223 675 335 706 Heins.

102 727 141 755 19
170 722 413 763 Venturumque]
430 720 584 753 Fatidico
596 719 763 756 carmine;

60 775 159 816 quale
171 775 253 807 illud
266 774 453 806 Parcarum
467 771 557 812 apud
571 770 760 814 Catullum:

1402 209 1419 247 l
1431 207 1513 248 :367

812 316 820 332 ‘
835 315 1005 346 Nascetur
1017 313 1110 344 vobis
1123 321 1246 351 expers
1258 316 1359 342 terror
1370 312 1393 341 is
1404 312 1514 342 ,tt-uit-

813 365 874 403 lesa,
912 363 1077 395 Hostibus
1098 363 1180 392 liant
1201 367 1310 400 tergo,
1347 361 1403 390 scd
1433 361 1512 391 sorti

813 420 952 455 pectore
971 413 1093 444 notus!
1120 412 1234 443 Bul-th.

855 465 1023 504 Achillem]
1060 463 1250 504 lliscliylum
1289 461 1385 501 sequi
1416 462 1515 491 (Ἰαυ-

814 515 932 547 dianus
961 515 1090 554 maluit,
1115 523 1214 555 quam
1247 521 1303 543 eos
1330 510 1386 552 qui
1412 510 1515 549 Apul-

814 566 915 597 linem
952 565 993 596 ab
1031 565 1082 596 liis
1122 563 1250 604 nuptiis
1289 566 1517 593 removerunt.

814 618 941 649 Dclrio.

855 670 897 698 :22
935 666 1092 704 Reginam
1131 662 1291 703 resonant]
1342 663 1517 702 Nupscrat

813 718 903 749 enim
935 717 1008 757 jam
1049 716 1135 757 Regi
1176 714 1362 747 Thessalia),
1405 714 1516 744 Peleo.

816 769 931 800 Barth.

754 1099 820 1141 X.

110 1237 678 1289 EPITHALAMIUM
717 1232 1032 1284 HONORH
1069 1232 1159 1280 ET
1189 1229 1462 1279 MARIAE.

106 1379 118 1405 l
147 1372 324 1413 Hauserat]
347 1374 398 1404 Ex
413 1371 563 1403 Maronis
580 1371 636 1401 illo
649 1369 763 1401 adum-

60 1426 215 1455 bratum:
239 1424 248 1439 ‘
264 1423 311 1454 At
343 1422 486 1462 Regina,
513 1420 608 1461 gravi
629 1419 764 1460 jamdu-

59 1474 137 1505 dum
156 1473 270 1505 saucia
286 1482 381 1511 cura,
407 1472 539 1503 Vulnus
564 1471 624 1501 alit
649 1468 764 1509 venis,’

59 1529 121 1555 &c-

104 1571 287 1611 l'romissoe]
327 1573 387 1603 Est
421 1571 513 1602 fictio
543 1570 764 1601 Stilichonem

59 1624 251 1656 adulantis:
276 1622 441 1664 siquidem
458 1622 531 1652 aliis
558 1621 688 1651 artibus
702 1620 766 1650 ltoc

60 1674 310 1706 matrimonium
326 1676 574 1704 constructum.

105 1723 213 1764 Ignes]
248 1723 423 1761 Amorem,
451 1722 508 1762 qui
535 1720 605 1760 igni
629 1727 766 1759 compa-

60 1783 166 1810 ratur.
192 1776 308 1808 Barth.

103 1831 123 1859 2
147 1827 322 1866 Augustus,
341 1833 492 1865 pronoque
507 1822 607 1862 rudis]
632 1821 685 1852 Sic
702 1821 767 1852 Lu-

60 1877 170 1910 censis
185 1881 221 1907 et
237 1875 358 1907 caeteri
383 1874 540 1915 plerique
556 1882 632 1902 cum
651 1871 767 1912 primis

62 1926 288 1960 editionibus:
315 1934 425 1966 neque
443 1924 541 1955 aliter
559 1923 656 1962 prim.
673 1921 767 1951 Vati-

61 1988 136 2010 can.
163 1983 199 2009 et
226 1977 420 2009 Oiselianus
448 1984 510 2016 pro
535 1974 668 2004 diversa
698 1973 765 2003 lec-

62 2029 174 2060 tione:
200 2027 290 2069 quod
315 2026 451 2057 minime
478 2024 617 2065 explodi
643 2033 662 2053 a
685 2023 768 2053 Bar-

62 2080 132 2111 tliio
145 2078 278 2110 debuit.
303 2077 404 2117 Apud
420 2076 615 2108 Horatium:
633 2075 641 2091 ‘
655 2075 767 2113 Lycus

63 2131 97 2160 in
128 2138 281 2169 asperam
317 2126 478 2158 Declinat
505 2123 694 2156 Plioloiiuz’
731 2128 766 2154 et

63 2179 154 2220 apud
174 2178 365 2209 Nasonem:
391 2178 399 2193 ‘
420 2175 590 2207 Paulatim
616 2173 767 2204 declinat

62 2230 184 2261 amorz'
208 2228 297 2259 unde
310 2228 426 2268 liquet,
438 2235 499 2257 cur
512 2230 629 2255 noster
637 2233 767 2264 pronum

63 2284 173 2313 aestum
191 2279 329 2310 dixerit.
354 2277 494 2316 Vulgati
508 2275 680 2317 primoque.
719 2275 764 2305 D.

64 2331 184 2362 Heius.

106 2382 125 2411 3
150 2378 312 2420 Suspiria]
348 2376 546 2414 Notissima,
575 2380 610 2406 et
642 2375 768 2416 ubique

64 2435 258 2463 contestata
275 2429 410 2460 Amoris
427 2427 563 2458 indicia.
589 2427 703 2458 Barth.

106 2485 126 2514 6
152 2482 242 2512 Mens
258 2480 494 2512 omnisaberrut
519 2480 557 2509 In
572 2480 674 2510 vultus
697 2489 771 2519 quos

54 2533 136 2574 fixit
151 2531 251 2571 amor]
285 2529 465 2571 Gyraldini
490 2530 567 2560 libri
586 2530 768 2561 lectionem

66 2587 102 2614 et
128 2582 239 2623 magni
261 2580 428 2621 Scaligeri
456 2580 690 2620 conjecturam
716 2579 769 2610 uic

66 2634 296 2673 expressimus
311 2643 317 2663 :
337 2632 510 2674 quosfixit‚
537 2641 619 2672 quus
636 2631 767 2672 pectori

65 2684 138 2724 ejus
155 2682 287 2713 infixit:
312 2682 462 2714 breviter
476 2682 617 2713 dictum.
640 2682 768 2721 Vulgo,

66 2735 98 2766 in
124 2734 226 2765 vultus
240 2733 432 2774 quosfinxit.
454 2733 613 2772 Isingrin.
639 2738 675 2764 et
691 2743 767 2773 sep-

68 2788 135 2815 tem
169 2783 237 2822 alii,
271 2783 309 2813 ln
337 2783 444 2813 vulnus
467 2782 543 2822 quod
563 2781 666 2822 fixit.-
702 2791 766 2812 uon

816 1368 914 1399 male.
932 1366 1028 1406 prim.
1044 1365 1200 1396 vatican.
1217 1368 1253 1394 et
1266 1363 1384 1395 decem
1399 1363 1469 1401 alii,
1484 1363 1520 1393 In

816 1419 915 1448 vultus
929 1427 1002 1457 quus
1017 1416 1140 1455 pinxit:
1164 1418 1322 1455 quatuor,
1349 1413 1387 1443 In
1414 1413 1521 1443 culum

815 1469 892 1508 ιμιυιί
917 1467 1050 1507 punxit.-
1072 1465 1179 1505 pinxit
1196 1462 1397 1494 duodecim:
1417 1461 1520 1502 finxit

817 1527 912 1548 unns.
950 1516 1129 1546 Bartliius:
1166 1514 1203 1544 In
1230 1514 1331 1544 cultus
1354 1513 1421 1552 quis
1438 1512 1520 1553 fixit

819 1570 931 1598 Amor:
955 1566 1042 1608 quod
1067 1566 1122 1596 ille
1139 1567 1295 1603 argutum
1313 1567 1425 1600 vocat,
1441 1561 1521 1592 milii

817 1621 965 1651 insolens
994 1618 1139 1649 videtur.
1173 1616 1324 1655 Vulgata
1350 1614 1523 1654 scriptura

818 1681 859 1702 ex
877 1671 942 1700 illis
955 1668 1116 1700 Venantii
1134 1664 1394 1704 Fortunatijam
1408 1674 1426 1693 a
1440 1664 1522 1693 Bar-

818 1721 888 1751 thio
903 1719 1060 1751 adductis
1074 1716 1211 1748 defendi
1226 1718 1359 1756 potest:
1384 1714 1392 1730 ‘
1404 1713 1523 1745 Cordis

819 1776 894 1802 erat
910 1770 1044 1810 requies
1060 1767 1179 1806 oculis,
1206 1766 1386 1806 animaque
1411 1773 1523 1795 recur-

820 1830 899 1851 rens
924 1819 979 1851 Ad
1008 1819 1134 1856 vultus,
1161 1826 1244 1858 quos
1268 1815 1369 1847 finxit
1394 1814 1524 1846 Amor.’

820 1872 883 1903 nisi
913 1876 948 1901 et
973 1870 1042 1900 illic
1072 1867 1310 1900 scribendum:
1334 1866 1386 1898 Aa
1416 1867 1525 1896 vulnus

820 1920 986 1962 qnodfixit
999 1920 1105 1951 Amor.
1139 1922 1253 1948 noster
1269 1918 1371 1958 paulo
1385 1920 1470 1957 post,
1481 1915 1523 1946 de

821 1973 883 2003 hoc
895 1971 968 2011 ipso
977 1969 1130 2001 Honorio
1143 1979 1150 1999 z
1168 1968 1177 1985 ⁴
1196 1968 1256 1998 tali
1266 1967 1395 1998 solatur
1409 1967 1523 1996 vnlne-

820 2034 857 2054 ra
875 2019 1019 2063 questu.'
1052 2019 1220 2060 Apposite
1238 2017 1371 2058 Cupido
1387 2017 1460 2057 ipse
1479 2017 1521 2047 ad

820 2075 991 2104 Venerem
1009 2070 1099 2111 apud
1126 2069 1273 2100 Statium
1290 2067 1523 2107 Epithalamio

819 2124 958 2156 Stellae:
984 2123 992 2139 ‘
1011 2120 1098 2152 baud
1127 2119 1184 2150 ulli
1208 2117 1440 2149 vehementior
1466 2125 1525 2146 un-

821 2184 919 2214 quam
952 2171 1109 2209 Incubui,
1146 2169 1308 2210 genitrix,
1334 2167 1526 2207 iterataque

820 2226 960 2257 vulnera
976 2222 1060 2254 fixi!
1085 2222 1131 2252 D.
1148 2220 1260 2251 Heius.

865 2275 957 2306 Mens
971 2273 1070 2304 omnis
1085 2270 1224 2310 aberrat]
1246 2269 1342 2301 Nihil
1357 2273 1395 2300 ut
1410 2268 1526 2298 videat

821 2331 856 2366 et
874 2325 991 2356 videre
1014 2323 1096 2354 vetit
1114 2326 1242 2363 praeter
1261 2320 1355 2350 illam
1372 2319 1522 2359 cupitam

820 2377 976 2407 formam.
1000 2373 1116 2405 Barth.

865 2430 882 2458 7
912 2427 948 2457 ln
974 2427 1075 2457 vultus
1099 2434 1172 2464 quos
1192 2422 1298 2465 finxit
1327 2419 1429 2458 amor]
1454 2419 1522 2449 Per

822 2478 938 2509 oculos
955 2476 1043 2507 enim
1057 2480 1160 2516 atque
1173 2473 1258 2504 adeo
1274 2477 1381 2504 totum
1397 2470 1524 2501 vultum

823 2527 928 2559 Amor
958 2527 1027 2557 tela
1057 2535 1190 2556 suarum
1229 2523 1445 2554 affectionum
1478 2520 1523 2549 vi-

821 2580 920 2611 brare
944 2583 979 2609 et
999 2578 1120 2618 jacere
1150 2576 1182 2606 in
1211 2574 1314 2605 corda
1338 2575 1522 2603 amatorum

821 2630 968 2667 dicitnr;
993 2629 1026 2659 id
1045 2627 1135 2669 quod
1160 2624 1362 2657 indicaverit
1378 2622 1427 2652 liis
1443 2620 1521 2650 doc-

821 2682 863 2713 tis
878 2680 1003 2720 verbis,
1028 2679 1141 2719 potius
1169 2685 1267 2717 quam
1295 2670 1520 2712 expresserit,

822 2737 916 2763 vates·
931 2731 1092 2771 optimus,
1140 2727 1193 2758 Ab
1209 2724 1315 2756 oculis
1331 2731 1423 2761 ergo,
1439 2720 1517 2751 telis

819 2792 854 2813 se
887 2779 1086 2822 quibusdam
1114 2776 1185 2817 peti
1211 2775 1390 2806 Amatores
1418 2770 1512 2801 aiunt
