<?xml version="1.0" encoding="UTF-8"?>
<!DOCTYPE html PUBLIC "-//W3C//DTD XHTML 1.0 Transitional//EN"
    "http://www.w3.org/TR/xhtml1/DTD/xhtml1-transitional.dtd">
<html xmlns="http://www.w3.org/1999/xhtml" xml:lang="en" lang="en">
 <head>
  <title>
</title>
<meta http-equiv="Content-Type" content="text/html;charset=utf-8" />
  <meta name='ocr-system' content='tesseract 3.04.00' />
  <meta name='ocr-capabilities' content='ocr_page ocr_carea ocr_par ocr_line ocrx_word'/>
</head>
<body>
  <div class='ocr_page' id='page_1' title='image "./operaomniaexedit03clauuoft_0291.png"; bbox 0 0 1852 3182; ppageno 0'>
   <div class='ocr_carea' id='block_1_1' title="bbox 544 202 1056 232">
    <p class='ocr_par' dir='ltr' id='par_1_1' title="bbox 544 202 1056 232">
     <span class='ocr_line' id='line_1_1' title="bbox 544 202 1056 232; baseline -0.004 -1"><span class='ocrx_word' id='word_1_1' title='bbox 544 202 593 231; x_wconf 71' lang='lat' dir='ltr'>IN</span> <span class='ocrx_word' id='word_1_2' title='bbox 631 202 860 232; x_wconf 81' lang='lat' dir='ltr'>RUFlNUM</span> <span class='ocrx_word' id='word_1_3' title='bbox 898 202 992 232; x_wconf 77' lang='lat' dir='ltr'>Lm.</span> <span class='ocrx_word' id='word_1_4' title='bbox 1026 203 1056 232; x_wconf 85' lang='lat'>1.</span> 
     </span>
    </p>
   </div>
   <div class='ocr_carea' id='block_1_2' title="bbox 72 291 814 2740">
    <p class='ocr_par' dir='ltr' id='par_1_2' title="bbox 72 291 772 485">
     <span class='ocr_line' id='line_1_2' title="bbox 72 291 771 334; baseline -0.01 -4"><span class='ocrx_word' id='word_1_5' title='bbox 72 298 236 329; x_wconf 79' lang='lat' dir='ltr'>lichenem</span> <span class='ocrx_word' id='word_1_6' title='bbox 265 296 368 329; x_wconf 85' lang='lat' dir='ltr'>Marti</span> <span class='ocrx_word' id='word_1_7' title='bbox 395 295 453 326; x_wconf 88' lang='lat' dir='ltr'>dat</span> <span class='ocrx_word' id='word_1_8' title='bbox 489 294 521 325; x_wconf 88' lang='lat' dir='ltr'>in</span> <span class='ocrx_word' id='word_1_9' title='bbox 549 291 771 334; x_wconf 79' lang='lat' dir='ltr'>profligandis</span> 
     </span>
     <span class='ocr_line' id='line_1_3' title="bbox 73 344 771 388; baseline -0.01 -8"><span class='ocrx_word' id='word_1_10' title='bbox 73 349 236 388; x_wconf 80' lang='lat' dir='ltr'>hostibus,</span> <span class='ocrx_word' id='word_1_11' title='bbox 256 348 297 378; x_wconf 84' lang='lat' dir='ltr'>ad</span> <span class='ocrx_word' id='word_1_12' title='bbox 322 345 522 377; x_wconf 81' lang='lat' dir='ltr'>felicitatem</span> <span class='ocrx_word' id='word_1_13' title='bbox 545 344 771 375; x_wconf 82' lang='lat' dir='ltr'>indicandam.</span> 
     </span>
     <span class='ocr_line' id='line_1_4' title="bbox 74 395 772 434; baseline -0.006 -6"><span class='ocrx_word' id='word_1_14' title='bbox 74 398 192 431; x_wconf 79' lang='lat' dir='ltr'>Infra:</span> <span class='ocrx_word' id='word_1_15' title='bbox 216 399 224 416; x_wconf 81' lang='lat'><strong>¹</strong></span> <span class='ocrx_word' id='word_1_16' title='bbox 243 397 332 428; x_wconf 81' lang='lat' dir='ltr'>Hinc</span> <span class='ocrx_word' id='word_1_17' title='bbox 353 395 494 426; x_wconf 78' lang='lat' dir='ltr'>Stilicho</span> <span class='ocrx_word' id='word_1_18' title='bbox 517 399 658 434; x_wconf 84' lang='lat' dir='ltr'>turmas,</span> <span class='ocrx_word' id='word_1_19' title='bbox 679 395 772 425; x_wconf 83' lang='lat' dir='ltr'>illinc</span> 
     </span>
     <span class='ocr_line' id='line_1_5' title="bbox 75 444 431 485; baseline -0.017 -4"><span class='ocrx_word' id='word_1_20' title='bbox 75 449 245 481; x_wconf 83' lang='lat' dir='ltr'>Gradivus</span> <span class='ocrx_word' id='word_1_21' title='bbox 261 444 431 485; x_wconf 54' lang='lat' dir='ltr'>agebant?</span> 
     </span>
    </p>

    <p class='ocr_par' dir='ltr' id='par_1_3' title="bbox 73 495 777 878">
     <span class='ocr_line' id='line_1_6' title="bbox 118 495 773 536; baseline -0.006 -6"><span class='ocrx_word' id='word_1_22' title='bbox 118 502 180 530; x_wconf 80' lang='lat'>338</span> <span class='ocrx_word' id='word_1_23' title='bbox 206 498 337 529; x_wconf 64' lang='lat' dir='ltr'>Thracas</span> <span class='ocrx_word' id='word_1_24' title='bbox 361 495 490 534; x_wconf 80' lang='lat' dir='ltr'><em>defende</em></span> <span class='ocrx_word' id='word_1_25' title='bbox 514 496 598 536; x_wconf 79' lang='lat' dir='ltr'>tuos]</span> <span class='ocrx_word' id='word_1_26' title='bbox 631 496 773 527; x_wconf 78' lang='lat' dir='ltr'>Thracia</span> 
     </span>
     <span class='ocr_line' id='line_1_7' title="bbox 74 546 773 586; baseline -0.006 -6"><span class='ocrx_word' id='word_1_27' title='bbox 74 548 198 580; x_wconf 84' lang='lat' dir='ltr'>fertilis</span> <span class='ocrx_word' id='word_1_28' title='bbox 225 546 375 577; x_wconf 82' lang='lat' dir='ltr'>Heroum</span> <span class='ocrx_word' id='word_1_29' title='bbox 403 555 474 586; x_wconf 87' lang='lat' dir='ltr'>ora,</span> <span class='ocrx_word' id='word_1_30' title='bbox 503 551 540 577; x_wconf 90' lang='lat' dir='ltr'>ut</span> <span class='ocrx_word' id='word_1_31' title='bbox 566 546 607 577; x_wconf 90' lang='lat' dir='ltr'>ab</span> <span class='ocrx_word' id='word_1_32' title='bbox 632 546 773 577; x_wconf 91' lang='lat' dir='ltr'>Sidonio</span> 
     </span>
     <span class='ocr_line' id='line_1_8' title="bbox 75 596 774 639; baseline -0.003 -10"><span class='ocrx_word' id='word_1_33' title='bbox 75 597 278 639; x_wconf 86' lang='lat' dir='ltr'>appellatur.</span> <span class='ocrx_word' id='word_1_34' title='bbox 297 596 403 628; x_wconf 88' lang='lat' dir='ltr'>Marti</span> <span class='ocrx_word' id='word_1_35' title='bbox 414 597 587 637; x_wconf 90' lang='lat' dir='ltr'>proprium</span> <span class='ocrx_word' id='word_1_36' title='bbox 600 607 617 627; x_wconf 91' lang='lat' dir='ltr'>a</span> <span class='ocrx_word' id='word_1_37' title='bbox 631 597 774 637; x_wconf 83' lang='lat' dir='ltr'>scripto-</span> 
     </span>
     <span class='ocr_line' id='line_1_9' title="bbox 77 645 774 687; baseline -0.001 -9"><span class='ocrx_word' id='word_1_38' title='bbox 77 647 166 678; x_wconf 80' lang='lat' dir='ltr'>ribus</span> <span class='ocrx_word' id='word_1_39' title='bbox 187 645 347 677; x_wconf 85' lang='lat' dir='ltr'>dedicata</span> <span class='ocrx_word' id='word_1_40' title='bbox 363 650 450 685; x_wconf 87' lang='lat' dir='ltr'>erat,</span> <span class='ocrx_word' id='word_1_41' title='bbox 468 651 588 687; x_wconf 84' lang='lat' dir='ltr'>utpote</span> <span class='ocrx_word' id='word_1_42' title='bbox 605 647 774 677; x_wconf 83' lang='lat' dir='ltr'>hominum</span> 
     </span>
     <span class='ocr_line' id='line_1_10' title="bbox 75 696 776 737; baseline 0.003 -11"><span class='ocrx_word' id='word_1_43' title='bbox 75 705 146 737; x_wconf 85' lang='lat' dir='ltr'>prae</span> <span class='ocrx_word' id='word_1_44' title='bbox 174 696 310 727; x_wconf 80' lang='lat' dir='ltr'>caeteris</span> <span class='ocrx_word' id='word_1_45' title='bbox 337 696 562 727; x_wconf 83' lang='lat' dir='ltr'>animosornm</span> <span class='ocrx_word' id='word_1_46' title='bbox 588 701 708 737; x_wconf 83' lang='lat' dir='ltr'>mater,</span> <span class='ocrx_word' id='word_1_47' title='bbox 738 701 776 728; x_wconf 92' lang='lat' dir='ltr'>ut</span> 
     </span>
     <span class='ocr_line' id='line_1_11' title="bbox 73 745 776 786; baseline 0.001 -9"><span class='ocrx_word' id='word_1_48' title='bbox 73 745 195 778; x_wconf 84' lang='lat' dir='ltr'>scribit</span> <span class='ocrx_word' id='word_1_49' title='bbox 239 745 426 777; x_wconf 87' lang='lat' dir='ltr'>Niceforns</span> <span class='ocrx_word' id='word_1_50' title='bbox 463 746 604 786; x_wconf 80' lang='lat' dir='ltr'>Callisti,</span> <span class='ocrx_word' id='word_1_51' title='bbox 642 756 692 778; x_wconf 83' lang='lat' dir='ltr'>xr.</span> <span class='ocrx_word' id='word_1_52' title='bbox 724 750 776 778; x_wconf 73' lang='lat'>14.</span> 
     </span>
     <span class='ocr_line' id='line_1_12' title="bbox 76 795 777 829; baseline 0.001 -1"><span class='ocrx_word' id='word_1_53' title='bbox 76 795 195 828; x_wconf 85' lang='lat' dir='ltr'>Manil.</span> <span class='ocrx_word' id='word_1_54' title='bbox 210 796 269 828; x_wconf 92' lang='lat' dir='ltr'>lib.</span> <span class='ocrx_word' id='word_1_55' title='bbox 287 805 336 829; x_wconf 79' lang='lat' dir='ltr'>lv,</span> <span class='ocrx_word' id='word_1_56' title='bbox 370 798 379 814; x_wconf 92' lang='lat'>‘</span> <span class='ocrx_word' id='word_1_57' title='bbox 395 797 529 829; x_wconf 87' lang='lat' dir='ltr'>Thrace</span> <span class='ocrx_word' id='word_1_58' title='bbox 544 798 692 829; x_wconf 84' lang='lat' dir='ltr'>Martem</span> <span class='ocrx_word' id='word_1_59' title='bbox 710 808 777 829; x_wconf 88' lang='lat' dir='ltr'>sor-</span> 
     </span>
     <span class='ocr_line' id='line_1_13' title="bbox 76 847 479 878; baseline 0 0"><span class='ocrx_word' id='word_1_60' title='bbox 76 847 142 878; x_wconf 88' lang='lat' dir='ltr'>tita</span> <span class='ocrx_word' id='word_1_61' title='bbox 156 847 336 878; x_wconf 90' lang='lat' dir='ltr'>colonum.’</span> <span class='ocrx_word' id='word_1_62' title='bbox 358 847 479 878; x_wconf 79' lang='lat' dir='ltr'>Barth.</span> 
     </span>
    </p>

    <p class='ocr_par' dir='ltr' id='par_1_4' title="bbox 77 897 785 1340">
     <span class='ocr_line' id='line_1_14' title="bbox 120 897 780 939; baseline -0.002 -10"><span class='ocrx_word' id='word_1_63' title='bbox 120 899 184 929; x_wconf 74' lang='lat'>339</span> <span class='ocrx_word' id='word_1_64' title='bbox 211 897 332 929; x_wconf 76' lang='lat' dir='ltr'>Vestita</span> <span class='ocrx_word' id='word_1_65' title='bbox 354 898 460 938; x_wconf 81' lang='lat' dir='ltr'>spoliis</span> <span class='ocrx_word' id='word_1_66' title='bbox 480 898 631 930; x_wconf 83' lang='lat' dir='ltr'>donabere</span> <span class='ocrx_word' id='word_1_67' title='bbox 654 897 780 939; x_wconf 83' lang='lat' dir='ltr'>quercu]</span> 
     </span>
     <span class='ocr_line' id='line_1_15' title="bbox 77 947 781 989; baseline 0.001 -11"><span class='ocrx_word' id='word_1_68' title='bbox 77 947 257 988; x_wconf 81' lang='lat' dir='ltr'>Tropaeum</span> <span class='ocrx_word' id='word_1_69' title='bbox 284 947 406 987; x_wconf 79' lang='lat' dir='ltr'>innuit,</span> <span class='ocrx_word' id='word_1_70' title='bbox 430 949 541 989; x_wconf 86' lang='lat' dir='ltr'>qualia</span> <span class='ocrx_word' id='word_1_71' title='bbox 568 948 674 979; x_wconf 81' lang='lat' dir='ltr'>Marti</span> <span class='ocrx_word' id='word_1_72' title='bbox 702 952 781 988; x_wconf 81' lang='lat' dir='ltr'>post</span> 
     </span>
     <span class='ocr_line' id='line_1_16' title="bbox 79 997 782 1038; baseline 0.001 -12"><span class='ocrx_word' id='word_1_73' title='bbox 79 997 255 1028; x_wconf 87' lang='lat' dir='ltr'>victoriam</span> <span class='ocrx_word' id='word_1_74' title='bbox 268 1006 286 1028; x_wconf 89' lang='lat' dir='ltr'>e</span> <span class='ocrx_word' id='word_1_75' title='bbox 298 1007 425 1038; x_wconf 89' lang='lat' dir='ltr'>quercu</span> <span class='ocrx_word' id='word_1_76' title='bbox 440 997 618 1038; x_wconf 81' lang='lat' dir='ltr'>erigebant</span> <span class='ocrx_word' id='word_1_77' title='bbox 635 998 690 1038; x_wconf 89' lang='lat' dir='ltr'>qui</span> <span class='ocrx_word' id='word_1_78' title='bbox 708 997 782 1028; x_wconf 89' lang='lat' dir='ltr'>hos-</span> 
     </span>
     <span class='ocr_line' id='line_1_17' title="bbox 79 1046 782 1088; baseline -0.001 -10"><span class='ocrx_word' id='word_1_79' title='bbox 79 1053 150 1079; x_wconf 84' lang='lat' dir='ltr'>tem</span> <span class='ocrx_word' id='word_1_80' title='bbox 167 1048 389 1088; x_wconf 85' lang='lat' dir='ltr'>pepulissent.</span> <span class='ocrx_word' id='word_1_81' title='bbox 413 1048 535 1087; x_wconf 67' lang='lat' dir='ltr'>virgil.</span> <span class='ocrx_word' id='word_1_82' title='bbox 550 1048 608 1078; x_wconf 91' lang='lat' dir='ltr'>lib.</span> <span class='ocrx_word' id='word_1_83' title='bbox 624 1056 674 1078; x_wconf 80' lang='lat' dir='ltr'>xr.</span> <span class='ocrx_word' id='word_1_84' title='bbox 704 1049 712 1064; x_wconf 91' lang='lat'>‘</span> <span class='ocrx_word' id='word_1_85' title='bbox 728 1046 782 1077; x_wconf 88' lang='lat' dir='ltr'>In-</span> 
     </span>
     <span class='ocr_line' id='line_1_18' title="bbox 81 1096 781 1138; baseline -0.003 -10"><span class='ocrx_word' id='word_1_86' title='bbox 81 1102 216 1138; x_wconf 80' lang='lat' dir='ltr'>gentem</span> <span class='ocrx_word' id='word_1_87' title='bbox 233 1106 393 1137; x_wconf 87' lang='lat' dir='ltr'>quercum</span> <span class='ocrx_word' id='word_1_88' title='bbox 411 1097 534 1127; x_wconf 86' lang='lat' dir='ltr'>decisis</span> <span class='ocrx_word' id='word_1_89' title='bbox 558 1096 706 1137; x_wconf 89' lang='lat' dir='ltr'>undique</span> <span class='ocrx_word' id='word_1_90' title='bbox 731 1106 781 1127; x_wconf 89' lang='lat' dir='ltr'>ra·</span> 
     </span>
     <span class='ocr_line' id='line_1_19' title="bbox 81 1144 781 1186; baseline -0.003 -9"><span class='ocrx_word' id='word_1_91' title='bbox 81 1147 145 1177; x_wconf 83' lang='lat' dir='ltr'>mis</span> <span class='ocrx_word' id='word_1_92' title='bbox 167 1145 354 1177; x_wconf 88' lang='lat' dir='ltr'>Constituit</span> <span class='ocrx_word' id='word_1_93' title='bbox 373 1146 515 1184; x_wconf 90' lang='lat' dir='ltr'>tumulo,</span> <span class='ocrx_word' id='word_1_94' title='bbox 543 1144 781 1186; x_wconf 79' lang='lat' dir='ltr'>fulgentiaque</span> 
     </span>
     <span class='ocr_line' id='line_1_20' title="bbox 81 1195 782 1238; baseline 0 -11"><span class='ocrx_word' id='word_1_95' title='bbox 81 1196 192 1227; x_wconf 88' lang='lat' dir='ltr'>induit</span> <span class='ocrx_word' id='word_1_96' title='bbox 205 1205 308 1234; x_wconf 88' lang='lat' dir='ltr'>arma,</span> <span class='ocrx_word' id='word_1_97' title='bbox 330 1196 484 1227; x_wconf 86' lang='lat' dir='ltr'>Mezenti</span> <span class='ocrx_word' id='word_1_98' title='bbox 501 1195 596 1226; x_wconf 88' lang='lat' dir='ltr'>ducis</span> <span class='ocrx_word' id='word_1_99' title='bbox 621 1197 782 1238; x_wconf 74' lang='lat' dir='ltr'>exuvias3</span> 
     </span>
     <span class='ocr_line' id='line_1_21' title="bbox 82 1247 782 1288; baseline 0.001 -10"><span class='ocrx_word' id='word_1_100' title='bbox 82 1247 160 1287; x_wconf 90' lang='lat' dir='ltr'>tibi,</span> <span class='ocrx_word' id='word_1_101' title='bbox 181 1257 317 1288; x_wconf 87' lang='lat' dir='ltr'>magne,</span> <span class='ocrx_word' id='word_1_102' title='bbox 340 1253 518 1288; x_wconf 66' lang='lat' dir='ltr'>tropaeum,</span> <span class='ocrx_word' id='word_1_103' title='bbox 544 1249 782 1288; x_wconf 86' lang='lat' dir='ltr'>Bellipotens;</span> 
     </span>
     <span class='ocr_line' id='line_1_22' title="bbox 84 1299 785 1340; baseline 0.003 -11"><span class='ocrx_word' id='word_1_104' title='bbox 84 1303 184 1340; x_wconf 87' lang='lat' dir='ltr'>aptat</span> <span class='ocrx_word' id='word_1_105' title='bbox 201 1299 368 1330; x_wconf 82' lang='lat' dir='ltr'>roranteis</span> <span class='ocrx_word' id='word_1_106' title='bbox 383 1300 547 1340; x_wconf 85' lang='lat' dir='ltr'>sanguine</span> <span class='ocrx_word' id='word_1_107' title='bbox 565 1299 707 1339; x_wconf 81' lang='lat' dir='ltr'>cristas‚’</span> <span class='ocrx_word' id='word_1_108' title='bbox 723 1302 785 1331; x_wconf 64' lang='lat' dir='ltr'>dcc.</span> 
     </span>
    </p>

    <p class='ocr_par' dir='ltr' id='par_1_5' title="bbox 133 1348 694 1388">
     <span class='ocr_line' id='line_1_23' title="bbox 133 1348 694 1388; baseline 0.004 -10"><span class='ocrx_word' id='word_1_109' title='bbox 133 1348 268 1388; x_wconf 73' lang='lat' dir='ltr'>Vestitu]</span> <span class='ocrx_word' id='word_1_110' title='bbox 289 1349 408 1387; x_wconf 86' lang='lat' dir='ltr'>Tecta,</span> <span class='ocrx_word' id='word_1_111' title='bbox 424 1349 552 1380; x_wconf 89' lang='lat' dir='ltr'>induta.</span> <span class='ocrx_word' id='word_1_112' title='bbox 577 1350 694 1381; x_wconf 77' lang='lat' dir='ltr'>Barth.</span> 
     </span>
    </p>

    <p class='ocr_par' dir='ltr' id='par_1_6' title="bbox 131 1399 468 1439">
     <span class='ocr_line' id='line_1_24' title="bbox 131 1399 468 1439; baseline 0.006 -11"><span class='ocrx_word' id='word_1_113' title='bbox 131 1399 270 1439; x_wconf 79' lang='lat' dir='ltr'>Quercu]</span> <span class='ocrx_word' id='word_1_114' title='bbox 292 1399 468 1439; x_wconf 79' lang='lat' dir='ltr'>Trophaeo.</span> 
     </span>
    </p>

    <p class='ocr_par' dir='ltr' id='par_1_7' title="bbox 87 1448 793 1589">
     <span class='ocr_line' id='line_1_25' title="bbox 130 1448 790 1489; baseline -0.002 -9"><span class='ocrx_word' id='word_1_115' title='bbox 130 1451 193 1480; x_wconf 75' lang='lat'>340</span> <span class='ocrx_word' id='word_1_116' title='bbox 227 1448 342 1489; x_wconf 76' lang='lat' dir='ltr'>Pater]</span> <span class='ocrx_word' id='word_1_117' title='bbox 378 1450 430 1480; x_wconf 84' lang='lat' dir='ltr'>Ex</span> <span class='ocrx_word' id='word_1_118' title='bbox 456 1449 688 1480; x_wconf 87' lang='lat' dir='ltr'>Romanorum</span> <span class='ocrx_word' id='word_1_119' title='bbox 715 1458 790 1489; x_wconf 87' lang='lat' dir='ltr'>per-</span> 
     </span>
     <span class='ocr_line' id='line_1_26' title="bbox 87 1498 793 1541; baseline -0.003 -10"><span class='ocrx_word' id='word_1_120' title='bbox 87 1509 169 1531; x_wconf 79' lang='lat' dir='ltr'>sona</span> <span class='ocrx_word' id='word_1_121' title='bbox 185 1500 345 1541; x_wconf 89' lang='lat' dir='ltr'>loquitur.</span> <span class='ocrx_word' id='word_1_122' title='bbox 370 1500 507 1541; x_wconf 68' lang='lat' dir='ltr'>Erymna</span> <span class='ocrx_word' id='word_1_123' title='bbox 524 1500 666 1531; x_wconf 84' lang='lat' dir='ltr'>Lesbia:</span> <span class='ocrx_word' id='word_1_124' title='bbox 698 1498 793 1539; x_wconf 74' lang='grc' dir='ltr'>Χαιρέ</span> 
     </span>
     <span class='ocr_line' id='line_1_27' title="bbox 87 1548 534 1589; baseline 0 -9"><span class='ocrx_word' id='word_1_125' title='bbox 87 1562 137 1587; x_wconf 82' lang='grc' dir='ltr'>μοι</span> <span class='ocrx_word' id='word_1_126' title='bbox 151 1549 251 1588; x_wconf 79' lang='grc' dir='ltr'>Ῥῶμα</span> <span class='ocrx_word' id='word_1_127' title='bbox 264 1548 534 1589; x_wconf 68' lang='lat' dir='ltr'>0u7dr⁷1p¹Ap7705.</span> 
     </span>
    </p>

    <p class='ocr_par' dir='ltr' id='par_1_8' title="bbox 89 1598 796 1891">
     <span class='ocr_line' id='line_1_28' title="bbox 132 1598 794 1641; baseline -0.003 -10"><span class='ocrx_word' id='word_1_128' title='bbox 132 1600 330 1641; x_wconf 79' lang='lat' dir='ltr'>Scopulisque</span> <span class='ocrx_word' id='word_1_129' title='bbox 353 1600 508 1631; x_wconf 75' lang='lat' dir='ltr'>nivalibus</span> <span class='ocrx_word' id='word_1_130' title='bbox 522 1598 611 1639; x_wconf 83' lang='lat' dir='ltr'>anni]</span> <span class='ocrx_word' id='word_1_131' title='bbox 634 1599 723 1630; x_wconf 91' lang='lat' dir='ltr'>Inibi</span> <span class='ocrx_word' id='word_1_132' title='bbox 740 1599 794 1629; x_wconf 88' lang='lat' dir='ltr'>ha-</span> 
     </span>
     <span class='ocr_line' id='line_1_29' title="bbox 90 1649 793 1690; baseline -0.003 -9"><span class='ocrx_word' id='word_1_133' title='bbox 90 1650 212 1681; x_wconf 86' lang='lat' dir='ltr'>bitatio</span> <span class='ocrx_word' id='word_1_134' title='bbox 249 1651 382 1682; x_wconf 79' lang='lat' dir='ltr'>Martis.</span> <span class='ocrx_word' id='word_1_135' title='bbox 428 1650 604 1690; x_wconf 83' lang='lat' dir='ltr'>Papinius,</span> <span class='ocrx_word' id='word_1_136' title='bbox 641 1649 699 1681; x_wconf 90' lang='lat' dir='ltr'>lib.</span> <span class='ocrx_word' id='word_1_137' title='bbox 728 1659 793 1680; x_wconf 82' lang='lat' dir='ltr'>vu.</span> 
     </span>
     <span class='ocr_line' id='line_1_30' title="bbox 89 1700 796 1732; baseline -0.001 -1"><span class='ocrx_word' id='word_1_138' title='bbox 89 1701 98 1716; x_wconf 92' lang='lat'>‘</span> <span class='ocrx_word' id='word_1_139' title='bbox 118 1700 185 1731; x_wconf 90' lang='lat' dir='ltr'>Hic</span> <span class='ocrx_word' id='word_1_140' title='bbox 200 1701 333 1732; x_wconf 87' lang='lat' dir='ltr'>steriles</span> <span class='ocrx_word' id='word_1_141' title='bbox 350 1700 495 1731; x_wconf 86' lang='lat' dir='ltr'>delubra</span> <span class='ocrx_word' id='word_1_142' title='bbox 509 1705 607 1731; x_wconf 90' lang='lat' dir='ltr'>notat</span> <span class='ocrx_word' id='word_1_143' title='bbox 623 1700 796 1731; x_wconf 78' lang='lat' dir='ltr'>Mavortia</span> 
     </span>
     <span class='ocr_line' id='line_1_31' title="bbox 90 1750 795 1792; baseline -0.003 -10"><span class='ocrx_word' id='word_1_144' title='bbox 90 1751 203 1789; x_wconf 87' lang='lat' dir='ltr'>silvas,</span> <span class='ocrx_word' id='word_1_145' title='bbox 226 1750 476 1792; x_wconf 85' lang='lat' dir='ltr'>Horrescitque</span> <span class='ocrx_word' id='word_1_146' title='bbox 492 1756 603 1789; x_wconf 80' lang='lat' dir='ltr'>tuens,</span> <span class='ocrx_word' id='word_1_147' title='bbox 630 1750 687 1781; x_wconf 90' lang='lat' dir='ltr'>ubi</span> <span class='ocrx_word' id='word_1_148' title='bbox 705 1750 795 1780; x_wconf 85' lang='lat' dir='ltr'>mille</span> 
     </span>
     <span class='ocr_line' id='line_1_32' title="bbox 92 1799 795 1841; baseline -0.001 -10"><span class='ocrx_word' id='word_1_149' title='bbox 92 1799 266 1832; x_wconf 85' lang='lat' dir='ltr'>furoribus</span> <span class='ocrx_word' id='word_1_150' title='bbox 281 1800 330 1832; x_wconf 86' lang='lat' dir='ltr'>illi</span> <span class='ocrx_word' id='word_1_151' title='bbox 347 1801 505 1841; x_wconf 84' lang='lat' dir='ltr'>Cingitur</span> <span class='ocrx_word' id='word_1_152' title='bbox 518 1801 662 1832; x_wconf 83' lang='lat' dir='ltr'>adverso</span> <span class='ocrx_word' id='word_1_153' title='bbox 677 1800 795 1831; x_wconf 85' lang='lat' dir='ltr'>domus</span> 
     </span>
     <span class='ocr_line' id='line_1_33' title="bbox 93 1851 753 1891; baseline -0.002 -10"><span class='ocrx_word' id='word_1_154' title='bbox 93 1851 315 1882; x_wconf 86' lang='lat' dir='ltr'>immansueta</span> <span class='ocrx_word' id='word_1_155' title='bbox 331 1851 393 1882; x_wconf 87' lang='lat' dir='ltr'>sub</span> <span class='ocrx_word' id='word_1_156' title='bbox 409 1851 530 1891; x_wconf 81' lang='lat' dir='ltr'>AEmo,&#39;</span> <span class='ocrx_word' id='word_1_157' title='bbox 547 1853 611 1882; x_wconf 69' lang='lat' dir='ltr'>Sec.</span> <span class='ocrx_word' id='word_1_158' title='bbox 635 1851 753 1881; x_wconf 79' lang='lat' dir='ltr'>Barth.</span> 
     </span>
    </p>

    <p class='ocr_par' dir='ltr' id='par_1_9' title="bbox 95 1900 800 2043">
     <span class='ocr_line' id='line_1_34' title="bbox 137 1900 798 1933; baseline -0.003 -2"><span class='ocrx_word' id='word_1_159' title='bbox 137 1903 199 1932; x_wconf 83' lang='grc'>341</span> <span class='ocrx_word' id='word_1_160' title='bbox 223 1901 382 1932; x_wconf 81' lang='lat' dir='ltr'>Hortatur</span> <span class='ocrx_word' id='word_1_161' title='bbox 405 1903 516 1933; x_wconf 83' lang='lat' dir='ltr'>celeres</span> <span class='ocrx_word' id='word_1_162' title='bbox 540 1902 670 1932; x_wconf 88' lang='lat' dir='ltr'>clamore</span> <span class='ocrx_word' id='word_1_163' title='bbox 693 1900 798 1931; x_wconf 84' lang='lat' dir='ltr'>minis-</span> 
     </span>
     <span class='ocr_line' id='line_1_35' title="bbox 95 1951 800 1992; baseline -0.001 -11"><span class='ocrx_word' id='word_1_164' title='bbox 95 1951 174 1992; x_wconf 76' lang='lat' dir='ltr'>tros]</span> <span class='ocrx_word' id='word_1_165' title='bbox 198 1952 302 1983; x_wconf 84' lang='lat' dir='ltr'>Celeri</span> <span class='ocrx_word' id='word_1_166' title='bbox 325 1953 457 1983; x_wconf 82' lang='lat' dir='ltr'>clamore</span> <span class='ocrx_word' id='word_1_167' title='bbox 473 1953 572 1992; x_wconf 83' lang='lat' dir='ltr'>prim.</span> <span class='ocrx_word' id='word_1_168' title='bbox 590 1952 746 1982; x_wconf 80' lang='lat' dir='ltr'>vatican.</span> <span class='ocrx_word' id='word_1_169' title='bbox 764 1955 800 1980; x_wconf 90' lang='lat' dir='ltr'>et</span> 
     </span>
     <span class='ocr_line' id='line_1_36' title="bbox 97 2001 768 2043; baseline 0 -11"><span class='ocrx_word' id='word_1_170' title='bbox 97 2001 279 2042; x_wconf 84' lang='lat' dir='ltr'>Pomponii</span> <span class='ocrx_word' id='word_1_171' title='bbox 291 2003 377 2034; x_wconf 80' lang='lat' dir='ltr'>Laeti</span> <span class='ocrx_word' id='word_1_172' title='bbox 394 2008 569 2043; x_wconf 80' lang='lat' dir='ltr'>excerpta.</span> <span class='ocrx_word' id='word_1_173' title='bbox 594 2003 637 2033; x_wconf 93' lang='lat' dir='ltr'>D.</span> <span class='ocrx_word' id='word_1_174' title='bbox 655 2002 768 2033; x_wconf 65' lang='lat' dir='ltr'>Heius.</span> 
     </span>
    </p>

    <p class='ocr_par' dir='ltr' id='par_1_10' title="bbox 101 2051 801 2142">
     <span class='ocr_line' id='line_1_37' title="bbox 143 2051 801 2092; baseline 0.002 -11"><span class='ocrx_word' id='word_1_175' title='bbox 143 2051 299 2091; x_wconf 86' lang='lat' dir='ltr'>Clamore]</span> <span class='ocrx_word' id='word_1_176' title='bbox 322 2052 399 2084; x_wconf 81' lang='lat' dir='ltr'>Quo</span> <span class='ocrx_word' id='word_1_177' title='bbox 414 2052 565 2092; x_wconf 86' lang='lat' dir='ltr'>gaudere</span> <span class='ocrx_word' id='word_1_178' title='bbox 579 2053 672 2082; x_wconf 84' lang='lat' dir='ltr'>Mars</span> <span class='ocrx_word' id='word_1_179' title='bbox 688 2052 801 2091; x_wconf 82' lang='lat' dir='ltr'>saepis-</span> 
     </span>
     <span class='ocr_line' id='line_1_38' title="bbox 101 2101 661 2142; baseline 0.004 -10"><span class='ocrx_word' id='word_1_180' title='bbox 101 2101 185 2133; x_wconf 90' lang='lat' dir='ltr'>sime</span> <span class='ocrx_word' id='word_1_181' title='bbox 202 2101 354 2133; x_wconf 86' lang='lat' dir='ltr'>Homero</span> <span class='ocrx_word' id='word_1_182' title='bbox 372 2102 520 2142; x_wconf 79' lang='lat' dir='ltr'>fingitur.</span> <span class='ocrx_word' id='word_1_183' title='bbox 545 2103 661 2134; x_wconf 78' lang='lat' dir='ltr'>Barth.</span> 
     </span>
    </p>

    <p class='ocr_par' dir='ltr' id='par_1_11' title="bbox 99 2151 814 2740">
     <span class='ocr_line' id='line_1_39' title="bbox 143 2151 804 2192; baseline 0 -10"><span class='ocrx_word' id='word_1_184' title='bbox 143 2153 206 2182; x_wconf 78' lang='lat'>342</span> <span class='ocrx_word' id='word_1_185' title='bbox 225 2151 287 2183; x_wconf 76' lang='lat' dir='ltr'>Fer</span> <span class='ocrx_word' id='word_1_186' title='bbox 295 2152 429 2191; x_wconf 84' lang='lat' dir='ltr'>galcam,</span> <span class='ocrx_word' id='word_1_187' title='bbox 445 2152 590 2192; x_wconf 82' lang='lat' dir='ltr'>Bellona]</span> <span class='ocrx_word' id='word_1_188' title='bbox 604 2152 688 2183; x_wconf 80' lang='lat' dir='ltr'>Haec</span> <span class='ocrx_word' id='word_1_189' title='bbox 700 2161 804 2182; x_wconf 84' lang='lat' dir='ltr'>arma-</span> 
     </span>
     <span class='ocr_line' id='line_1_40' title="bbox 101 2201 805 2242; baseline 0.003 -11"><span class='ocrx_word' id='word_1_190' title='bbox 101 2201 170 2231; x_wconf 87' lang='lat' dir='ltr'>trix</span> <span class='ocrx_word' id='word_1_191' title='bbox 183 2206 219 2232; x_wconf 89' lang='lat' dir='ltr'>et</span> <span class='ocrx_word' id='word_1_192' title='bbox 232 2202 349 2242; x_wconf 81' lang='lat' dir='ltr'>auriga</span> <span class='ocrx_word' id='word_1_193' title='bbox 364 2203 498 2234; x_wconf 86' lang='lat' dir='ltr'>Martis.</span> <span class='ocrx_word' id='word_1_194' title='bbox 523 2203 645 2242; x_wconf 86' lang='lat' dir='ltr'>Papin.</span> <span class='ocrx_word' id='word_1_195' title='bbox 669 2203 726 2234; x_wconf 88' lang='lat' dir='ltr'>lib.</span> <span class='ocrx_word' id='word_1_196' title='bbox 741 2212 805 2234; x_wconf 80' lang='lat' dir='ltr'>vu.</span> 
     </span>
     <span class='ocr_line' id='line_1_41' title="bbox 99 2250 806 2293; baseline 0.004 -13"><span class='ocrx_word' id='word_1_197' title='bbox 99 2251 109 2267; x_wconf 90' lang='lat'>‘</span> <span class='ocrx_word' id='word_1_198' title='bbox 128 2250 216 2290; x_wconf 86' lang='lat' dir='ltr'>regit</span> <span class='ocrx_word' id='word_1_199' title='bbox 229 2256 303 2281; x_wconf 85' lang='lat' dir='ltr'>atra</span> <span class='ocrx_word' id='word_1_200' title='bbox 314 2252 450 2292; x_wconf 83' lang='lat' dir='ltr'>jugales</span> <span class='ocrx_word' id='word_1_201' title='bbox 459 2254 652 2293; x_wconf 81' lang='lat' dir='ltr'>Sanguinea</span> <span class='ocrx_word' id='word_1_202' title='bbox 667 2254 806 2284; x_wconf 74' lang='lat' dir='ltr'>Bellona</span> 
     </span>
     <span class='ocr_line' id='line_1_42' title="bbox 102 2301 806 2343; baseline 0.003 -12"><span class='ocrx_word' id='word_1_203' title='bbox 102 2301 806 2343; x_wconf 73' lang='lat' dir='ltr'>manu,longaquefatigatCuspide.&#39;Quin</span> 
     </span>
     <span class='ocr_line' id='line_1_43' title="bbox 103 2353 807 2396; baseline 0.004 -13"><span class='ocrx_word' id='word_1_204' title='bbox 103 2361 242 2393; x_wconf 88' lang='lat' dir='ltr'>prorsus</span> <span class='ocrx_word' id='word_1_205' title='bbox 253 2353 317 2393; x_wconf 86' lang='lat' dir='ltr'>ipsi</span> <span class='ocrx_word' id='word_1_206' title='bbox 329 2354 360 2384; x_wconf 87' lang='lat' dir='ltr'>in</span> <span class='ocrx_word' id='word_1_207' title='bbox 374 2355 563 2396; x_wconf 82' lang='lat' dir='ltr'>conjugium</span> <span class='ocrx_word' id='word_1_208' title='bbox 578 2356 678 2386; x_wconf 84' lang='lat' dir='ltr'>datur</span> <span class='ocrx_word' id='word_1_209' title='bbox 690 2356 807 2386; x_wconf 85' lang='lat' dir='ltr'>Valer.</span> 
     </span>
     <span class='ocr_line' id='line_1_44' title="bbox 105 2403 808 2446; baseline 0.003 -12"><span class='ocrx_word' id='word_1_210' title='bbox 105 2403 215 2435; x_wconf 85' lang='lat' dir='ltr'>Flacc.</span> <span class='ocrx_word' id='word_1_211' title='bbox 241 2403 300 2434; x_wconf 90' lang='lat' dir='ltr'>lib.</span> <span class='ocrx_word' id='word_1_212' title='bbox 318 2413 356 2435; x_wconf 82' lang='grc' dir='ltr'>ιι.</span> <span class='ocrx_word' id='word_1_213' title='bbox 389 2408 397 2422; x_wconf 95' lang='lat'>‘</span> <span class='ocrx_word' id='word_1_214' title='bbox 416 2405 582 2444; x_wconf 85' lang='lat' dir='ltr'>Intonuit,</span> <span class='ocrx_word' id='word_1_215' title='bbox 608 2405 808 2446; x_wconf 86' lang='lat' dir='ltr'>signumque</span> 
     </span>
     <span class='ocr_line' id='line_1_45' title="bbox 105 2452 809 2496; baseline 0.006 -13"><span class='ocrx_word' id='word_1_216' title='bbox 105 2452 202 2484; x_wconf 83' lang='lat' dir='ltr'>dedit</span> <span class='ocrx_word' id='word_1_217' title='bbox 224 2454 396 2486; x_wconf 87' lang='lat' dir='ltr'>Mavortia</span> <span class='ocrx_word' id='word_1_218' title='bbox 423 2456 573 2496; x_wconf 86' lang='lat' dir='ltr'>conjux‚’</span> <span class='ocrx_word' id='word_1_219' title='bbox 596 2460 661 2487; x_wconf 62' lang='lat' dir='ltr'>dcc.</span> <span class='ocrx_word' id='word_1_220' title='bbox 711 2457 809 2488; x_wconf 89' lang='lat' dir='ltr'>Hanc</span> 
     </span>
     <span class='ocr_line' id='line_1_46' title="bbox 107 2503 811 2547; baseline 0.006 -13"><span class='ocrx_word' id='word_1_221' title='bbox 107 2503 190 2534; x_wconf 89' lang='lat' dir='ltr'>nulli</span> <span class='ocrx_word' id='word_1_222' title='bbox 208 2505 426 2545; x_wconf 86' lang='lat' dir='ltr'>pugnantium</span> <span class='ocrx_word' id='word_1_223' title='bbox 454 2506 542 2546; x_wconf 89' lang='lat' dir='ltr'>parti</span> <span class='ocrx_word' id='word_1_224' title='bbox 567 2505 682 2536; x_wconf 81' lang='lat' dir='ltr'>favere</span> <span class='ocrx_word' id='word_1_225' title='bbox 705 2506 811 2547; x_wconf 87' lang='lat' dir='ltr'>finge-</span> 
     </span>
     <span class='ocr_line' id='line_1_47' title="bbox 107 2552 809 2596; baseline 0.004 -12"><span class='ocrx_word' id='word_1_226' title='bbox 107 2552 201 2593; x_wconf 86' lang='lat' dir='ltr'>bant,</span> <span class='ocrx_word' id='word_1_227' title='bbox 222 2554 280 2585; x_wconf 89' lang='lat' dir='ltr'>sed</span> <span class='ocrx_word' id='word_1_228' title='bbox 305 2555 454 2586; x_wconf 80' lang='lat' dir='ltr'>caedibus</span> <span class='ocrx_word' id='word_1_229' title='bbox 483 2556 604 2596; x_wconf 90' lang='lat' dir='ltr'>ubique</span> <span class='ocrx_word' id='word_1_230' title='bbox 622 2556 809 2587; x_wconf 86' lang='lat' dir='ltr'>delectari:</span> 
     </span>
     <span class='ocr_line' id='line_1_48' title="bbox 110 2603 811 2647; baseline 0.006 -13"><span class='ocrx_word' id='word_1_231' title='bbox 110 2603 207 2635; x_wconf 83' lang='lat' dir='ltr'>vides</span> <span class='ocrx_word' id='word_1_232' title='bbox 223 2605 314 2645; x_wconf 89' lang='lat' dir='ltr'>apud</span> <span class='ocrx_word' id='word_1_233' title='bbox 330 2606 493 2638; x_wconf 85' lang='lat' dir='ltr'>Quintum</span> <span class='ocrx_word' id='word_1_234' title='bbox 511 2607 643 2647; x_wconf 85' lang='lat' dir='ltr'>Smyrn.</span> <span class='ocrx_word' id='word_1_235' title='bbox 662 2607 717 2638; x_wconf 87' lang='lat' dir='ltr'>lib.</span> <span class='ocrx_word' id='word_1_236' title='bbox 730 2617 811 2639; x_wconf 76' lang='lat' dir='ltr'>vni.</span> 
     </span>
     <span class='ocr_line' id='line_1_49' title="bbox 111 2657 812 2699; baseline 0.007 -15"><span class='ocrx_word' id='word_1_237' title='bbox 111 2660 226 2694; x_wconf 74' lang='grc' dir='ltr'>παραλ.</span> <span class='ocrx_word' id='word_1_238' title='bbox 271 2657 320 2687; x_wconf 91' lang='lat' dir='ltr'>Eo</span> <span class='ocrx_word' id='word_1_239' title='bbox 338 2657 478 2697; x_wconf 87' lang='lat' dir='ltr'>respicit</span> <span class='ocrx_word' id='word_1_240' title='bbox 503 2658 592 2698; x_wconf 90' lang='lat' dir='ltr'>quod</span> <span class='ocrx_word' id='word_1_241' title='bbox 617 2658 714 2699; x_wconf 82' lang='lat' dir='ltr'>liujus</span> <span class='ocrx_word' id='word_1_242' title='bbox 731 2659 812 2690; x_wconf 56' lang='lat' dir='ltr'>Dte-</span> 
     </span>
     <span class='ocr_line' id='line_1_50' title="bbox 113 2704 814 2740; baseline 0.01 -7"><span class='ocrx_word' id='word_1_243' title='bbox 113 2704 221 2735; x_wconf 83' lang='lat' dir='ltr'>monis</span> <span class='ocrx_word' id='word_1_244' title='bbox 236 2707 430 2738; x_wconf 77' lang='lat' dir='ltr'>sacerdotes</span> <span class='ocrx_word' id='word_1_245' title='bbox 458 2718 531 2739; x_wconf 88' lang='lat' dir='ltr'>sese</span> <span class='ocrx_word' id='word_1_246' title='bbox 547 2707 637 2739; x_wconf 81' lang='lat' dir='ltr'>ferro</span> <span class='ocrx_word' id='word_1_247' title='bbox 660 2710 814 2740; x_wconf 83' lang='lat' dir='ltr'>vulnera-</span> 
     </span>
    </p>
   </div>
   <div class='ocr_carea' id='block_1_3' title="bbox 115 2752 815 2836">
    <p class='ocr_par' dir='ltr' id='par_1_12' title="bbox 115 2752 815 2836">
     <span class='ocr_line' id='line_1_51' title="bbox 115 2752 815 2793; baseline 0.01 -9"><span class='ocrx_word' id='word_1_248' title='bbox 115 2752 212 2793; x_wconf 89' lang='lat' dir='ltr'>bant,</span> <span class='ocrx_word' id='word_1_249' title='bbox 232 2755 363 2787; x_wconf 87' lang='lat' dir='ltr'>cruoris</span> <span class='ocrx_word' id='word_1_250' title='bbox 379 2757 453 2788; x_wconf 87' lang='lat' dir='ltr'>visu</span> <span class='ocrx_word' id='word_1_251' title='bbox 469 2767 544 2790; x_wconf 91' lang='lat' dir='ltr'>eam</span> <span class='ocrx_word' id='word_1_252' title='bbox 559 2758 725 2790; x_wconf 86' lang='lat' dir='ltr'>delectari</span> <span class='ocrx_word' id='word_1_253' title='bbox 741 2769 815 2791; x_wconf 89' lang='lat' dir='ltr'>cre-</span> 
     </span>
     <span class='ocr_line' id='line_1_52' title="bbox 117 2802 250 2836; baseline 0 -1"><span class='ocrx_word' id='word_1_254' title='bbox 117 2802 250 2836; x_wconf 86' lang='lat' dir='ltr'>dentes.</span> 
     </span>
    </p>
   </div>
   <div class='ocr_carea' id='block_1_4' title="bbox 1410 197 1522 240">
    <p class='ocr_par' dir='ltr' id='par_1_13' title="bbox 1410 197 1522 240">
     <span class='ocr_line' id='line_1_53' title="bbox 1410 197 1522 240; baseline 0.018 -2"><span class='ocrx_word' id='word_1_255' title='bbox 1410 198 1430 238; x_wconf 93' lang='lat'>1</span> <span class='ocrx_word' id='word_1_256' title='bbox 1438 197 1522 240; x_wconf 76' lang='lat'>263</span> 
     </span>
    </p>
   </div>
   <div class='ocr_carea' id='block_1_5' title="bbox 825 293 1605 2848">
    <p class='ocr_par' dir='ltr' id='par_1_14' title="bbox 825 293 1530 638">
     <span class='ocr_line' id='line_1_54' title="bbox 869 293 1523 335; baseline 0.015 -12"><span class='ocrx_word' id='word_1_257' title='bbox 869 293 1038 333; x_wconf 73' lang='lat' dir='ltr'>Nea-usque</span> <span class='ocrx_word' id='word_1_258' title='bbox 1062 294 1217 335; x_wconf 73' lang='lat' dir='ltr'>rotarum]</span> <span class='ocrx_word' id='word_1_259' title='bbox 1253 296 1382 328; x_wconf 85' lang='lat' dir='ltr'>Quibus</span> <span class='ocrx_word' id='word_1_260' title='bbox 1409 306 1523 332; x_wconf 84' lang='lat' dir='ltr'>necte-</span> 
     </span>
     <span class='ocr_line' id='line_1_55' title="bbox 825 342 1526 382; baseline 0.014 -10"><span class='ocrx_word' id='word_1_261' title='bbox 825 342 950 374; x_wconf 86' lang='lat' dir='ltr'>bantur</span> <span class='ocrx_word' id='word_1_262' title='bbox 961 344 1074 374; x_wconf 90' lang='lat' dir='ltr'>currui</span> <span class='ocrx_word' id='word_1_263' title='bbox 1088 350 1182 375; x_wconf 68' lang='lat' dir='ltr'>rotae.</span> <span class='ocrx_word' id='word_1_264' title='bbox 1208 346 1318 376; x_wconf 76' lang='lat' dir='ltr'>Nestus</span> <span class='ocrx_word' id='word_1_265' title='bbox 1327 352 1437 379; x_wconf 85' lang='lat' dir='ltr'>autem</span> <span class='ocrx_word' id='word_1_266' title='bbox 1455 355 1526 382; x_wconf 84' lang='lat' dir='ltr'>ten·</span> 
     </span>
     <span class='ocr_line' id='line_1_56' title="bbox 826 393 1525 436; baseline 0.01 -12"><span class='ocrx_word' id='word_1_267' title='bbox 826 393 907 425; x_wconf 89' lang='lat' dir='ltr'>dere</span> <span class='ocrx_word' id='word_1_268' title='bbox 931 400 983 425; x_wconf 85' lang='lat' dir='ltr'>cst</span> <span class='ocrx_word' id='word_1_269' title='bbox 1007 395 1079 426; x_wconf 85' lang='lat' dir='ltr'>lora</span> <span class='ocrx_word' id='word_1_270' title='bbox 1105 396 1275 436; x_wconf 88' lang='lat' dir='ltr'>capitibus</span> <span class='ocrx_word' id='word_1_271' title='bbox 1303 398 1375 427; x_wconf 80' lang='lat' dir='ltr'>axis</span> <span class='ocrx_word' id='word_1_272' title='bbox 1403 399 1525 432; x_wconf 77' lang='lat' dir='ltr'>adnec-</span> 
     </span>
     <span class='ocr_line' id='line_1_57' title="bbox 828 446 1528 487; baseline 0.006 -13"><span class='ocrx_word' id='word_1_273' title='bbox 828 449 915 483; x_wconf 78' lang='lat' dir='ltr'>tere,</span> <span class='ocrx_word' id='word_1_274' title='bbox 940 446 1062 486; x_wconf 88' lang='lat' dir='ltr'>quibus</span> <span class='ocrx_word' id='word_1_275' title='bbox 1080 456 1198 477; x_wconf 82' lang='lat' dir='ltr'>currus</span> <span class='ocrx_word' id='word_1_276' title='bbox 1222 447 1432 487; x_wconf 80' lang='lat' dir='ltr'>trahebatur,</span> <span class='ocrx_word' id='word_1_277' title='bbox 1460 459 1528 481; x_wconf 86' lang='lat' dir='ltr'>non</span> 
     </span>
     <span class='ocr_line' id='line_1_58' title="bbox 827 495 1530 540; baseline 0.007 -15"><span class='ocrx_word' id='word_1_278' title='bbox 827 495 914 526; x_wconf 80' lang='lat' dir='ltr'>enini</span> <span class='ocrx_word' id='word_1_279' title='bbox 928 497 1118 527; x_wconf 82' lang='lat' dir='ltr'>temonibus</span> <span class='ocrx_word' id='word_1_280' title='bbox 1131 501 1229 527; x_wconf 86' lang='lat' dir='ltr'>erant</span> <span class='ocrx_word' id='word_1_281' title='bbox 1242 497 1382 536; x_wconf 77' lang='lat' dir='ltr'>alligata</span> <span class='ocrx_word' id='word_1_282' title='bbox 1394 508 1435 528; x_wconf 85' lang='lat' dir='ltr'>ea</span> <span class='ocrx_word' id='word_1_283' title='bbox 1446 499 1530 540; x_wconf 85' lang='lat' dir='ltr'>lora,</span> 
     </span>
     <span class='ocr_line' id='line_1_59' title="bbox 827 546 1530 586; baseline 0.007 -11"><span class='ocrx_word' id='word_1_284' title='bbox 827 546 886 576; x_wconf 86' lang='lat' dir='ltr'>sed</span> <span class='ocrx_word' id='word_1_285' title='bbox 915 547 1086 586; x_wconf 85' lang='lat' dir='ltr'>capitibus</span> <span class='ocrx_word' id='word_1_286' title='bbox 1113 548 1238 586; x_wconf 73' lang='lat' dir='ltr'>axium,</span> <span class='ocrx_word' id='word_1_287' title='bbox 1272 552 1306 577; x_wconf 93' lang='lat' dir='ltr'>ut</span> <span class='ocrx_word' id='word_1_288' title='bbox 1331 547 1460 578; x_wconf 88' lang='lat' dir='ltr'>clarum</span> <span class='ocrx_word' id='word_1_289' title='bbox 1488 558 1530 580; x_wconf 85' lang='lat' dir='ltr'>ex</span> 
     </span>
     <span class='ocr_line' id='line_1_60' title="bbox 826 596 1530 638; baseline 0.004 -12"><span class='ocrx_word' id='word_1_290' title='bbox 826 596 969 626; x_wconf 86' lang='lat' dir='ltr'>nummis</span> <span class='ocrx_word' id='word_1_291' title='bbox 983 597 1122 638; x_wconf 79' lang='lat' dir='ltr'>aliisque</span> <span class='ocrx_word' id='word_1_292' title='bbox 1138 597 1279 637; x_wconf 87' lang='lat' dir='ltr'>picturis</span> <span class='ocrx_word' id='word_1_293' title='bbox 1292 597 1423 637; x_wconf 78' lang='lat' dir='ltr'>priscis.</span> <span class='ocrx_word' id='word_1_294' title='bbox 1435 598 1530 629; x_wconf 84' lang='lat' dir='ltr'>Bart.</span> 
     </span>
    </p>

    <p class='ocr_par' dir='ltr' id='par_1_15' title="bbox 831 647 1530 729">
     <span class='ocr_line' id='line_1_61' title="bbox 870 647 1530 688; baseline 0.003 -11"><span class='ocrx_word' id='word_1_295' title='bbox 870 649 931 677; x_wconf 71' lang='lat'>343</span> <span class='ocrx_word' id='word_1_296' title='bbox 952 647 1063 686; x_wconf 63' lang='lat' dir='ltr'>Tenue,</span> <span class='ocrx_word' id='word_1_297' title='bbox 1080 648 1200 688; x_wconf 66' lang='lat' dir='ltr'>Pavor]</span> <span class='ocrx_word' id='word_1_298' title='bbox 1211 648 1277 679; x_wconf 85' lang='lat' dir='ltr'>Hic</span> <span class='ocrx_word' id='word_1_299' title='bbox 1289 648 1530 688; x_wconf 84' lang='lat' dir='ltr'>armigerorum</span> 
     </span>
     <span class='ocr_line' id='line_1_62' title="bbox 831 697 1191 729; baseline 0.003 -1"><span class='ocrx_word' id='word_1_300' title='bbox 831 697 956 728; x_wconf 81' lang='lat' dir='ltr'>Martis</span> <span class='ocrx_word' id='word_1_301' title='bbox 973 707 1068 729; x_wconf 85' lang='lat' dir='ltr'>nnus.</span> <span class='ocrx_word' id='word_1_302' title='bbox 1093 699 1191 729; x_wconf 81' lang='lat' dir='ltr'>Idem.</span> 
     </span>
    </p>

    <p class='ocr_par' dir='ltr' id='par_1_16' title="bbox 831 748 1548 1592">
     <span class='ocr_line' id='line_1_63' title="bbox 874 748 1533 789; baseline 0.003 -11"><span class='ocrx_word' id='word_1_303' title='bbox 874 748 986 787; x_wconf 66' lang='lat' dir='ltr'>Tenue,</span> <span class='ocrx_word' id='word_1_304' title='bbox 1002 749 1121 789; x_wconf 73' lang='lat' dir='ltr'>Potor]</span> <span class='ocrx_word' id='word_1_305' title='bbox 1139 749 1306 780; x_wconf 85' lang='lat' dir='ltr'>Pavorem</span> <span class='ocrx_word' id='word_1_306' title='bbox 1319 752 1354 780; x_wconf 91' lang='lat' dir='ltr'>et</span> <span class='ocrx_word' id='word_1_307' title='bbox 1367 748 1533 780; x_wconf 88' lang='lat' dir='ltr'>Formidi-</span> 
     </span>
     <span class='ocr_line' id='line_1_64' title="bbox 831 799 1533 840; baseline 0.006 -12"><span class='ocrx_word' id='word_1_308' title='bbox 831 808 907 829; x_wconf 88' lang='lat' dir='ltr'>nem</span> <span class='ocrx_word' id='word_1_309' title='bbox 926 799 1050 830; x_wconf 81' lang='lat' dir='ltr'>Martis</span> <span class='ocrx_word' id='word_1_310' title='bbox 1068 799 1212 831; x_wconf 88' lang='lat' dir='ltr'>famulos</span> <span class='ocrx_word' id='word_1_311' title='bbox 1230 799 1326 840; x_wconf 84' lang='lat' dir='ltr'>facit,</span> <span class='ocrx_word' id='word_1_312' title='bbox 1344 800 1533 832; x_wconf 84' lang='lat' dir='ltr'>Hesiodum</span> 
     </span>
     <span class='ocr_line' id='line_1_65' title="bbox 831 850 1534 884; baseline 0.007 -5"><span class='ocrx_word' id='word_1_313' title='bbox 831 854 979 881; x_wconf 86' lang='lat' dir='ltr'>secutus.</span> <span class='ocrx_word' id='word_1_314' title='bbox 1027 850 1170 882; x_wconf 85' lang='lat' dir='ltr'>Currum</span> <span class='ocrx_word' id='word_1_315' title='bbox 1192 851 1316 882; x_wconf 87' lang='lat' dir='ltr'>Martis</span> <span class='ocrx_word' id='word_1_316' title='bbox 1340 856 1375 882; x_wconf 89' lang='lat' dir='ltr'>et</span> <span class='ocrx_word' id='word_1_317' title='bbox 1391 850 1534 884; x_wconf 89' lang='lat' dir='ltr'>famulos</span> 
     </span>
     <span class='ocr_line' id='line_1_66' title="bbox 832 899 1535 940; baseline 0.004 -11"><span class='ocrx_word' id='word_1_318' title='bbox 832 899 1045 940; x_wconf 78' lang='lat' dir='ltr'>descripsere</span> <span class='ocrx_word' id='word_1_319' title='bbox 1063 901 1166 932; x_wconf 88' lang='lat' dir='ltr'>etiam</span> <span class='ocrx_word' id='word_1_320' title='bbox 1191 901 1334 932; x_wconf 90' lang='lat' dir='ltr'>Homer.</span> <span class='ocrx_word' id='word_1_321' title='bbox 1366 901 1464 932; x_wconf 91' lang='lat' dir='ltr'>Iliad.</span> <span class='ocrx_word' id='word_1_322' title='bbox 1484 904 1535 933; x_wconf 76' lang='lat'>14.</span> 
     </span>
     <span class='ocr_line' id='line_1_67' title="bbox 834 949 1537 993; baseline 0.007 -15"><span class='ocrx_word' id='word_1_323' title='bbox 834 949 890 990; x_wconf 92' lang='lat' dir='ltr'>qui</span> <span class='ocrx_word' id='word_1_324' title='bbox 904 950 1013 989; x_wconf 82' lang='grc' dir='ltr'><em>δεῖνον,</em></span> <span class='ocrx_word' id='word_1_325' title='bbox 1027 950 1138 990; x_wconf 83' lang='grc' dir='ltr'><em>φόβον,</em></span> <span class='ocrx_word' id='word_1_326' title='bbox 1157 950 1252 990; x_wconf 80' lang='grc' dir='ltr'>ἔριδα,</span> <span class='ocrx_word' id='word_1_327' title='bbox 1268 955 1430 991; x_wconf 77' lang='lat' dir='ltr'>terrorem,</span> <span class='ocrx_word' id='word_1_328' title='bbox 1443 962 1537 993; x_wconf 74' lang='lat' dir='ltr'>pato·</span> 
     </span>
     <span class='ocr_line' id='line_1_68' title="bbox 832 1001 1537 1041; baseline 0.009 -14"><span class='ocrx_word' id='word_1_329' title='bbox 832 1001 1138 1037; x_wconf 79' lang='lat' dir='ltr'>rem‚contentionem</span> <span class='ocrx_word' id='word_1_330' title='bbox 1153 1002 1257 1041; x_wconf 88' lang='lat' dir='ltr'>ponit.</span> <span class='ocrx_word' id='word_1_331' title='bbox 1283 1003 1327 1033; x_wconf 86' lang='lat' dir='ltr'>Et</span> <span class='ocrx_word' id='word_1_332' title='bbox 1338 1003 1449 1041; x_wconf 81' lang='lat' dir='ltr'>Maro,</span> <span class='ocrx_word' id='word_1_333' title='bbox 1461 1002 1537 1033; x_wconf 85' lang='lat' dir='ltr'>AEn.</span> 
     </span>
     <span class='ocr_line' id='line_1_69' title="bbox 833 1049 1538 1091; baseline 0.009 -14"><span class='ocrx_word' id='word_1_334' title='bbox 833 1056 913 1078; x_wconf 69' lang='lat' dir='ltr'>rm.</span> <span class='ocrx_word' id='word_1_335' title='bbox 937 1049 946 1065; x_wconf 82' lang='lat'><strong><em>⁴</em></strong></span> <span class='ocrx_word' id='word_1_336' title='bbox 964 1049 1161 1091; x_wconf 85' lang='lat' dir='ltr'>Tristesque</span> <span class='ocrx_word' id='word_1_337' title='bbox 1190 1061 1233 1081; x_wconf 80' lang='lat' dir='ltr'>ex</span> <span class='ocrx_word' id='word_1_338' title='bbox 1266 1053 1393 1082; x_wconf 77' lang='lat' dir='ltr'>aethere</span> <span class='ocrx_word' id='word_1_339' title='bbox 1420 1053 1538 1090; x_wconf 79' lang='lat' dir='ltr'>Dirae3</span> 
     </span>
     <span class='ocr_line' id='line_1_70' title="bbox 834 1098 1541 1141; baseline 0.006 -13"><span class='ocrx_word' id='word_1_340' title='bbox 834 1098 991 1129; x_wconf 69' lang='lat' dir='ltr'>Etscissa</span> <span class='ocrx_word' id='word_1_341' title='bbox 1003 1100 1154 1140; x_wconf 82' lang='lat' dir='ltr'>gaudens</span> <span class='ocrx_word' id='word_1_342' title='bbox 1164 1101 1257 1131; x_wconf 79' lang='lat' dir='ltr'>vadit</span> <span class='ocrx_word' id='word_1_343' title='bbox 1272 1101 1455 1132; x_wconf 86' lang='lat' dir='ltr'>Discordia</span> <span class='ocrx_word' id='word_1_344' title='bbox 1468 1101 1541 1141; x_wconf 85' lang='lat' dir='ltr'>pal-</span> 
     </span>
     <span class='ocr_line' id='line_1_71' title="bbox 835 1147 1542 1192; baseline 0.007 -15"><span class='ocrx_word' id='word_1_345' title='bbox 835 1147 885 1178; x_wconf 82' lang='lat' dir='ltr'>la:</span> <span class='ocrx_word' id='word_1_346' title='bbox 928 1149 1036 1182; x_wconf 83' lang='lat' dir='ltr'>Quam</span> <span class='ocrx_word' id='word_1_347' title='bbox 1064 1160 1140 1181; x_wconf 90' lang='lat' dir='ltr'>cum</span> <span class='ocrx_word' id='word_1_348' title='bbox 1174 1151 1360 1191; x_wconf 83' lang='lat' dir='ltr'>sanguineo</span> <span class='ocrx_word' id='word_1_349' title='bbox 1388 1151 1542 1192; x_wconf 86' lang='lat' dir='ltr'>sequitur</span> 
     </span>
     <span class='ocr_line' id='line_1_72' title="bbox 835 1197 1542 1240; baseline 0.003 -12"><span class='ocrx_word' id='word_1_350' title='bbox 835 1197 980 1229; x_wconf 80' lang='lat' dir='ltr'>Bellona</span> <span class='ocrx_word' id='word_1_351' title='bbox 1006 1198 1167 1240; x_wconf 86' lang='lat' dir='ltr'>flagello.&#39;</span> <span class='ocrx_word' id='word_1_352' title='bbox 1212 1202 1259 1231; x_wconf 86' lang='lat' dir='ltr'>Et</span> <span class='ocrx_word' id='word_1_353' title='bbox 1282 1206 1400 1232; x_wconf 87' lang='lat' dir='ltr'>noster</span> <span class='ocrx_word' id='word_1_354' title='bbox 1425 1201 1484 1232; x_wconf 89' lang='lat' dir='ltr'>lib.</span> <span class='ocrx_word' id='word_1_355' title='bbox 1501 1211 1542 1232; x_wconf 83' lang='lat'>11.</span> 
     </span>
     <span class='ocr_line' id='line_1_73' title="bbox 838 1247 1543 1283; baseline 0.006 -5"><span class='ocrx_word' id='word_1_356' title='bbox 838 1247 880 1278; x_wconf 86' lang='lat' dir='ltr'>de</span> <span class='ocrx_word' id='word_1_357' title='bbox 897 1249 1025 1280; x_wconf 87' lang='lat' dir='ltr'>laudib.</span> <span class='ocrx_word' id='word_1_358' title='bbox 1042 1251 1175 1282; x_wconf 86' lang='lat' dir='ltr'>Stilich.</span> <span class='ocrx_word' id='word_1_359' title='bbox 1209 1251 1219 1268; x_wconf 88' lang='lat'>‘</span> <span class='ocrx_word' id='word_1_360' title='bbox 1237 1252 1382 1282; x_wconf 90' lang='lat' dir='ltr'>Currum</span> <span class='ocrx_word' id='word_1_361' title='bbox 1399 1252 1543 1283; x_wconf 86' lang='lat' dir='ltr'>Bellona</span> 
     </span>
     <span class='ocr_line' id='line_1_74' title="bbox 838 1300 1544 1341; baseline 0.008 -13"><span class='ocrx_word' id='word_1_362' title='bbox 838 1304 1018 1330; x_wconf 82' lang='lat' dir='ltr'>cruentum</span> <span class='ocrx_word' id='word_1_363' title='bbox 1034 1300 1172 1331; x_wconf 86' lang='lat' dir='ltr'>Ditibus</span> <span class='ocrx_word' id='word_1_364' title='bbox 1187 1302 1331 1341; x_wconf 82' lang='lat' dir='ltr'>exuviis,</span> <span class='ocrx_word' id='word_1_365' title='bbox 1344 1303 1544 1334; x_wconf 85' lang='lat' dir='ltr'>tendentem</span> 
     </span>
     <span class='ocr_line' id='line_1_75' title="bbox 840 1348 1545 1391; baseline 0.009 -13"><span class='ocrx_word' id='word_1_366' title='bbox 840 1348 882 1378; x_wconf 90' lang='lat' dir='ltr'>ad</span> <span class='ocrx_word' id='word_1_367' title='bbox 900 1348 1011 1380; x_wconf 87' lang='lat' dir='ltr'>sidera</span> <span class='ocrx_word' id='word_1_368' title='bbox 1027 1360 1203 1391; x_wconf 79' lang='lat' dir='ltr'>quercum,</span> <span class='ocrx_word' id='word_1_369' title='bbox 1227 1352 1403 1384; x_wconf 75' lang='lat' dir='ltr'>Praecedit</span> <span class='ocrx_word' id='word_1_370' title='bbox 1427 1353 1545 1384; x_wconf 84' lang='lat' dir='ltr'>lictor-</span> 
     </span>
     <span class='ocr_line' id='line_1_76' title="bbox 841 1399 1546 1443; baseline 0.01 -15"><span class='ocrx_word' id='word_1_371' title='bbox 841 1408 907 1439; x_wconf 90' lang='lat' dir='ltr'>que</span> <span class='ocrx_word' id='word_1_372' title='bbox 923 1399 1054 1440; x_wconf 84' lang='lat' dir='ltr'>Metus‚</span> <span class='ocrx_word' id='word_1_373' title='bbox 1077 1411 1152 1431; x_wconf 91' lang='lat' dir='ltr'>cum</span> <span class='ocrx_word' id='word_1_374' title='bbox 1167 1401 1272 1433; x_wconf 86' lang='lat' dir='ltr'>fratre</span> <span class='ocrx_word' id='word_1_375' title='bbox 1290 1402 1437 1443; x_wconf 84' lang='lat' dir='ltr'>Pavore,</span> <span class='ocrx_word' id='word_1_376' title='bbox 1461 1405 1546 1434; x_wconf 90' lang='lat' dir='ltr'>Bar-</span> 
     </span>
     <span class='ocr_line' id='line_1_77' title="bbox 842 1448 1546 1493; baseline 0.009 -15"><span class='ocrx_word' id='word_1_377' title='bbox 842 1448 924 1479; x_wconf 87' lang='lat' dir='ltr'>bara</span> <span class='ocrx_word' id='word_1_378' title='bbox 941 1448 1076 1481; x_wconf 84' lang='lat' dir='ltr'>ferratis</span> <span class='ocrx_word' id='word_1_379' title='bbox 1099 1451 1278 1483; x_wconf 91' lang='lat' dir='ltr'>innectunt</span> <span class='ocrx_word' id='word_1_380' title='bbox 1300 1452 1388 1483; x_wconf 86' lang='lat' dir='ltr'>colla</span> <span class='ocrx_word' id='word_1_381' title='bbox 1403 1453 1546 1493; x_wconf 85' lang='lat' dir='ltr'>catenis,</span> 
     </span>
     <span class='ocr_line' id='line_1_78' title="bbox 845 1500 1548 1541; baseline 0.009 -11"><span class='ocrx_word' id='word_1_382' title='bbox 845 1500 1005 1531; x_wconf 85' lang='lat' dir='ltr'>Formido</span> <span class='ocrx_word' id='word_1_383' title='bbox 1034 1502 1206 1541; x_wconf 83' lang='lat' dir='ltr'>ingentem</span> <span class='ocrx_word' id='word_1_384' title='bbox 1233 1503 1346 1535; x_wconf 78' lang='lat' dir='ltr'>vibrat</span> <span class='ocrx_word' id='word_1_385' title='bbox 1375 1504 1548 1536; x_wconf 86' lang='lat' dir='ltr'>succincta</span> 
     </span>
     <span class='ocr_line' id='line_1_79' title="bbox 845 1551 1178 1592; baseline 0.012 -13"><span class='ocrx_word' id='word_1_386' title='bbox 845 1551 1012 1582; x_wconf 74' lang='lat' dir='ltr'>securim.y</span> <span class='ocrx_word' id='word_1_387' title='bbox 1035 1553 1178 1592; x_wconf 77' lang='lat' dir='ltr'>Dempst.</span> 
     </span>
    </p>

    <p class='ocr_par' dir='ltr' id='par_1_17' title="bbox 847 1601 1548 1733">
     <span class='ocr_line' id='line_1_80' title="bbox 889 1601 1548 1645; baseline 0.009 -15"><span class='ocrx_word' id='word_1_388' title='bbox 889 1603 951 1631; x_wconf 71' lang='lat'>344</span> <span class='ocrx_word' id='word_1_389' title='bbox 995 1601 1111 1641; x_wconf 80' lang='lat' dir='ltr'>Urgete</span> <span class='ocrx_word' id='word_1_390' title='bbox 1140 1603 1261 1642; x_wconf 82' lang='lat' dir='ltr'>manus]</span> <span class='ocrx_word' id='word_1_391' title='bbox 1306 1603 1454 1644; x_wconf 86' lang='lat' dir='ltr'>Operas,</span> <span class='ocrx_word' id='word_1_392' title='bbox 1486 1615 1548 1645; x_wconf 87' lang='lat' dir='ltr'>pro</span> 
     </span>
     <span class='ocr_line' id='line_1_81' title="bbox 847 1651 1548 1694; baseline 0.007 -14"><span class='ocrx_word' id='word_1_393' title='bbox 847 1651 966 1691; x_wconf 87' lang='lat' dir='ltr'>quibus</span> <span class='ocrx_word' id='word_1_394' title='bbox 983 1661 1099 1682; x_wconf 87' lang='lat' dir='ltr'>manus</span> <span class='ocrx_word' id='word_1_395' title='bbox 1115 1652 1203 1692; x_wconf 82' lang='lat' dir='ltr'>ipsas</span> <span class='ocrx_word' id='word_1_396' title='bbox 1220 1653 1335 1684; x_wconf 90' lang='lat' dir='ltr'>dicunt</span> <span class='ocrx_word' id='word_1_397' title='bbox 1350 1654 1548 1694; x_wconf 81' lang='lat' dir='ltr'>scriptores.</span> 
     </span>
     <span class='ocr_line' id='line_1_82' title="bbox 847 1701 963 1733; baseline 0.017 -2"><span class='ocrx_word' id='word_1_398' title='bbox 847 1701 963 1733; x_wconf 84' lang='lat' dir='ltr'>Barth.</span> 
     </span>
    </p>

    <p class='ocr_par' dir='ltr' id='par_1_18' title="bbox 849 1752 1605 2490">
     <span class='ocr_line' id='line_1_83' title="bbox 890 1752 1551 1795; baseline 0.006 -13"><span class='ocrx_word' id='word_1_399' title='bbox 890 1754 951 1782; x_wconf 72' lang='lat'>345</span> <span class='ocrx_word' id='word_1_400' title='bbox 976 1752 1029 1783; x_wconf 86' lang='lat' dir='ltr'>Ad</span> <span class='ocrx_word' id='word_1_401' title='bbox 1044 1753 1153 1784; x_wconf 81' lang='lat' dir='ltr'>bellum</span> <span class='ocrx_word' id='word_1_402' title='bbox 1169 1753 1339 1794; x_wconf 79' lang='lat' dir='ltr'>Stilichon]</span> <span class='ocrx_word' id='word_1_403' title='bbox 1363 1755 1446 1786; x_wconf 91' lang='lat' dir='ltr'>Cum</span> <span class='ocrx_word' id='word_1_404' title='bbox 1464 1755 1551 1795; x_wconf 88' lang='lat' dir='ltr'>aspi-</span> 
     </span>
     <span class='ocr_line' id='line_1_84' title="bbox 849 1802 1551 1844; baseline 0.007 -13"><span class='ocrx_word' id='word_1_405' title='bbox 849 1802 982 1833; x_wconf 88' lang='lat' dir='ltr'>ratione</span> <span class='ocrx_word' id='word_1_406' title='bbox 997 1803 1120 1844; x_wconf 83' lang='lat' dir='ltr'>ubique</span> <span class='ocrx_word' id='word_1_407' title='bbox 1134 1805 1349 1836; x_wconf 84' lang='lat' dir='ltr'>scribendum</span> <span class='ocrx_word' id='word_1_408' title='bbox 1365 1805 1397 1836; x_wconf 91' lang='lat' dir='ltr'>id</span> <span class='ocrx_word' id='word_1_409' title='bbox 1411 1815 1551 1837; x_wconf 88' lang='lat' dir='ltr'>nomen:</span> 
     </span>
     <span class='ocr_line' id='line_1_85' title="bbox 849 1852 1552 1896; baseline 0.007 -14"><span class='ocrx_word' id='word_1_410' title='bbox 849 1853 1018 1892; x_wconf 89' lang='lat' dir='ltr'>quomodo</span> <span class='ocrx_word' id='word_1_411' title='bbox 1039 1852 1111 1885; x_wconf 89' lang='lat' dir='ltr'>fere</span> <span class='ocrx_word' id='word_1_412' title='bbox 1130 1855 1278 1896; x_wconf 64' lang='lat' dir='ltr'>antiquae</span> <span class='ocrx_word' id='word_1_413' title='bbox 1295 1856 1552 1896; x_wconf 78' lang='lat' dir='ltr'>inscriptiones3</span> 
     </span>
     <span class='ocr_line' id='line_1_86' title="bbox 851 1902 1605 1947; baseline 0.009 -15"><span class='ocrx_word' id='word_1_414' title='bbox 851 1902 1011 1943; x_wconf 88' lang='lat' dir='ltr'>quicquid</span> <span class='ocrx_word' id='word_1_415' title='bbox 1023 1904 1182 1935; x_wconf 85' lang='lat' dir='ltr'>Barthius</span> <span class='ocrx_word' id='word_1_416' title='bbox 1195 1906 1400 1947; x_wconf 88' lang='lat' dir='ltr'>obloquitur.</span> <span class='ocrx_word' id='word_1_417' title='bbox 1425 1907 1554 1938; x_wconf 80' lang='lat' dir='ltr'>Graecis</span> <span class='ocrx_word' id='word_1_418' title='bbox 1602 1930 1605 1933; x_wconf 85' lang='lat'>·</span> 
     </span>
     <span class='ocr_line' id='line_1_87' title="bbox 851 1952 1556 1996; baseline 0.006 -12"><span class='ocrx_word' id='word_1_419' title='bbox 851 1952 1023 1992; x_wconf 81' lang='grc' dir='ltr'>Στελιχών·</span> <span class='ocrx_word' id='word_1_420' title='bbox 1041 1955 1128 1985; x_wconf 88' lang='lat' dir='ltr'>male</span> <span class='ocrx_word' id='word_1_421' title='bbox 1143 1965 1224 1995; x_wconf 86' lang='lat' dir='ltr'>ergo</span> <span class='ocrx_word' id='word_1_422' title='bbox 1236 1957 1362 1987; x_wconf 88' lang='lat' dir='ltr'>Portus</span> <span class='ocrx_word' id='word_1_423' title='bbox 1379 1956 1469 1996; x_wconf 89' lang='lat' dir='ltr'>apud</span> <span class='ocrx_word' id='word_1_424' title='bbox 1482 1957 1556 1987; x_wconf 86' lang='lat' dir='ltr'>Sui-</span> 
     </span>
     <span class='ocr_line' id='line_1_88' title="bbox 852 2003 1558 2048; baseline 0.007 -15"><span class='ocrx_word' id='word_1_425' title='bbox 852 2003 930 2034; x_wconf 82' lang='lat' dir='ltr'>dam</span> <span class='ocrx_word' id='word_1_426' title='bbox 957 2005 1106 2035; x_wconf 82' lang='grc' dir='ltr'>Στιλικὼν</span> <span class='ocrx_word' id='word_1_427' title='bbox 1134 2008 1252 2046; x_wconf 88' lang='lat' dir='ltr'>reponi</span> <span class='ocrx_word' id='word_1_428' title='bbox 1275 2007 1385 2046; x_wconf 89' lang='lat' dir='ltr'>jubet.</span> <span class='ocrx_word' id='word_1_429' title='bbox 1431 2006 1558 2048; x_wconf 86' lang='lat' dir='ltr'>Scripti</span> 
     </span>
     <span class='ocr_line' id='line_1_89' title="bbox 853 2056 1558 2098; baseline 0.009 -14"><span class='ocrx_word' id='word_1_430' title='bbox 853 2056 954 2085; x_wconf 88' lang='lat' dir='ltr'>etiam</span> <span class='ocrx_word' id='word_1_431' title='bbox 970 2057 1124 2087; x_wconf 85' lang='lat' dir='ltr'>nonnulli</span> <span class='ocrx_word' id='word_1_432' title='bbox 1147 2067 1224 2088; x_wconf 92' lang='lat' dir='ltr'>cum</span> <span class='ocrx_word' id='word_1_433' title='bbox 1242 2058 1486 2098; x_wconf 86' lang='lat' dir='ltr'>Pomponianis</span> <span class='ocrx_word' id='word_1_434' title='bbox 1500 2068 1558 2090; x_wconf 84' lang='lat' dir='ltr'>ex-</span> 
     </span>
     <span class='ocr_line' id='line_1_90' title="bbox 854 2105 1560 2148; baseline 0.007 -14"><span class='ocrx_word' id='word_1_435' title='bbox 854 2105 981 2145; x_wconf 83' lang='lat' dir='ltr'>cerptis</span> <span class='ocrx_word' id='word_1_436' title='bbox 996 2105 1160 2145; x_wconf 73' lang='lat' dir='ltr'>Stilichon,</span> <span class='ocrx_word' id='word_1_437' title='bbox 1185 2112 1255 2137; x_wconf 88' lang='lat' dir='ltr'>tam</span> <span class='ocrx_word' id='word_1_438' title='bbox 1280 2108 1333 2138; x_wconf 84' lang='lat' dir='ltr'>hic</span> <span class='ocrx_word' id='word_1_439' title='bbox 1351 2117 1449 2148; x_wconf 84' lang='lat' dir='ltr'>quam</span> <span class='ocrx_word' id='word_1_440' title='bbox 1466 2108 1560 2147; x_wconf 84' lang='lat' dir='ltr'>alibi,</span> 
     </span>
     <span class='ocr_line' id='line_1_91' title="bbox 857 2154 1558 2197; baseline 0.006 -13"><span class='ocrx_word' id='word_1_441' title='bbox 857 2154 1054 2186; x_wconf 71' lang='lat' dir='ltr'>Graecorum</span> <span class='ocrx_word' id='word_1_442' title='bbox 1094 2165 1207 2187; x_wconf 87' lang='lat' dir='ltr'>more:</span> <span class='ocrx_word' id='word_1_443' title='bbox 1248 2157 1417 2197; x_wconf 87' lang='lat' dir='ltr'>quomodo</span> <span class='ocrx_word' id='word_1_444' title='bbox 1453 2158 1558 2190; x_wconf 84' lang='lat' dir='ltr'>etiam</span> 
     </span>
     <span class='ocr_line' id='line_1_92' title="bbox 859 2205 1563 2246; baseline 0.004 -11"><span class='ocrx_word' id='word_1_445' title='bbox 859 2205 976 2235; x_wconf 83' lang='lat' dir='ltr'>Gildon</span> <span class='ocrx_word' id='word_1_446' title='bbox 993 2211 1027 2236; x_wconf 80' lang='lat' dir='ltr'>et</span> <span class='ocrx_word' id='word_1_447' title='bbox 1045 2207 1178 2246; x_wconf 79' lang='lat' dir='ltr'>Aquilon</span> <span class='ocrx_word' id='word_1_448' title='bbox 1196 2207 1297 2237; x_wconf 81' lang='lat' dir='ltr'>iidem</span> <span class='ocrx_word' id='word_1_449' title='bbox 1311 2216 1375 2237; x_wconf 91' lang='lat' dir='ltr'>non</span> <span class='ocrx_word' id='word_1_450' title='bbox 1393 2216 1468 2238; x_wconf 88' lang='lat' dir='ltr'>raro</span> <span class='ocrx_word' id='word_1_451' title='bbox 1484 2207 1563 2238; x_wconf 90' lang='lat' dir='ltr'>scri-</span> 
     </span>
     <span class='ocr_line' id='line_1_93' title="bbox 859 2256 1561 2297; baseline 0 -11"><span class='ocrx_word' id='word_1_452' title='bbox 859 2256 953 2286; x_wconf 88' lang='lat' dir='ltr'>bunt.</span> <span class='ocrx_word' id='word_1_453' title='bbox 977 2256 1140 2296; x_wconf 88' lang='lat' dir='ltr'>Sequenti</span> <span class='ocrx_word' id='word_1_454' title='bbox 1156 2267 1256 2287; x_wconf 83' lang='lat' dir='ltr'>versu</span> <span class='ocrx_word' id='word_1_455' title='bbox 1282 2257 1374 2288; x_wconf 74' lang='lat' dir='ltr'>Dicet</span> <span class='ocrx_word' id='word_1_456' title='bbox 1388 2262 1422 2287; x_wconf 90' lang='lat' dir='ltr'>et</span> <span class='ocrx_word' id='word_1_457' title='bbox 1438 2266 1561 2297; x_wconf 81' lang='lat' dir='ltr'>suspen·</span> 
     </span>
     <span class='ocr_line' id='line_1_94' title="bbox 858 2306 1561 2346; baseline 0 -10"><span class='ocrx_word' id='word_1_458' title='bbox 858 2307 924 2344; x_wconf 82' lang='lat' dir='ltr'>dat,</span> <span class='ocrx_word' id='word_1_459' title='bbox 950 2316 1014 2336; x_wconf 92' lang='lat' dir='ltr'>nou</span> <span class='ocrx_word' id='word_1_460' title='bbox 1030 2307 1113 2337; x_wconf 77' lang='lat' dir='ltr'>ditat</span> <span class='ocrx_word' id='word_1_461' title='bbox 1137 2312 1171 2338; x_wconf 86' lang='lat' dir='ltr'>et</span> <span class='ocrx_word' id='word_1_462' title='bbox 1198 2307 1366 2346; x_wconf 78' lang='lat' dir='ltr'>suspendit,</span> <span class='ocrx_word' id='word_1_463' title='bbox 1381 2306 1561 2346; x_wconf 86' lang='lat' dir='ltr'>legendum</span> 
     </span>
     <span class='ocr_line' id='line_1_95' title="bbox 861 2356 1562 2396; baseline -0.003 -10"><span class='ocrx_word' id='word_1_464' title='bbox 861 2362 955 2396; x_wconf 87' lang='lat' dir='ltr'>puto.</span> <span class='ocrx_word' id='word_1_465' title='bbox 1002 2356 1110 2387; x_wconf 88' lang='lat' dir='ltr'>Panlo</span> <span class='ocrx_word' id='word_1_466' title='bbox 1138 2362 1217 2388; x_wconf 78' lang='lat' dir='ltr'>ante</span> <span class='ocrx_word' id='word_1_467' title='bbox 1238 2356 1333 2394; x_wconf 87' lang='lat' dir='ltr'>frena</span> <span class='ocrx_word' id='word_1_468' title='bbox 1355 2357 1480 2396; x_wconf 82' lang='lat' dir='ltr'>rapidos</span> <span class='ocrx_word' id='word_1_469' title='bbox 1499 2364 1562 2395; x_wconf 88' lang='lat' dir='ltr'>pro</span> 
     </span>
     <span class='ocr_line' id='line_1_96' title="bbox 851 2405 1564 2446; baseline -0.001 -10"><span class='ocrx_word' id='word_1_470' title='bbox 851 2406 969 2445; x_wconf 63' lang='lat' dir='ltr'>‘fraenet</span> <span class='ocrx_word' id='word_1_471' title='bbox 985 2406 1052 2438; x_wconf 92' lang='lat' dir='ltr'>duo</span> <span class='ocrx_word' id='word_1_472' title='bbox 1070 2407 1238 2438; x_wconf 84' lang='lat' dir='ltr'>Medicei:</span> <span class='ocrx_word' id='word_1_473' title='bbox 1264 2406 1369 2438; x_wconf 88' lang='lat' dir='ltr'>bene:</span> <span class='ocrx_word' id='word_1_474' title='bbox 1387 2405 1564 2446; x_wconf 77' lang='lat' dir='ltr'>superiora</span> 
     </span>
     <span class='ocr_line' id='line_1_97' title="bbox 862 2456 1286 2490; baseline 0.002 -2"><span class='ocrx_word' id='word_1_475' title='bbox 862 2456 1074 2489; x_wconf 80' lang='lat' dir='ltr'>confirmant.</span> <span class='ocrx_word' id='word_1_476' title='bbox 1115 2458 1160 2490; x_wconf 85' lang='lat' dir='ltr'>D.</span> <span class='ocrx_word' id='word_1_477' title='bbox 1174 2458 1286 2489; x_wconf 80' lang='lat' dir='ltr'>Heius.</span> 
     </span>
    </p>

    <p class='ocr_par' dir='ltr' id='par_1_19' title="bbox 906 2505 1563 2549">
     <span class='ocr_line' id='line_1_98' title="bbox 906 2505 1563 2549; baseline -0.005 -11"><span class='ocrx_word' id='word_1_478' title='bbox 906 2510 969 2539; x_wconf 70' lang='lat'>346</span> <span class='ocrx_word' id='word_1_479' title='bbox 986 2508 1116 2547; x_wconf 78' lang='lat' dir='ltr'>Arbore]</span> <span class='ocrx_word' id='word_1_480' title='bbox 1132 2509 1279 2549; x_wconf 66' lang='lat' dir='ltr'>&#39;l&#39;ropa‘a</span> <span class='ocrx_word' id='word_1_481' title='bbox 1291 2508 1332 2538; x_wconf 81' lang='lat' dir='ltr'>de</span> <span class='ocrx_word' id='word_1_482' title='bbox 1349 2507 1448 2547; x_wconf 79' lang='lat' dir='ltr'>liguis</span> <span class='ocrx_word' id='word_1_483' title='bbox 1462 2505 1563 2536; x_wconf 86' lang='lat' dir='ltr'>facta.</span> 
     </span>
    </p>

    <p class='ocr_par' dir='ltr' id='par_1_20' title="bbox 864 2558 1568 2749">
     <span class='ocr_line' id='line_1_99' title="bbox 909 2558 1564 2598; baseline -0.005 -10"><span class='ocrx_word' id='word_1_484' title='bbox 909 2558 1047 2598; x_wconf 77' lang='lat' dir='ltr'>Cris-tas]</span> <span class='ocrx_word' id='word_1_485' title='bbox 1078 2559 1203 2590; x_wconf 81' lang='lat' dir='ltr'>Galeas</span> <span class='ocrx_word' id='word_1_486' title='bbox 1226 2559 1370 2589; x_wconf 82' lang='lat' dir='ltr'>bostium</span> <span class='ocrx_word' id='word_1_487' title='bbox 1396 2558 1564 2588; x_wconf 85' lang='lat' dir='ltr'>cristatas.</span> 
     </span>
     <span class='ocr_line' id='line_1_100' title="bbox 864 2607 1566 2648; baseline -0.006 -10"><span class='ocrx_word' id='word_1_488' title='bbox 864 2609 986 2648; x_wconf 78' lang='lat' dir='ltr'>virgil.</span> <span class='ocrx_word' id='word_1_489' title='bbox 1002 2609 1060 2640; x_wconf 90' lang='lat' dir='ltr'>lib.</span> <span class='ocrx_word' id='word_1_490' title='bbox 1089 2618 1139 2640; x_wconf 71' lang='lat' dir='ltr'>xx.</span> <span class='ocrx_word' id='word_1_491' title='bbox 1171 2610 1179 2625; x_wconf 93' lang='lat'>‘</span> <span class='ocrx_word' id='word_1_492' title='bbox 1199 2609 1350 2639; x_wconf 86' lang='lat' dir='ltr'>Mezenti</span> <span class='ocrx_word' id='word_1_493' title='bbox 1376 2607 1469 2637; x_wconf 87' lang='lat' dir='ltr'>ducis</span> <span class='ocrx_word' id='word_1_494' title='bbox 1485 2614 1566 2635; x_wconf 86' lang='lat' dir='ltr'>exu-</span> 
     </span>
     <span class='ocr_line' id='line_1_101' title="bbox 866 2655 1567 2699; baseline -0.009 -9"><span class='ocrx_word' id='word_1_495' title='bbox 866 2659 1355 2699; x_wconf 66' lang='lat' dir='ltr'>viaS,tibi‚magne,tropauim</span> <span class='ocrx_word' id='word_1_496' title='bbox 1380 2668 1387 2693; x_wconf 82' lang='grc'>;</span> <span class='ocrx_word' id='word_1_497' title='bbox 1418 2655 1567 2695; x_wconf 86' lang='lat' dir='ltr'>Bellipo-</span> 
     </span>
     <span class='ocr_line' id='line_1_102' title="bbox 866 2704 1568 2749; baseline -0.004 -10"><span class='ocrx_word' id='word_1_498' title='bbox 866 2713 941 2739; x_wconf 88' lang='lat' dir='ltr'>tens</span> <span class='ocrx_word' id='word_1_499' title='bbox 955 2720 963 2746; x_wconf 80' lang='lat'>3</span> <span class='ocrx_word' id='word_1_500' title='bbox 976 2714 1072 2749; x_wconf 81' lang='lat' dir='ltr'>aptat</span> <span class='ocrx_word' id='word_1_501' title='bbox 1086 2715 1240 2739; x_wconf 77' lang='lat' dir='ltr'>rorantes</span> <span class='ocrx_word' id='word_1_502' title='bbox 1254 2707 1414 2746; x_wconf 82' lang='lat' dir='ltr'>sanguine</span> <span class='ocrx_word' id='word_1_503' title='bbox 1426 2704 1568 2736; x_wconf 68' lang='lat' dir='ltr'>cristas-¹</span> 
     </span>
    </p>

    <p class='ocr_par' dir='ltr' id='par_1_21' title="bbox 867 2755 1568 2848">
     <span class='ocr_line' id='line_1_103' title="bbox 910 2755 1568 2797; baseline -0.006 -8"><span class='ocrx_word' id='word_1_504' title='bbox 910 2762 971 2789; x_wconf 71' lang='lat'>347</span> <span class='ocrx_word' id='word_1_505' title='bbox 998 2760 1178 2789; x_wconf 78' lang='lat' dir='ltr'>Communes</span> <span class='ocrx_word' id='word_1_506' title='bbox 1191 2767 1308 2797; x_wconf 78' lang='lat' dir='ltr'>semper</span> <span class='ocrx_word' id='word_1_507' title='bbox 1321 2755 1409 2794; x_wconf 78' lang='lat' dir='ltr'>litui]</span> <span class='ocrx_word' id='word_1_508' title='bbox 1438 2755 1485 2786; x_wconf 87' lang='lat' dir='ltr'>Ut</span> <span class='ocrx_word' id='word_1_509' title='bbox 1500 2763 1568 2786; x_wconf 89' lang='lat' dir='ltr'>non</span> 
     </span>
     <span class='ocr_line' id='line_1_104' title="bbox 867 2805 1568 2848; baseline -0.001 -10"><span class='ocrx_word' id='word_1_510' title='bbox 867 2808 1095 2848; x_wconf 86' lang='lat' dir='ltr'>interruptum</span> <span class='ocrx_word' id='word_1_511' title='bbox 1111 2816 1246 2838; x_wconf 87' lang='lat' dir='ltr'>cursum</span> <span class='ocrx_word' id='word_1_512' title='bbox 1263 2805 1480 2837; x_wconf 83' lang='lat' dir='ltr'>victoriarum</span> <span class='ocrx_word' id='word_1_513' title='bbox 1502 2805 1568 2837; x_wconf 88' lang='lat' dir='ltr'>sti-</span> 
     </span>
    </p>
   </div>
  </div>
 </body>
</html>
