1851 3213
314 197 430 240 1008
742 209 820 240 ct..
853 207 1137 238 CLAUDIAM
1173 207 1363 238 xxxvi.

315 302 477 352 Cessit,
498 306 544 343 et
564 306 773 356 aspectus
793 302 966 342 miserae
989 315 1076 342 non
1097 302 1206 342 ferre
1228 301 1424 355 parentis

314 370 490 411 Emtum
511 375 648 411 morte
669 371 800 412 velit:
831 371 1096 424 longumque
1118 372 1298 411 immota
1317 375 1514 411 moratur

312 437 551 479 Auctorem
571 438 768 488 dubium,
791 443 1043 491 certumque
1063 451 1319 491 expromere
1341 437 1487 477 sunus.

313 504 409 547 Vix
434 511 588 547 tamen
609 506 706 547 haec
725 520 734 547 :
767 505 905 547 Acies
926 506 1090 546 utinam
1111 518 1281 547 vesana
1301 505 1540 557 Gigantum

314 573 449 615 Hanc
471 574 635 615 dederit
654 574 822 615 cladem
839 575 847 615 !
879 574 1021 615 levius
1042 573 1292 614 communia
1313 576 1510 625 tangunt.

317 642 404 682 Sed
426 642 576 692 Divae,
595 643 820 695 multoque
839 642 984 682 minus
1009 641 1128 693 quod
1148 654 1256 690 rere,
1280 653 1453 681 sorores

313 709 369 750 In
386 715 557 751 nostras
577 711 758 750 nimium
781 710 1060 764 conjuravere
1083 709 1248 750 ruinas.

311 776 506 818 Insidias
529 778 762 831 Superum,
786 783 987 830 cognatae
1011 777 1192 816 vulnera
1215 776 1356 817 cernis

313 844 505 885 Invidiae
524 857 534 884 :
567 844 760 897 Phlegra
779 844 907 884 nobis
929 843 1138 883 infensior
1160 843 1306 884 aether.

313 911 525 953 Florebat
546 913 786 965 tranquilla
809 911 967 952 domus
986 924 996 952 ε
1027 924 1110 951 nec
1131 910 1284 951 limina
1305 911 1427 964 virgo

1699 434 1786 477 195

1697 774 1784 816 200

312 1003 402 1040 atque
416 1004 537 1041 optaret
551 1001 584 1032 id
598 1002 705 1032 emisse
714 1001 827 1040 funere
842 1011 912 1040 suo,
922 1004 957 1031 ut
970 1010 1028 1031 non
1040 1001 1186 1030 toleraret
1195 999 1311 1037 faciem
1323 999 1457 1030 Cereris
1472 998 1584 1029 matris
1592 998 1737 1040 affiictoe5
1753 1008 1789 1030 αι·

312 1043 478 1074 immobilis
489 1049 652 1076 cunctatur
663 1045 716 1075 din
730 1045 869 1075 indicare
884 1047 1041 1074 auctorem
1051 1044 1201 1074 incertum
1212 1043 1331 1082 cladis,
1344 1046 1374 1072 et
1388 1046 1515 1072 martem
1530 1046 1657 1072 certam.
1673 1042 1788 1072 Tamen

312 1086 457 1117 Electra
469 1087 585 1117 nutrix
609 1088 665 1118 vix
677 1088 766 1118 dixit
786 1087 850 1117 haec
862 1086 987 1118 verba:
1012 1087 1142 1117 Utinam
1156 1086 1311 1116 exercitus
1319 1085 1432 1123 furens
1445 1085 1613 1124 gigantum
1628 1085 1788 1115 attulisset

312 1129 391 1159 hanc
406 1129 634 1161 calamitatem!
650 1130 738 1161 mala
761 1130 935 1161 communia
959 1130 1060 1160 minus
1085 1131 1215 1159 movent.
1261 1129 1305 1159 At
1329 1129 1422 1167 Deoe,
1435 1132 1465 1158 et
1481 1129 1560 1168 quod
1575 1128 1670 1158 multo
1685 1127 1788 1158 miuus

311 1172 428 1211 credes,
438 1182 557 1203 sorores
574 1173 648 1213 ejus
661 1173 914 1213 cmzspirarerunt
930 1173 1023 1203 nimis
1038 1173 1069 1202 in
1087 1172 1220 1202 exitium
1243 1174 1391 1204 nostrum.
1431 1171 1527 1202 Vides
1540 1171 1624 1200 dolos
1635 1170 1788 1210 Dearum,

307 1215 424 1254 plagas
445 1217 607 1257 zelotypiae
630 1226 785 1247 sororum:
805 1216 922 1247 Coelum
935 1215 1022 1246 nobis
1033 1214 1243 1252 estinfestz'ns
1256 1214 1403 1254 Phlegra.
1437 1214 1558 1244 Domus
1570 1216 1684 1254 pacata
1700 1211 1788 1251 felix

927 1298 1166 1310 eeeeeeeeeeee

310 1345 418 1374 —193
445 1344 539 1375 Cedit
554 1344 622 1376 duo
634 1345 729 1376 Vatt.
746 1349 782 1376 et
805 1345 836 1377 d.
853 1345 931 1375 Pal.
948 1346 1099 1376 Florent.
1127 1344 1195 1374 duo
1220 1343 1315 1375 Med.
1346 1344 1428 1374 Put.
1457 1344 1542 1383 Reg.
1573 1346 1642 1373 tres
1658 1341 1786 1373 Petav.

309 1385 444 1416 Tholos.
462 1387 590 1418 Moret.
616 1397 669 1428 pr.
690 1388 757 1419 duo
773 1388 853 1420 Jnu.
881 1393 916 1418 et
934 1388 1047 1419 Oxon.
1065 1388 1149 1417 Exe.
1168 1387 1291 1417 Petav.
1309 1392 1422 1426 quart.
1443 1386 1552 1416 Credit
1571 1385 1688 1415 Ambr.
1706 1388 1786 1414 tert.

309 1431 466 1467 aspectum
492 1429 607 1460 Ambr.
634 1433 824 1461 reru—195
848 1431 996 1460 Actorem
1020 1430 1095 1458 Pal.
1114 1429 1180 1458 duo
1205 1429 1302 1461 Med.
1326 1429 1448 1459 Petav.
1477 1437 1528 1467 pr.
1554 1428 1638 1458 Exc.
1662 1427 1785 1457 Petav-

310 1475 423 1509 quart.
450 1471 622 1510 Raptorem
638 1473 718 1502 Vat.
748 1476 861 1513 quart.
887 1472 1021 1502 Tholos.
1035 1471 1156 1502 Petav.
1176 1475 1256 1501 tert.
1275 1480 1427 1510 exponere
1444 1471 1522 1501 Vat.
1542 1479 1593 1510 pr.
1609 1478 1787 1510 expromere

309 1512 363 1542 vel
379 1522 530 1553 exponere
547 1512 666 1544 Ambr.
684 1517 875 1544 tert—196
898 1515 1023 1543 tandem
1040 1514 1124 1543 Exc.
1142 1513 1267 1543 Petav.
1284 1515 1507 1552 quarn—197
1524 1513 1641 1543 cladem
1663 1513 1785 1543 dederit

308 1554 433 1585 Petav.
451 1565 501 1594 pr.
519 1555 600 1587 Jun.
618 1565 686 1585 sec.
704 1555 825 1586 Ambr.
849 1561 928 1587 tert.
943 1555 1083 1586 dederint
1100 1555 1181 1586 Jun.
1205 1565 1272 1585 sec.
1291 1555 1375 1585 Exc.
1394 1554 1516 1585 Petav.
1543 1559 1654 1595 quart.
1672 1558 1784 1593 tangat·

308 1596 384 1628 Pal.
400 1600 534 1636 tangunt
548 1599 601 1628 vel
619 1599 737 1628 loecinnt
756 1599 841 1638 lteg.
858 1598 924 1628 duo
942 1599 1165 1628 Oxou—498
1189 1597 1289 1628 minus
1307 1598 1357 1627 vel
1374 1598 1474 1636 magis
1490 1598 1570 1628 Vat.
1587 1597 1696 1638 quint.
1715 1607 1784 1637 qnoe

307 1648 375 1670 rere
388 1639 511 1670 Petav.
531 1650 598 1670 see.
621 1650 711 1679 quum
734 1650 802 1671 rere
825 1641 905 1672 Jun.
929 1642 1106 1671 sec.-—199
1133 1639 1172 1669 In
1188 1643 1307 1670 vestras
1322 1639 1439 1670 Ambr.
1465 1644 1546 1683 tert.
1571 1640 1786 1680 conspiravere

308 1681 388 1713 Jun.
421 1685 601 1713 sec.—200
623 1682 767 1720 fratrum
797 1693 858 1723 pro
884 1683 1035 1723 Superum
1053 1683 1205 1713 Florent.
1221 1692 1265 1713 m.
1285 1692 1338 1723 pr.
1357 1687 1497 1721 cog-mnne
1515 1683 1597 1714 Vat.
1615 1687 1696 1713 tert.
1711 1681 1790 1713 etd.

309 1724 461 1755 Florent.
490 1726 665 1757 Put.Jun.
694 1736 744 1764 pr.
772 1729 905 1765 cognata
922 1726 1043 1756 Petav.
1072 1735 1140 1755 sec.
1170 1729 1363 1766 cognataque
1388 1732 1458 1756 tres
1476 1726 1570 1756 Vatt.
1589 1726 1667 1756 Pal.
1695 1725 1782 1756 Cod.

308 1766 500 1798 Bartholin.
534 1772 725 1808 cognataque
748 1770 801 1799 vel
825 1770 996 1808 collataque
1018 1769 1097 1798 Vat.
1122 1778 1190 1799 sec.
1208 1770 1306 1799 Voss.
1337 1772 1515 1800 δρα-’201
1534 1768 1677 1799 Im—z'ciioe.
1707 1778 1785 1799 cum

307 1809 414 1851 τελείᾳ
445 1813 575 1852 στιγμῇ,
612 1812 694 1841 Put.
723 1812 809 1842 nobis
833 1812 1029 1851 Phlegraqne
1054 1812 1132 1842 Vat.
1164 1821 1214 1850 pr.
1246 1812 1411 1852 impensior
1436 1812 1517 1844 Jun.
1558 1821 1609 1850 pr.
1638 1810 1782 1848 infestior

307 1851 426 1883 Ambr.
451 1857 532 1884 tert.
561 1854 715 1885 incensior
738 1856 816 1885 Vat.
844 1859 924 1886 tert.
948 1859 983 1885 et
1007 1854 1038 1884 d.
1064 1854 1139 1885 Pal.
1162 1855 1257 1885 Med.
1296 1865 1348 1895 pr.
1377 1856 1453 1885 Put.
1478 1855 1610 1885 Bonon.
1636 1853 1784 1894 offensior

306 1895 387 1926 Vat.
426 1896 534 1936 quint.
563 1896 711 1934 infensior
745 1898 897 1928 Florent.
939 1897 1006 1928 inc.
1037 1897 1156 1928 Heius.
1195 1898 1319 1928 Petav.
1351 1907 1402 1937 pr.
1434 1898 1572 1928 Tholos.
1605 1897 1704 1927 Voss.
1732 1906 1784 1936 pr.

306 1937 389 1970 Jun.
419 1948 486 1970 sec.
506 1939 614 1971 chart.
634 1940 755 1971 Heius.
786 1945 854 1970 vet.
872 1941 957 1981 Gyr.
971 1941 1052 1971 Vat.
1079 1940 1189 1971 Livin.
1216 1941 1301 1971 Exc.
1325 1940 1448 1971 Petav.
1468 1944 1581 1981 quart.
1596 1940 1678 1971 Var.
1710 1939 1781 1970 LL.

308 1989 328 2011 e
350 1990 456 2021 marg.
485 1982 599 2013 Parni.
637 1983 789 2014 incensior
811 1984 867 2013 vel
902 1982 1049 2021 infestior
1064 1984 1161 2014 Voss
1196 1993 1262 2014 sec.
1286 1983 1440 2014 incensior
1469 1984 1523 2013 vel
1551 1982 1703 2020 infensior
1728 1982 1783 2012 vel

304 2022 454 2062 infestior
475 2025 668 2066 Regu—202
691 2026 802 2057 limina
825 2027 911 2066 Reg.
926 2027 1061 2058 Tholos.
1088 2027 1212 2057 Petav.
1240 2031 1319 2057 tert.
1345 2026 1411 2057 duo
1423 2026 1521 2057 Voss.
1543 2026 1629 2056 Exc.
1655 2025 1780 2056 Petav.

978 2095 1121 2128 NOTAE

1069 2155 1215 2195 proinde
1232 2165 1291 2186 nos
1308 2154 1420 2186 minus
1437 2158 1604 2186 moveret.
1643 2154 1652 2171 ‘
1673 2152 1781 2184 Nihil’

1068 2205 1157 2236 enim
1173 2206 1182 2222 ‘
1200 2211 1253 2236 est
1270 2206 1446 2246 praecipue
1464 2205 1649 2236 dolendum
1670 2204 1705 2235 in
1722 2214 1778 2246 eo,

1069 2255 1160 2297 quod
1179 2256 1307 2286 accidit
1322 2255 1506 2286 universis)
1555 2255 1689 2286 Cicero.

307 2157 383 2186 tare
408 2159 568 2193 mortem,
585 2160 623 2186 ut
639 2166 680 2187 ne
698 2156 861 2188 Cererem
877 2155 1014 2187 videret

306 2203 429 2237 iratam
446 2210 481 2235 et
493 2204 668 2236 afflictam.

350 2258 413 2286 194
436 2256 584 2296 Imnzota]
620 2257 771 2297 Stupore
787 2256 886 2288 simul
902 2260 937 2287 et
954 2265 1014 2297 pu·

306 2306 390 2338 dore
405 2307 529 2339 defixa.

350 2361 411 2389 195
436 2358 605 2389 Auctorem
640 2357 782 2398 flubium]
827 2357 918 2390 Quia
945 2367 1012 2388 non

303 2412 448 2439 noverat
477 2418 554 2439 eum
583 2409 640 2450 qni
657 2409 900 2449 Proserpinam
916 2418 1013 2449 rapu-

305 2462 394 2500 erat,
410 2463 468 2489 aut
485 2468 561 2489 eum
579 2469 645 2500 quo
672 2459 808 2490 volente
825 2458 858 2488 id
881 2457 1011 2490 factum

305 2513 393 2540 erat.

351 2560 479 2591 Certum
487 2560 600 2601 funus]
623 2561 712 2593 Quia
729 2560 937 2601 Proserpina
952 2570 1011 2602 po-

307 2613 398 2641 terat
416 2611 523 2642 videri
540 2616 685 2642 mortua.

349 2664 410 2693 19⁷
436 2662 549 2693 Levius
579 2663 750 2694 communia
778 2662 930 2702 tangunt]
974 2662 1011 2693 Si

307 2711 462 2753 gigantes
477 2714 574 2744 nobis
591 2714 654 2744 hoc
670 2714 791 2744 malum
804 2713 1011 2751 intulissent,

306 2768 505 2802 pateremur
534 2764 707 2807 quidpiam
737 2774 814 2796 cum
846 2764 935 2806 Diis,
969 2773 1009 2796 ac

1113 2308 1174 2336 198
1197 2305 1306 2345 Divae]
1350 2306 1478 2345 Venus,
1496 2307 1624 2345 Pallas,
1649 2307 1778 2347 Diana,

1067 2356 1146 2388 filiae
1158 2357 1268 2396 Jovis,
1281 2367 1320 2388 ac
1334 2357 1478 2398 proinde
1492 2368 1625 2389 sorore-s
1638 2358 1779 2390 Proser-

1068 2408 1170 2448 pin'ae.

1109 2462 1172 2490 200
1192 2460 1343 2499 Cognata>
1359 2461 1502 2501 inridioe]
1517 2461 1602 2492 Quae
1618 2460 1778 2502 profecta

1066 2514 1120 2541 est
1134 2520 1152 2540 a
1167 2511 1333 2551 cognatis,
1345 2512 1477 2543 scilicet
1493 2512 1678 2544 sororibus.

1108 2563 1169 2591 201
1195 2561 1349 2602 Phlegra]
1374 2563 1485 2593 Locus
1503 2567 1555 2593 est
1582 2562 1616 2593 in
1632 2562 1776 2594 Thessa·

1064 2611 1120 2649 lia,
1138 2613 1192 2644 vel
1224 2613 1256 2642 in
1275 2614 1461 2653 Campania
1478 2613 1613 2653 Italica,
1642 2613 1699 2645 ubi
1725 2613 1775 2655 gi-

1065 2668 1186 2702 gantes
1203 2674 1278 2694 cun·
1297 2665 1374 2695 Diis
1389 2663 1628 2697 conflixerunt.

1108 2714 1247 2753 Phlegra
1269 2715 1356 2744 nobis
1377 2715 1529 2753 infensior
1547 2714 1661 2755 aether]
1693 2714 1773 2746 Hoc

1065 2769 1130 2804 est,
1157 2764 1216 2795 Dii
1242 2765 1378 2796 aetheris
1397 2774 1457 2796 seu
1484 2764 1563 2796 coeli
1579 2764 1676 2796 nobis
1692 2769 1773 2796 sunt
