1851 3213
322 195 436 238 1262

323 305 545 342 componatur
590 303 788 344 parricidio,
829 304 1028 344 juramento

323 351 481 391 quopiam
493 352 647 392 jactato?
672 353 810 385 Frustra
826 359 940 385 autem
955 355 1027 385 haec

325 401 502 433 Claudiani
530 402 573 433 ad
603 402 813 434 Historicam
843 405 1028 435 veritatem

323 452 440 493 exigas
456 463 464 490 ;
488 462 563 484 cum
580 454 667 483 enim
685 452 765 484 ficte
779 454 943 496 pleraque
958 455 1029 486 Ru-

323 502 383 535 fini
400 503 551 536 facinora
574 511 776 546 exaggeret,
800 511 836 538 et
855 507 970 538 hostes
986 506 1028 538 ab

323 555 442 586 eodem
481 556 633 587 Romano
671 556 822 598 Imperio
858 558 1029 596 inductos,

324 615 425 646 quam
442 607 588 637 maxime
610 612 743 639 atroces
760 612 885 648 potest,
902 609 1029 640 descri-

323 656 385 688 bit.
408 657 532 689 Potest
548 662 583 688 et
598 657 636 689 τὸ
649 668 752 690 secare
769 660 923 699 retineri,
939 660 1028 702 quod

324 706 469 738 Poetice
484 708 574 739 valet
586 709 733 740 occidere.
781 709 898 740 Barth.

367 760 430 789 328
458 758 580 799 Ludus]
611 759 726 790 Ludus
765 764 852 797 erat,
885 758 1031 790 formula

323 808 485 850 loquendi
500 813 582 839 nota
597 809 745 847 Maroni,
762 810 835 840 AEn.
853 818 902 840 ix.
925 810 933 825 ‘
952 808 1031 840 flec-

324 861 400 889 tere
435 858 534 889 ludus
562 858 691 899 equos!
729 858 845 890 Sidou.
880 858 1030 900 Apollin.

325 907 436 938 Carm.
453 917 488 939 v.
510 908 519 924 ‘
533 907 748 949 Clypeosque
763 912 877 940 rotare
895 909 1033 940 Ludus!

325 957 439 989 Carm.
454 966 519 991 vu.
541 958 721 991 ‘albentes
745 959 843 991 niveo
868 959 928 991 sub
954 970 1031 1001 pec-

325 1011 400 1038 tore
422 1008 519 1040 lunas
536 1009 711 1050 Frangere
738 1009 836 1043 ludus
849 1015 923 1041 erat
938 1010 959 1041 :’
996 1014 1031 1042 et

324 1062 440 1090 nostro
454 1059 496 1090 de
513 1068 569 1091 nr.
586 1060 688 1091 Cous.
705 1060 795 1092 Hon.
820 1061 1031 1103 ‘regumque

325 1106 459 1139 feroces
473 1110 616 1141 Exuviae
634 1110 694 1140 tibi
711 1110 810 1142 ludus
829 1112 950 1144 erant!
978 1112 1031 1143 De

325 1157 450 1191 laudib.
475 1159 634 1191 Serenae:
659 1161 848 1193 ‘Veterum
873 1162 935 1193 tibi
958 1171 1031 1193 car-

325 1209 418 1240 mIna
427 1214 544 1241 vatum
560 1211 674 1241 Ludus
691 1215 807 1244 erant.’
831 1213 978 1253 Dempst.

367 1260 485 1291 durare
504 1261 663 1301 parentes]
700 1262 845 1293 Solenne
863 1263 1034 1303 jusjuran-

327 1309 408 1341 dum
433 1311 692 1350 concipiebatur
709 1321 770 1351 per
791 1312 1033 1345 defunctorum

327 1361 479 1391 umbras:
506 1362 633 1392 Lucan.
651 1362 694 1393 de
711 1361 890 1403 Pompeio,
908 1363 965 1395 lib.
982 1373 1033 1395 ix.

325 1412 334 1426 ‘
350 1419 412 1450 per
429 1419 529 1451 quem
543 1420 714 1452 nunquam
731 1412 851 1452 jurare
866 1413 1032 1453 pudebit!

329 1461 432 1494 Ovid.
448 1463 539 1493 Fast.
557 1471 595 1493 11.
618 1463 627 1480 ‘
642 1463 781 1505 Perque
809 1468 884 1495 tuos
904 1475 1033 1505 maneS,

328 1512 385 1553 qui
403 1512 483 1543 mihi
507 1521 631 1544 numen
648 1513 767 1546 erant.’
792 1515 879 1546 Stat.
897 1524 932 1546 v.
945 1516 1034 1547 The-

327 1562 418 1593 baid.
441 1563 450 1579 ‘
463 1562 541 1595 Jam
554 1573 679 1604 ponere
693 1564 847 1595 manibus
859 1575 933 1596 aras
949 1565 1036 1596 Con-

327 1623 474 1652 cessum,
491 1619 527 1645 et
543 1615 684 1646 multum
699 1616 833 1647 cineres
850 1616 969 1657 jurare
985 1626 1034 1647 se-

329 1665 443 1704 pultos
457 1664 478 1695 :’
502 1665 559 1705 qui
577 1665 661 1696 ritus
678 1664 844 1706 profluxit
864 1677 883 1697 a
897 1667 1034 1707 Sparta-

329 1716 381 1746 nis
405 1725 449 1746 ex
478 1716 722 1748 Demosthene.
746 1718 894 1750 Quintil.
912 1727 967 1749 lx.
984 1721 1035 1750 11.

330 1769 367 1796 et
382 1765 577 1805 exemplum
588 1766 798 1798 notissimum
815 1772 928 1799 exstat
943 1768 1034 1809 apud

329 1813 457 1846 Athen.
478 1824 544 1846 xu.
558 1818 609 1847 10.
642 1816 739 1847 Idem.

373 1867 437 1896 329
470 1865 537 1896 Nec
548 1867 620 1906 plus
634 1865 818 1907 nubigenas]
851 1867 929 1899 Non
957 1868 1036 1909 ipsi,

331 1915 390 1954 ait,
420 1915 583 1946 Centauri
617 1917 744 1947 arctius
774 1922 896 1948 natura
920 1919 1035 1959 juncti

330 1965 427 2006 equis
443 1970 540 1997 erant
553 1976 654 2007 quam
668 1967 867 1998 Hunnorum
886 1979 968 2009 gens
986 1980 1036 2000 as-

332 2015 513 2047 suetudine
530 2017 714 2057 cquitandi.
745 2018 921 2050 Curabant
940 2019 1036 2050 Hun-

331 2066 365 2095 ni
382 2066 492 2097 omnia
508 2067 644 2107 negotia
661 2068 757 2108 equis
777 2069 974 2107 insidentes,
1000 2076 1036 2102 et

331 2116 387 2146 vix
403 2119 494 2146 stare
511 2115 652 2149 firmiter
668 2119 738 2149 solo
756 2125 926 2159 poteraut.
954 2119 1036 2152 Am-

332 2166 474 2205 mianus,
487 2167 545 2198 lib.
564 2177 671 2199 xxxr.
696 2170 812 2202 Barth.

377 2217 504 2247 Natura
519 2218 713 2259 bimembres]
738 2220 793 2250 Sic
814 2230 856 2251 ex
874 2232 933 2253 suo
949 2221 1036 2253 libro

334 2265 520 2297 ClaveriuS·
565 2269 689 2309 Vulgo,
717 2270 882 2308 biformes:
917 2283 1036 2313 parum

333 2313 451 2345 refert.
479 2325 527 2347 lv.
545 2318 644 2349 Cons.
662 2319 749 2351 Hon.
775 2322 784 2337 ‘
801 2331 867 2352 nou
891 2323 956 2362 ipsi
980 2333 1038 2363 po-

334 2368 452 2395 terunt
468 2375 604 2406 aequare
618 2368 842 2402 bimembres!
864 2372 909 2403 D.
923 2373 1037 2404 Heius.

377 2417 436 2445 331
465 2416 643 2457 Mobilitas]
667 2420 844 2452 Celeritas.

378 2464 590 2506 Insperatique
601 2470 757 2510 recursus]
773 2471 939 2512 Zosimus,
950 2473 1039 2504 libro

334 2521 385 2544 lv.
411 2515 526 2545 Barth.

378 2566 442 2595 332
476 2565 659 2605 Spumantis
683 2569 724 2598 ad
752 2569 868 2611 Hebri]
907 2571 1040 2603 Allndit

337 2613 552 2646 doctissimus
572 2617 681 2647 Poeta
705 2619 858 2650 turbines
884 2625 920 2650 et
947 2622 1040 2652 volu-

337 2663 447 2694 tiones
470 2665 605 2696 crebras
629 2666 729 2707 hujus
752 2666 860 2707 fluvii,
885 2669 927 2700 ob
944 2680 1039 2711 quas,

339 2718 441 2745 antea
457 2725 554 2756 quam
573 2717 711 2748 Hebrus
727 2719 909 2750 Cassandri
936 2721 1040 2761 Regis

338 2763 427 2795 filius
455 2770 587 2805 patrem
613 2767 696 2798 falsa
720 2778 876 2801 novercae
902 2780 1040 2802 accusa-

339 2813 433 2846 tione
447 2816 578 2850 caedem
592 2817 818 2851 intentantem
836 2819 982 2862 fuglens,
1008 2821 1041 2852 in

571 208 713 239 NOTAE
747 209 1013 240 VARIORUM
1046 208 1097 238 IN
1133 209 1207 239 ct..
1242 209 1425 240 CLAUD.
1459 211 1534 242 111.

1079 312 1120 334 eo
1132 294 1273 343 periret,
1285 303 1455 334 Rhombus
1467 304 1667 336 vocabatur.
1685 305 1785 338 Idem.

1123 357 1186 386 333
1209 356 1294 387 Ante
1314 357 1405 387 tubas
1421 356 1604 399 ferrumque
1627 359 1785 400 precatus]

1080 404 1237 437 Quatuor
1262 407 1449 444 veterrimi,
1492 408 1614 449 Isingr.
1645 408 1787 449 Gyrald.

1081 455 1223 487 Lucens.
1252 457 1349 496 prim.
1376 457 1537 489 Vatican.
1561 468 1636 490 cum
1662 459 1788 491 Putea-

1080 514 1156 545 neo,
1171 506 1327 547 aciemque
1342 511 1496 547 precatus.
1520 508 1706 549 vulgatam
1717 510 1787 541 lec-

1081 556 1207 587 tionem
1219 557 1348 589 Statius
1363 562 1479 590 tuetur
1490 558 1595 590 Theb.
1608 568 1668 590 V1:
1690 560 1700 576 ‘
1714 559 1790 590 Pri-

1080 606 1192 638 mitias
1219 612 1356 648 egomet
1377 609 1604 650 lacrymarum
1629 613 1666 642 et
1682 609 1788 641 caedis

1081 656 1215 687 acerbae
1242 656 1335 688 Ante
1358 658 1457 690 tubas
1483 657 1679 701 ferrumque
1703 658 1790 692 tuli?

1080 706 1126 736 D.
1145 707 1259 738 Heius.

1123 756 1208 787 Ante
1224 757 1331 797 tubus]
1346 758 1536 800 Antequam
1550 760 1641 792 tubae
1654 759 1790 792 occine-

1083 811 1171 844 rent‚
1187 805 1384 848 ferrumque
1402 810 1636 849 expediretur.
1660 811 1788 843 Delrio.

1125 859 1189 887 334
1227 858 1380 897 Nubifero
1407 869 1462 890 seu
1493 864 1527 891 iu
1551 861 1728 901 procumbis
1755 862 1789 893 in

1082 906 1213 947 Haemo]
1239 908 1391 949 Propter
1403 910 1631 951 altitudinem,
1641 922 1707 953 qua
1719 911 1792 953 qui—

1084 958 1159 990 dem
1177 968 1292 990 omnes
1309 960 1383 1000 ejus
1406 961 1554 1001 regionis
1576 967 1708 993 montes
1733 971 1792 993 ex-

1083 1008 1180 1040 cellit
1196 1008 1350 1049 Haemus,
1375 1009 1530 1050 proximo
1547 1011 1726 1052 Rhodope,
1753 1014 1793 1043 ut

1082 1063 1208 1090 auctor
1222 1064 1276 1091 est
1292 1060 1429 1099 Strabo,
1455 1061 1515 1092 lib.
1533 1070 1598 1093 v11.
1644 1062 1793 1093 Procum-

1082 1109 1152 1141 bere
1181 1115 1294 1142 autem
1320 1111 1367 1142 ibi
1396 1112 1546 1144 Martem
1575 1117 1612 1144 et
1633 1113 1791 1144 habitare

1082 1158 1168 1191 facit
1181 1166 1323 1202 propter
1334 1167 1504 1203 perpetua
1513 1163 1604 1194 bella
1614 1163 1737 1204 quibus
1746 1163 1793 1194 in-

1085 1214 1138 1241 ter
1150 1220 1185 1242 se
1200 1216 1320 1252 gentes
1335 1213 1403 1244 illae
1420 1212 1706 1253 digladiabantur.
1734 1213 1791 1245 In·

1084 1261 1128 1292 de
1150 1262 1308 1293 Lucanus
1334 1265 1342 1280 ‘
1357 1265 1477 1295 aeterni
1501 1265 1626 1297 Martis
1650 1265 1790 1298 Alanos'

1084 1311 1183 1343 dixit.
1206 1312 1325 1343 Barth.

1128 1364 1190 1392 335
1212 1363 1300 1393 Canu
1308 1364 1381 1402 gelu
1395 1364 1557 1406 Rhodope]
1574 1366 1676 1397 Mons
1689 1367 1792 1399 Tbra—

1085 1411 1161 1450 ciae,
1188 1412 1324 1444 nivibus
1347 1413 1405 1445 diu
1433 1415 1576 1447 servatis
1605 1416 1730 1449 nobilis
1755 1418 1791 1449 in

1085 1462 1318 1502 scriptoribus.

1115 1514 1247 1553 Remige
1260 1515 1354 1546 Medo
1366 1515 1562 1547 Sollicitatus
1573 1516 1690 1558 Athos]
1703 1517 1793 1551 Quo-

1086 1564 1188 1595 modo
1204 1569 1316 1596 autem
1334 1566 1467 1597 Xerxes
1481 1567 1592 1599 Persa
1605 1567 1728 1600 effosso
1745 1568 1792 1600 A-

1086 1614 1146 1645 tho
1164 1624 1206 1645 ex
1232 1616 1464 1648 continentem
1491 1618 1684 1650 tenentibus
1702 1620 1793 1651 urbi-

1087 1663 1148 1695 bus
1177 1665 1304 1697 insulas
1330 1665 1467 1706 fecerit,
1491 1667 1669 1710 ipsumque
1701 1678 1793 1700 mon-

1087 1718 1156 1745 tem
1175 1716 1303 1756 remige
1322 1717 1570 1757 sollicitaverit,
1597 1719 1672 1760 lege
1699 1719 1791 1760 apud

1088 1765 1318 1805 Herodotum,
1347 1767 1534 1798 Diodorum
1550 1769 1713 1810 Siculum,
1732 1770 1792 1801 lib.

1088 1825 1139 1849 xi.
1166 1817 1243 1848 Hoc
1259 1817 1391 1849 facinus
1408 1828 1483 1850 curn
1498 1819 1624 1851 Graeca
1637 1821 1791 1852 vanitate

1086 1867 1118 1897 in
1131 1867 1329 1898 immensum
1343 1874 1540 1909 augeretur,
1551 1874 1709 1911 tanquam
1721 1880 1791 1902 rem

1087 1919 1266 1949 maximam
1287 1919 1460 1950 celebrare
1482 1924 1661 1960 coeperunt
1682 1925 1717 1952 et
1744 1921 1792 1951 in-

1089 1969 1289 2000 credibilem
1297 1969 1474 2010 Poetae,ut
1485 1974 1519 2000 et
1529 1970 1584 2000 alii
1594 1970 1793 2010 scriptores.

1088 2019 1249 2060 Virgilius
1289 2019 1426 2051 Culice:
1475 2020 1484 2037 ‘
1504 2020 1582 2051 Non
1618 2019 1792 2060 perfossus

1089 2069 1211 2110 Athos,
1227 2079 1289 2101 nec
1307 2079 1429 2110 magno
1445 2070 1582 2101 vincula
1599 2074 1705 2111 ponto
1718 2071 1796 2103 Jac-

1090 2124 1139 2160 ta,
1165 2130 1241 2151 meo
1259 2125 1413 2161 quaerent
1431 2121 1505 2162 jam
1531 2131 1607 2152 sera
1624 2122 1794 2153 volumine

1088 2169 1236 2202 famam.'
1258 2171 1446 2212 Juvenalis,
1470 2172 1542 2203 Sat.
1558 2181 1594 2203 x.
1618 2172 1794 2204 ‘creditur

1089 2222 1168 2252 olim
1195 2221 1395 2253 Velificatus
1422 2222 1541 2261 Athos,
1567 2227 1604 2254 et
1629 2223 1795 2264 quicquid

1090 2272 1227 2303 Graecia
1250 2272 1397 2304 mendax
1418 2272 1534 2304 Audet
1557 2274 1592 2304 in
1618 2274 1794 2305 Historia!

1089 2321 1207 2352 Barth.

1133 2374 1196 2402 336
1222 2372 1336 2411 Nigris
1352 2373 1490 2413 ilicibus]
1515 2374 1656 2414 Opacis.
1674 2375 1793 2416 Virgil.

1092 2421 1132 2451 de
1157 2431 1247 2452 ramo
1268 2432 1392 2453 aureo:
1426 2424 1541 2454 ‘Talis
1563 2429 1637 2455 erat
1659 2426 1793 2466 species

1091 2472 1164 2501 auri
1192 2471 1378 2503 frondentis
1409 2483 1528 2513 opacae
1567 2475 1674 2506 Ilice.'
1717 2477 1794 2516 Vel,

1089 2520 1202 2561 nigris,
1217 2521 1307 2562 quia,
1331 2522 1567 2563 Theophrasto
1585 2530 1686 2566 teste,
1697 2526 1794 2558 ilices

1092 2572 1223 2610 nigram
1250 2571 1432 2602 medullam
1460 2574 1596 2614 habeut,
1625 2576 1682 2608 lib.
1698 2585 1723 2608 1.
1750 2577 1794 2608 de

1092 2620 1168 2651 hist.
1185 2621 1292 2660 plant.
1309 2631 1383 2662 cap.
1398 2626 1429 2653 9.
1458 2624 1578 2656 Delrio.

1136 2673 1198 2701 337
1234 2672 1391 2712 Pangaeu]
1425 2674 1547 2705 Vibius
1586 2675 1792 2717 Sequester:

1092 2722 1102 2738 ⁴
1120 2721 1290 2762 Pangaeus
1317 2723 1473 2755 Thraciae
1506 2730 1543 2757 et
1577 2726 1794 2759 Macedoniae.

1092 2771 1211 2803 mons!

1135 2821 1308 2864 Accingere
1323 2824 1453 2866 mecum]
1474 2825 1610 2858 Socium
1623 2825 1712 2859 enim
1726 2826 1794 2858 Sti-
