1851 3213
297 225 410 268 1092
767 234 840 263 oi„
873 232 1152 264 CLAUDIAM
1189 231 1306 261 xm.

300 332 501 374 Cornua:
534 329 748 384 subjectis
769 328 920 370 eadem
941 328 1179 369 lentescere
1203 328 1362 379 cogunt

300 399 481 453 Ignibus
498 412 507 439 :
545 397 771 438 intendunt
790 397 960 437 taurino
981 396 1150 435 viscere
1171 406 1328 434 nervos
1348 406 1357 433 z

299 467 531 507 Instruitur
552 466 715 518 pinnis,
737 465 934 516 ferroque
955 465 1147 502 armatur
1170 461 1352 502 arundo.

301 534 419 575 Ecce
438 534 587 574 brevis
608 532 796 586 propriis
817 531 1013 571 munitur
1034 529 1182 569 bellua
1202 528 1315 577 telis,
1708 526 1764 565 40

300 601 541 642 Externam
562 613 642 640 nec
666 599 822 653 quaerit
843 611 998 651 opem:
1035 597 1115 638 fert
1135 597 1283 637 omnia
1300 607 1451 636 secum
1468 608 1477 635 :

303 669 360 709 Sc
381 668 597 721 pharetra,
619 679 714 707 sese
729 666 899 720 jaculo,
921 679 1019 706 sese
1039 666 1171 705 utitur
1192 677 1309 704 arcu.

302 734 453 776 Unum
475 734 638 776 animal
659 737 839 774 cunctas
861 733 1074 772 bellorum
1096 730 1297 783 possidet
1317 731 1444 769 artes.

305 803 440 853 Quod
464 803 503 843 si
524 801 666 843 omnis
687 804 848 840 nostrae
871 799 1082 851 paulatim
1104 797 1323 837 industria
1343 796 1447 836 vitae

304 870 460 911 Fluxit
480 870 536 910 ab
560 867 793 919 exemplis,
817 866 1028 919 quicquid
1051 865 1204 918 procul
1225 863 1392 917 appetit
1411 862 1585 902 hostem
1714 863 1771 903 45

305 937 427 977 Hinc
446 949 543 976 reor
564 935 816 975 inventum:
846 946 1009 973 morem
1031 933 1130 973 hinc
1152 931 1341 972 traxisse
1363 928 1570 984 Cydonas

305 1002 525 1052 Bellandi,
547 1002 824 1054 Parthosque
845 1004 957 1040 retro
981 999 1187 1040 didicisse
1205 998 1344 1047 ferire,

305 1072 457 1113 Prima
477 1069 735 1124 sagittiferae
758 1068 943 1123 pecudis
967 1067 1233 1108 documenta
1254 1069 1445 1106 secutos.

306 1191 379 1223 nia:
395 1195 508 1231 cogunt
524 1191 628 1221 eadem
643 1190 759 1221 molliri
767 1189 906 1231 flammis
920 1189 1104 1230 suppositis:
1120 1187 1332 1220 contendunt
1324 1197 1358 1217 m
1370 1187 1421 1217 his
1429 1185 1525 1224 funes
1537 1195 1578 1217 ex
1591 1185 1693 1217 nervis
1707 1189 1777 1217 tau-

304 1245 428 1266 rorum.-
428 1217 563 1273 ”sagitta
577 1235 747 1264 adornatur
760 1233 876 1272 pinnis,
889 1236 918 1263 et
928 1233 1107 1281 prafigitur
1114 1232 1217 1270 ferro.
1263 1231 1314 1261 En
1326 1230 1423 1260 bestia
1435 1240 1532 1270 parva
1543 1230 1662 1268 tegitur
1672 1229 1773 1268 spicu-

306 1277 345 1307 lis
361 1277 438 1315 suis,
461 1286 555 1316 neque
577 1276 709 1315 requirit
726 1276 880 1305 auxilinm
895 1275 1121 1306 adventitium.-
1141 1276 1249 1314 portat
1273 1273 1375 1303 omnia
1388 1283 1509 1303 secum:
1533 1272 1636 1302 utitur
1658 1281 1722 1302 sese
1737 1275 1777 1302 ut

302 1320 466 1360 pharetra,
480 1329 526 1349 ses
529 1330 543 1348 e
561 1324 595 1349 ut
613 1320 685 1355 ttlo,
711 1328 773 1348 sese
791 1323 828 1347 ut
843 1327 928 1348 arcu.
966 1318 1035 1348 Una
1052 1317 1149 1347 bestia
1166 1315 1255 1346 habet
1272 1315 1494 1346 dexteritatem
1510 1324 1627 1344 omnem
1639 1314 1776 1344 militiae„

311 1363 403 1397 Quod
432 1364 459 1391 si
485 1362 584 1392 omnis
599 1360 811 1391 solertiavitoe
834 1370 886 1389 nos
876 1364 948 1389 <trae
976 1360 1130 1399 paulatim
1153 1360 1286 1389 deducta
1317 1361 1362 1387 est
1391 1357 1428 1387 ab
1450 1357 1611 1396 exemplis,
1633 1356 1778 1396 quicquid

307 1405 397 1443 longe
416 1403 499 1442 ferit
515 1404 644 1441 hostem,
667 1402 739 1432 hinc
764 1406 839 1441 puto
859 1403 1022 1432 deductum
1047 1411 1099 1432 033
1103 1411 1141 1431 e:
1165 1401 1236 1430 hinc
1256 1402 1332 1439 puto
1349 1400 1492 1439 Cydonas
1516 1398 1686 1439 arripuisse
1709 1407 1780 1429 con-

307 1446 504 1477 suetudinem
523 1444 699 1484 pugnandi‚
720 1447 750 1474 et
771 1444 902 1474 Parthos
918 1445 1069 1484 accepisse
1090 1446 1191 1474 artem
1208 1441 1405 1483 percutiendi
1422 1451 1512 1483 pone,
1528 1441 1687 1472 imitantes
1697 1440 1781 1481 peri·

309 1489 387 1519 tiam
404 1489 539 1529 primam
561 1487 666 1518 bestioe
685 1486 891 1525 sagittiferce.

925 1568 1160 1580 eeeeeeeeeeee

309 1626 388 1657 Vat.
416 1629 495 1655 tert.
531 1623 676 1654 Cortinia
703 1624 784 1654 Lov.
812 1623 943 1654 Buslid.
980 1623 1132 1664 Cortynia
1160 1622 1271 1654 Oxon.
1297 1633 1363 1654 360.
1403 1624 1553 1656 Gortinia
1576 1625 1658 1656 Var.
1677 1626 1744 1657 LL.
1761 1634 1780 1657 e

309 1678 414 1708 marg.
432 1668 547 1697 Parhn
571 1667 688 1706 campis
700 1667 779 1696 Vat.
796 1676 865 1697 sec.
883 1665 1014 1696 Buslid.
1049 1667 1149 1706 captis
1165 1666 1230 1696 duo
1249 1666 1343 1697 Med.
1361 1667 1443 1698 Exc.
1466 1667 1615 1699 Lucens.
1630 1678 1681 1709 pr.
1696 1669 1780 1700 Var.

309 1711 379 1742 LL.
396 1710 450 1741 ed.
470 1710 573 1740 Antv.
596 1709 699 1749 raptis
716 1709 868 1740 Florent.
871 1711 956 1739 —38
981 1709 1118 1739 intendet
1137 1710 1231 1740 Rott.
1254 1710 1421 1740 incendunt
1438 1710 1532 1741 Med.
1548 1720 1617 1742 360.
1640 1711 1782 1742 intendas

309 1753 431 1785 Ambr.
460 1756 540 1783 terh
578 1751 701 1782 taurino
724 1752 809 1782 Exc.
837 1752 984 1782 Lucens.
1011 1761 1062 1791 pr.
1100 1753 1239 1782 taurinos
1264 1752 1329 1782 duo
1346 1753 1444 1783 Vatt.
1469 1753 1544 1784 Pal.
1562 1754 1656 1785 Rott.
1675 1753 1782 1786 Oisel.

312 1797 437 1827 taurino
460 1796 575 1825 viscere
601 1794 680 1825 Vm.
699 1795 765 1825 LL.
794 1804 812 1824 0
839 1804 946 1834 marg.
974 1793 1089 1824 Parm.
1126 1795 1266 1825 taurinos
1282 1795 1404 1825 mittere
1422 1795 1535 1827 Oxon.
1562 1805 1629 1827 sec.
1666 1796 1783 1828 viscere

311 1839 396 1870 Exc.
413 1839 557 1868 Lucens.
574 1846 627 1877 pr.
644 1836 722 1867 Ald.
745 1837 866 1868 vincere
882 1838 950 1867 inc.
965 1836 1086 1867 Heins.
1104 1847 1147 1868 m.
1164 1847 1230 1868 300.
1254 1838 1377 1868 mittere
1394 1839 1460 1868 duo
1476 1839 1573 1874 Vati.
1592 1839 1667 1870 Pal.
1685 1840 1782 1871 Rott.

313 1881 422 1912 Oisel.
438 1881 590 1911 Florent.
607 1879 674 1909 duo
689 1879 784 1910 Med.
802 1880 869 1910 inc.
896 1879 1016 1910 Heius.
1040 1879 1120 1910 Put.
1138 1879 1204 1910 duo
1221 1880 1345 1911 Petav.
1364 1881 1494 1912 Bonon.
1509 1881 1576 1912 duo
1592 1881 1710 1913 Ambr.
1728 1881 1783 1914 ed.

311 1924 429 1955 Parni.
465 1923 624 1953 intendere
642 1922 726 1953 Cod.
744 1922 861 1963 Epigr.
881 1922 1086 1953 Ambra—39
1106 1923 1217 1962 pennis
1236 1923 1360 1953 Petav.
1379 1933 1447 1954 sec.
1465 1924 1583 1954 Ambr.
1603 1928 1680 1955 tert.
1697 1924 1784 1955 Bus-

311 1967 372 1998 lid.
394 1965 508 2006 pugnis
524 1965 597 1995 Pal.
614 1964 680 1995 duo
696 1964 791 1995 Med.
822 1965 926 2005 pinnis
941 1966 1020 1995 Vat.
1039 1969 1120 1995 tert.
1152 1965 1262 2004 pennis
1276 1976 1337 2005 pro
1351 1966 1499 2005 ferroque
1515 1966 1610 1997 Med.
1629 1975 1698 1997 see.
1713 1966 1783 1998 inc.

314 2008 523 2041 Heium—40
547 2008 646 2038 bellua
662 2007 726 2037 inc.
747 2007 866 2039 Heius,
884 2008 1007 2038 Petav.
1024 2017 1076 2047 pr.
1112 2007 1209 2038 bestia
1233 2007 1299 2038 duo
1315 2009 1409 2039 Vatt.
1426 2009 1501 2039 Pal.
1516 2010 1610 2041 Rott.
1629 2009 1784 2040 Oise1.—-

314 2055 355 2083 41
381 2053 494 2082 Deest
510 2051 562 2081 hic
579 2060 696 2080 versus
714 2050 799 2080 Lov.
827 2054 897 2081 sunt
915 2049 1054 2090 profert
1073 2050 1222 2082 Fiorent.
1256 2054 1355 2081 tecum
1372 2051 1448 2082 Pal.
1462 2051 1557 2082 Med.
1578 2054 1716 2091 piu—42
1738 2062 1784 2083 se-

315 2104 373 2134 que
388 2094 490 2125 utitur
503 2093 721 2124 Rasna—43
750 2093 838 2124 Unde
852 2094 925 2124 aliis
942 2103 1001 2132 pro
1023 2093 1126 2123 [snum
1139 2094 1255 2123 animat
1270 2093 1401 2124 Buslid,
1423 2094 1559 2125 continet
1573 2104 1634 2135 pro
1647 2094 1785 2134 possidet

314 2137 401 2168 Lov.
425 2146 510 2167 arces
537 2136 658 2166 Petav.
685 2138 821 2175 pr.—44
846 2136 1001 2166 industria
1027 2139 1110 2166 veste
1137 2136 1232 2166 Med.
1260 2138 1415 2167 see—215
1442 2137 1557 2167 Finxit
1585 2147 1646 2177 pro
1672 2137 1786 2168 Fluxit

314 2179 396 2210 Vat.
411 2189 479 2209 sec.
506 2179 612 2209 Flexa
631 2179 713 2209 Lov.
746 2178 784 2208 ab
806 2179 954 2209 extremis
969 2178 1043 2208 Pal.
1063 2178 1156 2209 Med.
1177 2189 1225 2218 pr.
1260 2179 1408 2218 quidquid
1419 2180 1502 2219 petit
1518 2179 1593 2209 Par.
1609 2179 1674 2209 duo
1691 2179 1786 2210 Med.

314 2224 401 2252 -46
426 2222 555 2251 Ciconas
570 2221 764 2252 Oxomsec.
782 2221 867 2251 Lov.
885 2221 1017 2252 Buslid.
1059 2222 1197 2261 Cyconas
1223 2221 1289 2252 duo
1305 2222 1401 2252 Vatt.
1428 2221 1504 2252 Pal.
1530 2222 1683 2252 Florent.
1712 2226 1783 2253 tres

315 2263 412 2295 Med.
427 2263 492 2294 duo
511 2264 632 2294 Heins.
650 2264 732 2294 Put.
749 2263 816 2294 duo
833 2264 955 2295 Petav.
973 2264 1104 2294 Bonon.
1121 2263 1248 2294 Moret.
1267 2273 1317 2303 pr.
1332 2263 1416 2294 Cod.
1432 2264 1552 2304 Epigr.
1569 2263 1687 2294 Ambr.
1701 2264 1785 2296 Exc.

315 2306 461 2337 Lucens.
489 2316 540 2344 pr.
555 2307 637 2336 Var.
655 2307 724 2338 LL.
740 2305 794 2337 ed.
822 2306 1015 2338 Antv.-47
1032 2306 1139 2343 farine
1165 2315 1226 2346 pro
1244 2305 1349 2343 ferire
1373 2306 1452 2337 Vat.
1481 2309 1639 2338 sem-48
1659 2307 1787 2347 pecudis

316 2349 372 2380 vel
388 2349 519 2379 volucris
536 2348 644 2379 Oisel.

927 2473 929 2477 ‚
988 2435 1128 2467 NOTAE

318 2517 397 2559 igne
421 2518 563 2557 mollita,
589 2522 623 2548 et
651 2518 798 2549 lentiora
819 2517 925 2559 facta,
951 2529 1025 2551 cur·
1080 2519 1180 2550 etsie
1209 2519 1326 2560 quovis
1350 2522 1504 2561 tempore
1530 2529 1623 2551 arma
1649 2521 1788 2561 propria

317 2575 441 2601 vantur
467 2569 500 2599 in
531 2579 640 2607 arcuS,
664 2574 700 2600 et
726 2569 776 2600 his
807 2571 1027 2610 applicantur
1081 2571 1122 2601 ad
1146 2579 1182 2600 se
1209 2570 1461 2602 defendendum
1490 2571 1656 2604 habentis.
1678 2573 1687 2589 ‘
1706 2573 1789 2604 Fert

318 2618 416 2651 funes
432 2630 474 2650 ex
488 2619 599 2650 nervis
616 2623 802 2650 taurorum.
1082 2621 1194 2652 omnia
1209 2621 1346 2653 secutus

363 2673 405 2701 40
422 2669 567 2710 Propriis
581 2670 720 2701 munitur
734 2670 833 2700 bellua
848 2670 932 2710 telis]
958 2671 1028 2701 Un-
1124 2675 1167 2702 46
1192 2671 1348 2712 Cydonas]
1374 2671 1525 2712 Populos
1542 2672 1669 2712 Cretae,
1687 2672 1788 2713 jacu-

321 2721 365 2752 de
381 2720 527 2761 Hystrix
551 2720 742 2760 symbolum
760 2726 814 2751 est
838 2721 901 2751 viri
917 2720 1029 2760 fortis,
1083 2722 1123 2753 lis
1139 2722 1342 2762 sagittisque
1359 2721 1608 2754 ceieberrhnos-
1636 2722 1691 2754 De
1705 2722 1789 2754 Par-

320 2781 381 2803 suo
398 2771 522 2812 animo,
538 2781 598 2803 suo
621 2771 759 2803 consilio
784 2781 858 2803 sese
875 2772 1031 2812 tutantis,
1084 2772 1150 2804 this
1168 2771 1236 2803 alio
1253 2771 1285 2802 in
1302 2771 1390 2804 loco.
