1851 3213
263 196 377 238 1222

263 300 430 332 limachus
459 300 582 342 hymno
608 301 641 331 in
681 300 811 339 Delon,
840 297 975 337 ’Ἠμενος

271 351 391 391 ὑψηλῆς
408 351 542 391 κορυφῆς
556 349 604 381 ἔπι
615 349 745 391 Θρήϊκας
756 350 852 388 Αἵμου
863 350 976 390 Θοῦρος

264 402 359 444 Ἄρης
374 401 534 442 ἐφύλασσε
550 400 606 432 σὺν
630 400 740 432 ἔντεσι.
786 400 901 442 Atque
927 401 975 431 ita

265 454 393 494 passim
423 452 565 483 Poetae:
603 462 792 492 quanquam
811 462 871 491 pro
900 452 974 482 vul-

265 507 347 544 gata
378 505 547 543 scriptura
578 501 693 532 facere
722 501 857 532 videtur
888 501 972 532 illud

264 555 429 593 Maronis⁷
444 556 452 571 ⁶
465 553 703 593 Gradivusque
720 557 830 593 pater,
841 552 975 583 Geticis

266 605 322 645 qui
352 604 515 644 prwsidet
543 603 657 633 arvtsss
711 603 885 634 Caeterum
914 613 974 643 pro

266 654 448 692 horrendth
475 655 659 685 horrendum
686 653 883 691 Leidensis3
918 663 974 693 op-

267 706 371 737 time:
400 706 571 746 procubare
597 705 795 744 horrendum,
821 710 859 735 ut
876 705 976 735 Cous.

266 756 404 795 Manlii,
427 758 434 773 ‘
454 757 527 787 Nec
554 756 715 786 dentibus
744 765 891 794 unquam
921 755 976 784 In-

266 807 392 846 strepis
423 805 653 836 horrendum!
715 804 877 835 AEne'idos
908 813 975 835 xit.

264 856 565 894 ‘horrendumque
594 855 729 884 intonat
751 853 876 884 armis.’
919 854 976 884 Sic

267 912 303 938 et
319 907 462 937 blandum
489 906 601 936 rubere
627 915 752 945 supra:
777 915 892 935 scevam
908 904 977 943 sre-

257 966 363 995 mere,
391 956 448 986 lib.
469 965 508 986 11.
527 955 570 986 de
588 956 692 996 Rapt.
718 956 817 986 Pros.
833 964 884 986 VS.
902 957 977 986 243.

267 1010 303 1037 et
316 1015 496 1046 prcesagam
511 1016 633 1045 canere,
650 1005 731 1036 ibid.
749 1015 798 1037 vs.
812 1008 843 1036 7.
861 1016 904 1036 ex
922 1015 978 1036 an-

271 1056 375 1097 tiquis
409 1056 607 1088 codicibus:
649 1060 811 1086 omentum
845 1057 980 1096 vicugire,

267 1107 326 1139 lib.
343 1117 366 1139 1.
381 1107 413 1138 in
429 1106 543 1139 Rufin.
560 1108 666 1146 regale
682 1110 800 1137 tumere
817 1111 851 1137 et
866 1117 980 1138 saevum

269 1161 393 1197 nutare,
417 1157 476 1188 lib.
494 1167 535 1189 11.
563 1157 854 1197 immmefremere,
879 1159 980 1189 Cons.

270 1208 392 1239 Manlii
409 1218 416 1238 z
432 1207 549 1249 fictum
564 1207 721 1247 anhelare,
749 1208 806 1239 lib.
823 1217 847 1238 1.
864 1208 898 1238 in
915 1209 980 1238 Eu-

271 1263 362 1299 trop.
378 1258 488 1298 flebile
502 1259 660 1298 suspirare
684 1263 719 1288 et
743 1259 886 1289 insanum
909 1269 980 1298 pro-

270 1309 416 1348 clamare,
433 1308 492 1339 lib.
510 1317 549 1339 11.
575 1308 657 1338 (anile
669 1318 805 1348 gemere,
830 1309 887 1340 lib.
906 1318 929 1340 1.
946 1308 980 1338 in

267 1360 380 1390 Stilic.
407 1364 509 1400 atque
535 1360 584 1390 ita
611 1361 758 1400 passim:
786 1371 929 1402 quorum
946 1367 981 1393 et

270 1410 362 1449 pleni
378 1410 524 1449 Statim,
540 1410 657 1450 Silius,
675 1411 742 1442 alii.
788 1412 982 1442 Emendati-

269 1459 333 1489 dus
359 1464 474 1490 tamen
502 1461 559 1490 ille
586 1470 637 1492 lv.
664 1461 772 1492 Theb.
809 1472 851 1492 ex
880 1471 982 1492 mem-

270 1509 403 1541 branis:
440 1510 574 1551 ‘capiti
606 1511 725 1542 tremit
757 1521 849 1542 aerea
877 1512 982 1543 cassis

270 1560 338 1591 Ter
350 1561 486 1591 niveum
501 1561 812 1603 scandentejnba.'
856 1563 984 1595 ,Jubam

276 1612 450 1652 triplicem
468 1612 644 1653 intelligit,
661 1613 756 1653 cujus
773 1618 809 1644 et
822 1613 985 1655 Virgilius

273 1662 485 1693 mentionem
511 1661 608 1695 facit.
624 1663 750 1704 Vulgo,
773 1664 782 1681 ‘
800 1664 870 1695 Ter
886 1664 984 1696 nivea

273 1712 464 1744 scandente
476 1713 588 1753 juba.’
612 1714 658 1744 D.
676 1714 791 1745 Heins.

318 1763 479 1794 Gradivus
501 1764 535 1794 in
552 1763 681 1803 Hoemo]
706 1765 829 1795 Monte
846 1768 880 1795 et
897 1764 984 1805 regi-

273 1823 349 1854 one,
369 1814 494 1845 Martis
510 1814 683 1845 domicilio
709 1814 897 1855 notissima,
922 1814 984 1846 ibi-

273 1874 338 1906 que
353 1864 551 1905 quiescebat
568 1869 646 1904 post
661 1864 762 1896 bella.

319 1918 380 1947 121
420 1916 565 1947 Exuvias
595 1916 729 1947 Bellona
757 1916 854 1956 levat]
893 1917 986 1948 Gerit

275 1966 419 2008 Gyrald.
446 1967 511 2007 pri.
529 1967 642 1998 Vatic.
669 1967 809 1998 Fames.
838 1971 874 1998 et
899 1977 985 1998 unus

273 2017 473 2048 Mediceus:
500 2017 560 2048 sed
577 2022 724 2058 praestat
741 2018 900 2050 alterum.
934 2018 983 2049 D.

233 2076 246 2087 0
275 2066 390 2098 Heius.

320 2118 383 2146 122
409 2116 532 2148 Cornus
570 2118 601 2148 in
642 2117 764 2148 hastam
790 2118 986 2158 porrigitur]

281 2167 323 2198 In
337 2166 457 2197 hostem
466 2168 630 2199 Barthius
648 2169 734 2209 legit
751 2169 868 2209 primis
883 2169 986 2209 curis,

279 2219 442 2249 secundis
456 2219 488 2250 in
501 2223 626 2257 actam3
650 2220 749 2259 alius,
759 2221 793 2251 in
805 2223 892 2251 astra
905 2231 915 2251 .·
939 2221 988 2253 ni-

278 2268 326 2300 hil
353 2270 568 2301 mutandnm.
616 2271 693 2302 Hoc
724 2272 816 2302 vult:
840 2272 987 2302 Immen-

277 2327 348 2349 sam
373 2318 466 2349 illam
495 2329 636 2351 cornum
669 2321 775 2351 Marti
804 2331 864 2362 pro
889 2322 986 2352 hasta

276 2367 397 2408 fuisse,
423 2379 520 2400 usum
545 2371 651 2401 hastae
681 2371 883 2411 praebuisse.
927 2372 984 2403 Sic

277 2419 379 2460 infra,
402 2420 411 2437 ‘
428 2420 610 2460 turrigerae
626 2426 771 2461 surgunt
786 2421 821 2452 in
838 2422 988 2453 culmina

277 2470 387 2512 ripae.'
432 2471 523 2501 Vide
540 2477 636 2502 notas
650 2472 692 2503 ad
705 2472 766 2504 lib.
782 2481 807 2503 1.
821 2473 856 2503 in
872 2472 986 2505 Rufin.

278 2531 330 2552 vs.
344 2524 416 2552 151.
431 2521 522 2561 apud
535 2521 700 2561 Statium,
714 2521 837 2553 Achill.
852 2531 877 2552 r.
892 2524 989 2563 ‘jam-

281 2582 347 2613 que
378 2571 563 2612 Odrysiam
590 2572 764 2604 Gradivus
794 2573 826 2603 in
854 2573 985 2604 hastam

285 2622 473 2662 Surgeret-⁵
495 2623 540 2654 D.
559 2621 672 2653 Heius.

333 2673 457 2703 Cornus
472 2672 505 2703 in
514 2673 638 2704 hastam
650 2673 846 2714 porrigitur]
881 2672 990 2705 Hasta

283 2732 327 2755 ex
343 2732 448 2756 corno
463 2721 569 2756 facta.
614 2724 739 2759 Placet
759 2727 870 2756 tamen
884 2722 919 2755 in
940 2734 990 2756 ac-

536 206 680 237 NOTAE
713 205 983 236 VARIORUM
1017 203 1069 234 IN
1105 203 1179 234 ot..
1210 203 1396 234 CLAUD.
1431 203 1462 234 1.

1026 300 1078 328 ten
1091 296 1289 337 porrigitur:
1315 296 1348 327 id
1361 300 1427 335 est,
1448 304 1558 335 prope
1576 294 1735 326 Hebrum

1026 348 1060 379 in
1077 348 1159 378 litus
1187 348 1284 378 hasta
1302 347 1464 387 ponitur:
1491 349 1529 376 ut
1545 354 1621 375 cnm
1639 345 1734 386 quie-

1026 403 1146 430 scente
1183 398 1335 430 Domino
1384 402 1419 429 et
1456 397 1532 437 ipsa
1570 397 1734 436 respiret.

1026 449 1144 480 Barth.

1072 502 1133 531 124
1159 500 1330 530 Discussas
1347 499 1448 529 Roma
1460 508 1518 539 per
1541 497 1651 537 auras]
1674 497 1738 528 Dii

1027 550 1115 580 enim
1149 549 1282 580 nebulis
1306 550 1424 580 amicti
1459 550 1551 580 inter
1583 547 1736 578 homines

1027 601 1153 631 versari
1171 600 1373 631 dicebantur
1386 611 1405 631 a
1420 600 1545 640 poetis.
1593 599 1649 629 Sic
1666 599 1739 630 Ho-

1028 652 1151 681 ratius:
1187 652 1195 667 ‘
1215 651 1352 681 tandem
1389 651 1504 681 venias
1544 658 1738 690 precamur,

1027 702 1130 733 Nube
1168 703 1355 732 candentes
1390 702 1548 732 humeros
1579 701 1735 741 amictus,

1028 752 1150 791 Augur
1167 752 1314 791 Apollo!
1338 752 1454 784 Barth.

1072 804 1131 831 1⁶25
1149 801 1296 840 Conscia]
1316 801 1475 832 Adventu
1491 802 1573 832 Deae
1589 812 1597 840 3
1612 810 1689 832 nani
1703 805 1740 832 et

1027 851 1212 881 inanimata
1230 860 1286 881 eos
1313 857 1504 891 praesentes
1530 852 1740 884 sentiebant.

1029 901 1147 932 Barth.

1089 951 1220 982 Conscia
1245 955 1294 983 ter
1322 951 1425 983 sonuit
1455 952 1562 993 rupes]
1600 952 1657 984 Sic
1682 962 1742 994 op-

1028 1002 1129 1033 timus
1146 1003 1273 1033 Moreti
1303 1003 1401 1041 liber,
1425 1007 1464 1034 ut
1492 1004 1571 1034 olim
1589 1004 1744 1045 conjece-

1030 1062 1120 1083 ram:
1147 1053 1249 1092 vulgo
1277 1057 1349 1084 tunc
1373 1054 1491 1084 sonuit.
1527 1054 1601 1086 Lib.
1631 1063 1671 1085 11.
1698 1054 1743 1086 de

1030 1103 1134 1143 Rapt.
1158 1104 1167 1120 ‘
1186 1107 1240 1134 ter
1256 1104 1396 1135 cardine
1413 1114 1512 1135 verso
1539 1105 1740 1145 Praesagum

1029 1154 1186 1185 cecinere
1203 1153 1293 1184 fores
1308 1154 1328 1185 2’
1354 1155 1403 1186 sic
1420 1159 1456 1185 et
1475 1155 1568 1186 alibi.
1611 1156 1743 1186 Concita

1031 1205 1135 1236 etiam
1166 1206 1362 1238 Leidensis:
1404 1216 1472 1237 non
1499 1207 1599 1237 male.
1657 1206 1742 1237 Mox

1030 1256 1186 1287 inhorruit
1211 1260 1326 1297 atram,
1353 1267 1418 1287 non
1435 1257 1515 1296 acri,
1538 1267 1613 1288 cum
1636 1257 1742 1297 scrip-

1033 1306 1076 1336 tis
1102 1307 1302 1346 legendum:
1329 1307 1419 1348 quod
1439 1308 1580 1338 Deli-ius
1601 1308 1675 1347 jam
1695 1307 1744 1338 vi·-

1033 1357 1085 1387 dit
1099 1361 1134 1387 et
1151 1357 1408 1397 Raphelengius
1423 1367 1432 1395 3
1457 1360 1496 1387 ut
1512 1358 1602 1397 apud
1619 1357 1743 1398 virgil.

1030 1407 1039 1423 ‘
1056 1407 1294 1449 Horrentique
1312 1412 1423 1439 atrum
1449 1418 1568 1439 nemus
1589 1408 1746 1440 imminet

1033 1457 1176 1489 umbra.'
1201 1458 1248 1490 D.
1263 1458 1376 1489 Heins.

1079 1509 1243 1540 Inhorruit
1256 1509 1377 1550 atrum]
1399 1510 1555 1541 Densam
1573 1508 1663 1539 illam
1681 1508 1747 1549 syl-

1037 1568 1114 1590 vam
1136 1559 1343 1591 inhorruisse
1361 1559 1449 1591 tanti
1466 1559 1613 1590 numinis
1631 1569 1747 1591 acces-

1038 1619 1089 1649 su,
1107 1609 1165 1641 ait.
1189 1610 1306 1642 Barth.

1083 1663 1145 1691 126
1170 1661 1267 1691 Prior
1294 1660 1362 1701 hic]
1408 1661 1530 1692 Malim
1551 1662 1640 1702 prior
1665 1661 1747 1695 huic.

1039 1710 1082 1741 D.
1100 1711 1223 1742 Heius.

1084 1765 1145 1792 127
1171 1763 1251 1793 Dux
1266 1762 1327 1804 ait]
1349 1762 1544 1803 Imperator
1561 1763 1749 1794 Romanus.

1084 1813 1204 1852 Legum
1218 1812 1379 1853 genitrix]
1404 1812 1538 1846 Quibus
1566 1813 1658 1844 orbis
1682 1817 1750 1843 ter-

1038 1873 1152 1894 rarum
1178 1863 1212 1894 in
1240 1873 1340 1895 unam
1361 1863 1454 1894 velut
1475 1858 1612 1904 gentem
1635 1862 1752 1895 redac-

1038 1919 1093 1947 tus
1110 1920 1175 1947 est.
1200 1916 1316 1947 Barth.

1081 1969 1143 1997 128
1171 1965 1371 2004 Circumfusa
1384 1964 1468 2005 polo]
1492 1965 1544 1996 Ex
1561 1964 1749 1996 ambitione

1037 2017 1203 2055 Romana,
1225 2017 1283 2057 qui
1299 2015 1465 2047 limitibus
1483 2015 1560 2046 caeli
1574 2025 1642 2046 nou
1659 2024 1752 2047 com-

1038 2066 1203 2107 prehendi
1217 2066 1439 2106 suumjactat
1452 2064 1652 2106 Imperium.
1669 2065 1751 2107 Epi-

1039 2116 1300 2156 grammatarius
1317 2120 1416 2147 vetus
1434 2125 1442 2146 ε
1468 2116 1476 2132 ‘
1494 2115 1551 2146 Sol
1569 2115 1661 2147 citra
1676 2124 1751 2147 nos-

1040 2171 1127 2197 trum
1145 2165 1297 2198 flectitur
1315 2165 1525 2207 Imperium.¹

1085 2218 1218 2248 Consors
1232 2218 1381 2257 adjuncta
1400 2216 1550 2257 Tonanti]
1576 2217 1683 2248 Roma
1695 2227 1752 2250 ve-

1038 2268 1088 2299 lut
1105 2268 1258 2299 assidens
1271 2273 1375 2309 atque
1394 2266 1497 2298 affixa
1512 2268 1543 2299 ei
1559 2277 1567 2299 :
1587 2271 1682 2299 recte
1695 2277 1751 2300 ca·

1039 2319 1132 2359 pitur
1162 2319 1204 2350 de
1244 2320 1396 2360 templo:
1437 2318 1562 2350 alludit
1589 2319 1679 2350 enim
1709 2319 1745 2351 in

1038 2374 1154 2401 monte
1170 2369 1570 2411 PalatinojunctaJovis
1582 2374 1618 2402 et
1631 2369 1750 2402 Romae

1039 2420 1130 2452 t'ana.
1155 2421 1273 2452 Barth.

1084 2473 1143 2501 131
1173 2471 1319 2502 Toterare
1341 2472 1484 2512 vapores]
1515 2471 1572 2502 Sic
1596 2475 1692 2507 recte
1708 2481 1752 2503 ex

1040 2531 1100 2552 suo
1125 2520 1213 2551 libro
1239 2521 1397 2551 Delrius:
1435 2530 1619 2561 perperam
1646 2523 1751 2564 vulgo

1042 2571 1170 2602 labores.
1194 2571 1364 2609 Lucanus,
1395 2570 1455 2601 lib.
1488 2580 1538 2602 tv.
1572 2572 1582 2588 ‘
1604 2572 1759 2614 Quoque>

1040 2622 1150 2652 minus
1163 2622 1269 2652 siccos
1285 2626 1424 2662 possent
1435 2622 1584 2653 tolerare
1598 2632 1753 2665 vapores,

1041 2672 1206 2704 Quaesitae
1245 2670 1376 2703 fecistis
1413 2673 1536 2714 aquae.'
1591 2673 1668 2706 Lib.
1697 2683 1752 2707 1x.

1042 2725 1051 2741 ⁴
1066 2726 1234 2755 monstrat
1251 2724 1403 2756 tolerare
1420 2733 1580 2766 νῖψαι-88,
1601 2724 1680 2757 Non
1695 2724 1752 2767 ju·
