<?xml version="1.0" encoding="UTF-8"?>
<!DOCTYPE html PUBLIC "-//W3C//DTD XHTML 1.0 Transitional//EN"
    "http://www.w3.org/TR/xhtml1/DTD/xhtml1-transitional.dtd">
<html xmlns="http://www.w3.org/1999/xhtml" xml:lang="en" lang="en">
 <head>
  <title>
</title>
<meta http-equiv="Content-Type" content="text/html;charset=utf-8" />
  <meta name='ocr-system' content='tesseract 3.04.00' />
  <meta name='ocr-capabilities' content='ocr_page ocr_carea ocr_par ocr_line ocrx_word'/>
</head>
<body>
  <div class='ocr_page' id='page_1' title='image "./operaomniaexedit03clauuoft_0038.png"; bbox 0 0 1851 3213; ppageno 0'>
   <div class='ocr_carea' id='block_1_1' title="bbox 304 225 1347 269">
    <p class='ocr_par' dir='ltr' id='par_1_1' title="bbox 304 225 1347 269">
     <span class='ocr_line' id='line_1_1' title="bbox 304 225 1347 269; baseline -0.014 0"><span class='ocrx_word' id='word_1_1' title='bbox 304 227 418 269; x_wconf 74' lang='lat' dir='ltr'>lot-2</span> <span class='ocrx_word' id='word_1_2' title='bbox 727 232 802 263; x_wconf 64' lang='lat' dir='ltr'>cr..</span> <span class='ocrx_word' id='word_1_3' title='bbox 836 227 1118 261; x_wconf 60' lang='lat' dir='ltr'>cuwniANi</span> <span class='ocrx_word' id='word_1_4' title='bbox 1161 225 1347 256; x_wconf 75' lang='lat' dir='ltr'>xxxv1.</span> 
     </span>
    </p>
   </div>
   <div class='ocr_carea' id='block_1_2' title="bbox 307 323 1779 993">
    <p class='ocr_par' dir='ltr' id='par_1_2' title="bbox 307 323 1411 388">
     <span class='ocr_line' id='line_1_2' title="bbox 307 323 1411 388; baseline -0.014 -12"><span class='ocrx_word' id='word_1_5' title='bbox 307 334 395 375; x_wconf 88' lang='lat' dir='ltr'>Ore</span> <span class='ocrx_word' id='word_1_6' title='bbox 415 333 597 388; x_wconf 73' lang='lat' dir='ltr'>preces?</span> <span class='ocrx_word' id='word_1_7' title='bbox 632 330 743 372; x_wconf 84' lang='lat' dir='ltr'>Ruit</span> <span class='ocrx_word' id='word_1_8' title='bbox 762 329 840 370; x_wconf 77' lang='lat' dir='ltr'>illa</span> <span class='ocrx_word' id='word_1_9' title='bbox 860 331 1002 368; x_wconf 80' lang='lat' dir='ltr'>tamen</span> <span class='ocrx_word' id='word_1_10' title='bbox 1025 323 1194 366; x_wconf 78' lang='lat' dir='ltr'>confisa</span> <span class='ocrx_word' id='word_1_11' title='bbox 1214 333 1411 363; x_wconf 89' lang='lat' dir='ltr'>sororum</span> 
     </span>
    </p>

    <p class='ocr_par' dir='ltr' id='par_1_3' title="bbox 307 381 1771 513">
     <span class='ocr_line' id='line_1_3' title="bbox 308 381 1771 447; baseline -0.015 -3"><span class='ocrx_word' id='word_1_12' title='bbox 308 401 527 444; x_wconf 87' lang='lat' dir='ltr'>Praesidio</span> <span class='ocrx_word' id='word_1_13' title='bbox 546 414 555 441; x_wconf 71' lang='grc' dir='ltr'>ε</span> <span class='ocrx_word' id='word_1_14' title='bbox 587 398 766 440; x_wconf 76' lang='lat' dir='ltr'>famulae</span> <span class='ocrx_word' id='word_1_15' title='bbox 787 397 918 447; x_wconf 78' lang='lat' dir='ltr'>longo</span> <span class='ocrx_word' id='word_1_16' title='bbox 940 397 1041 447; x_wconf 86' lang='lat' dir='ltr'>post</span> <span class='ocrx_word' id='word_1_17' title='bbox 1063 392 1214 432; x_wconf 79' lang='lat' dir='ltr'>ordine</span> <span class='ocrx_word' id='word_1_18' title='bbox 1238 386 1480 442; x_wconf 81' lang='lat' dir='ltr'>Nymphae.</span> <span class='ocrx_word' id='word_1_19' title='bbox 1684 381 1771 424; x_wconf 76' lang='lat'>230</span> 
     </span>
     <span class='ocr_line' id='line_1_4' title="bbox 307 461 1287 513; baseline -0.017 -1"><span class='ocrx_word' id='word_1_20' title='bbox 307 470 404 512; x_wconf 86' lang='lat' dir='ltr'>Itur</span> <span class='ocrx_word' id='word_1_21' title='bbox 422 470 465 510; x_wconf 90' lang='lat' dir='ltr'>in</span> <span class='ocrx_word' id='word_1_22' title='bbox 487 472 647 510; x_wconf 68' lang='lat' dir='ltr'>{eterno</span> <span class='ocrx_word' id='word_1_23' title='bbox 666 465 851 506; x_wconf 84' lang='lat' dir='ltr'>vestitos</span> <span class='ocrx_word' id='word_1_24' title='bbox 874 461 1066 513; x_wconf 75' lang='lat' dir='ltr'>gramine</span> <span class='ocrx_word' id='word_1_25' title='bbox 1089 470 1287 510; x_wconf 79' lang='lat' dir='ltr'>campos,</span> 
     </span>
    </p>

    <p class='ocr_par' dir='ltr' id='par_1_4' title="bbox 309 531 1381 591">
     <span class='ocr_line' id='line_1_5' title="bbox 309 531 1381 591; baseline -0.016 -12"><span class='ocrx_word' id='word_1_26' title='bbox 309 538 367 579; x_wconf 88' lang='lat' dir='ltr'>Et</span> <span class='ocrx_word' id='word_1_27' title='bbox 387 537 530 591; x_wconf 81' lang='lat' dir='ltr'>prima</span> <span class='ocrx_word' id='word_1_28' title='bbox 552 535 635 575; x_wconf 85' lang='lat' dir='ltr'>sub</span> <span class='ocrx_word' id='word_1_29' title='bbox 657 534 755 573; x_wconf 83' lang='lat' dir='ltr'>luce</span> <span class='ocrx_word' id='word_1_30' title='bbox 776 531 940 583; x_wconf 79' lang='lat' dir='ltr'>legunt,</span> <span class='ocrx_word' id='word_1_31' title='bbox 963 540 1064 567; x_wconf 85' lang='lat' dir='ltr'>cum</span> <span class='ocrx_word' id='word_1_32' title='bbox 1082 537 1178 565; x_wconf 89' lang='lat' dir='ltr'>rore</span> <span class='ocrx_word' id='word_1_33' title='bbox 1201 536 1381 564; x_wconf 83' lang='lat' dir='ltr'>serenus</span> 
     </span>
    </p>

    <p class='ocr_par' dir='ltr' id='par_1_5' title="bbox 309 592 1440 656">
     <span class='ocr_line' id='line_1_6' title="bbox 309 592 1440 656; baseline -0.016 -9"><span class='ocrx_word' id='word_1_34' title='bbox 309 605 442 647; x_wconf 86' lang='lat' dir='ltr'>Albet</span> <span class='ocrx_word' id='word_1_35' title='bbox 464 617 577 656; x_wconf 80' lang='lat' dir='ltr'>ager,</span> <span class='ocrx_word' id='word_1_36' title='bbox 600 611 866 655; x_wconf 79' lang='lat' dir='ltr'>sparsosque</span> <span class='ocrx_word' id='word_1_37' title='bbox 885 597 1043 637; x_wconf 86' lang='lat' dir='ltr'>bibunt</span> <span class='ocrx_word' id='word_1_38' title='bbox 1059 592 1246 635; x_wconf 76' lang='lat' dir='ltr'>violaria</span> <span class='ocrx_word' id='word_1_39' title='bbox 1267 601 1440 631; x_wconf 86' lang='lat' dir='ltr'>succos.</span> 
     </span>
    </p>

    <p class='ocr_par' dir='ltr' id='par_1_6' title="bbox 313 659 1348 725">
     <span class='ocr_line' id='line_1_7' title="bbox 313 659 1348 725; baseline -0.016 -11"><span class='ocrx_word' id='word_1_40' title='bbox 313 673 402 714; x_wconf 86' lang='lat' dir='ltr'>Sed</span> <span class='ocrx_word' id='word_1_41' title='bbox 424 675 663 725; x_wconf 75' lang='lat' dir='ltr'>postquam</span> <span class='ocrx_word' id='word_1_42' title='bbox 678 666 825 708; x_wconf 87' lang='lat' dir='ltr'>medio</span> <span class='ocrx_word' id='word_1_43' title='bbox 848 664 914 705; x_wconf 89' lang='lat' dir='ltr'>sol</span> <span class='ocrx_word' id='word_1_44' title='bbox 934 662 1090 703; x_wconf 87' lang='lat' dir='ltr'>institit</span> <span class='ocrx_word' id='word_1_45' title='bbox 1110 660 1236 701; x_wconf 78' lang='lat' dir='ltr'>altior</span> <span class='ocrx_word' id='word_1_46' title='bbox 1258 659 1348 707; x_wconf 78' lang='lat' dir='ltr'>axi,</span> 
     </span>
    </p>

    <p class='ocr_par' dir='ltr' id='par_1_7' title="bbox 313 719 1779 857">
     <span class='ocr_line' id='line_1_8' title="bbox 313 719 1779 792; baseline -0.014 -11"><span class='ocrx_word' id='word_1_47' title='bbox 313 741 430 781; x_wconf 86' lang='lat' dir='ltr'>Ecce</span> <span class='ocrx_word' id='word_1_48' title='bbox 450 740 600 792; x_wconf 87' lang='lat' dir='ltr'>polum</span> <span class='ocrx_word' id='word_1_49' title='bbox 616 734 845 776; x_wconf 70' lang='lat' dir='ltr'>noxsoeda</span> <span class='ocrx_word' id='word_1_50' title='bbox 868 733 998 785; x_wconf 81' lang='lat' dir='ltr'>rapit,</span> <span class='ocrx_word' id='word_1_51' title='bbox 1022 728 1363 779; x_wconf 79' lang='lat' dir='ltr'>tremefactaque</span> <span class='ocrx_word' id='word_1_52' title='bbox 1383 726 1510 765; x_wconf 79' lang='lat' dir='ltr'>nutat</span> <span class='ocrx_word' id='word_1_53' title='bbox 1692 719 1779 761; x_wconf 78' lang='lat'>235</span> 
     </span>
     <span class='ocr_line' id='line_1_9' title="bbox 314 796 1467 857; baseline -0.016 -8"><span class='ocrx_word' id='word_1_54' title='bbox 314 808 463 850; x_wconf 80' lang='lat' dir='ltr'>Insula</span> <span class='ocrx_word' id='word_1_55' title='bbox 485 803 768 857; x_wconf 82' lang='lat' dir='ltr'>cornipedum</span> <span class='ocrx_word' id='word_1_56' title='bbox 789 800 941 854; x_wconf 86' lang='lat' dir='ltr'>pulsu,</span> <span class='ocrx_word' id='word_1_57' title='bbox 965 796 1237 849; x_wconf 82' lang='lat' dir='ltr'>strepituque</span> <span class='ocrx_word' id='word_1_58' title='bbox 1258 796 1467 833; x_wconf 84' lang='lat' dir='ltr'>rotarum.</span> 
     </span>
    </p>

    <p class='ocr_par' dir='ltr' id='par_1_8' title="bbox 313 861 1445 922">
     <span class='ocr_line' id='line_1_10' title="bbox 313 861 1445 922; baseline -0.017 -5"><span class='ocrx_word' id='word_1_59' title='bbox 313 876 463 917; x_wconf 82' lang='lat' dir='ltr'>Nosse</span> <span class='ocrx_word' id='word_1_60' title='bbox 481 886 558 913; x_wconf 83' lang='lat' dir='ltr'>nec</span> <span class='ocrx_word' id='word_1_61' title='bbox 580 871 775 922; x_wconf 73' lang='lat' dir='ltr'>aurigam</span> <span class='ocrx_word' id='word_1_62' title='bbox 796 867 944 918; x_wconf 83' lang='lat' dir='ltr'>licuit3</span> <span class='ocrx_word' id='word_1_63' title='bbox 977 876 1057 904; x_wconf 90' lang='lat' dir='ltr'>seu</span> <span class='ocrx_word' id='word_1_64' title='bbox 1076 861 1268 903; x_wconf 84' lang='lat' dir='ltr'>mortifer</span> <span class='ocrx_word' id='word_1_65' title='bbox 1290 863 1445 908; x_wconf 80' lang='lat' dir='ltr'>aestus,</span> 
     </span>
    </p>

    <p class='ocr_par' dir='ltr' id='par_1_9' title="bbox 316 927 1493 993">
     <span class='ocr_line' id='line_1_11' title="bbox 316 927 1493 993; baseline -0.016 -9"><span class='ocrx_word' id='word_1_66' title='bbox 316 944 405 984; x_wconf 89' lang='lat' dir='ltr'>Seu</span> <span class='ocrx_word' id='word_1_67' title='bbox 429 941 553 982; x_wconf 89' lang='lat' dir='ltr'>Mors</span> <span class='ocrx_word' id='word_1_68' title='bbox 572 939 672 993; x_wconf 80' lang='lat' dir='ltr'>ipsa</span> <span class='ocrx_word' id='word_1_69' title='bbox 688 937 783 977; x_wconf 87' lang='lat' dir='ltr'>fuit.</span> <span class='ocrx_word' id='word_1_70' title='bbox 845 934 986 975; x_wconf 91' lang='lat' dir='ltr'>Luror</span> <span class='ocrx_word' id='word_1_71' title='bbox 1002 933 1229 986; x_wconf 81' lang='lat' dir='ltr'>permanat</span> <span class='ocrx_word' id='word_1_72' title='bbox 1248 929 1293 968; x_wconf 90' lang='lat' dir='ltr'>in</span> <span class='ocrx_word' id='word_1_73' title='bbox 1310 927 1493 968; x_wconf 83' lang='lat' dir='ltr'>herbas:</span> 
     </span>
    </p>
   </div>
   <div class='ocr_carea' id='block_1_3' title="bbox 314 1040 1847 1314">
    <p class='ocr_par' dir='ltr' id='par_1_10' title="bbox 314 1040 1847 1314">
     <span class='ocr_line' id='line_1_12' title="bbox 316 1040 1783 1098; baseline -0.014 -9"><span class='ocrx_word' id='word_1_74' title='bbox 316 1056 389 1090; x_wconf 77' lang='lat' dir='ltr'>tra?</span> <span class='ocrx_word' id='word_1_75' title='bbox 413 1066 488 1098; x_wconf 73' lang='lat' dir='ltr'>qaas</span> <span class='ocrx_word' id='word_1_76' title='bbox 503 1066 561 1086; x_wconf 82' lang='lat' dir='ltr'>non</span> <span class='ocrx_word' id='word_1_77' title='bbox 576 1053 674 1095; x_wconf 76' lang='lat' dir='ltr'>effudi</span> <span class='ocrx_word' id='word_1_78' title='bbox 687 1061 791 1093; x_wconf 75' lang='lat' dir='ltr'>preces</span> <span class='ocrx_word' id='word_1_79' title='bbox 816 1047 934 1081; x_wconf 72' lang='lat' dir='ltr'>ranas?</span> <span class='ocrx_word' id='word_1_80' title='bbox 961 1050 1077 1080; x_wconf 78' lang='lat' dir='ltr'>Tamen</span> <span class='ocrx_word' id='word_1_81' title='bbox 1103 1047 1158 1077; x_wconf 72' lang='lat' dir='ltr'>illa</span> <span class='ocrx_word' id='word_1_82' title='bbox 1174 1044 1381 1085; x_wconf 83' lang='lat' dir='ltr'>Proserpina</span> <span class='ocrx_word' id='word_1_83' title='bbox 1395 1042 1486 1080; x_wconf 81' lang='lat' dir='ltr'>freta</span> <span class='ocrx_word' id='word_1_84' title='bbox 1511 1040 1630 1071; x_wconf 74' lang='lat' dir='ltr'>auxilio</span> <span class='ocrx_word' id='word_1_85' title='bbox 1645 1048 1783 1070; x_wconf 82' lang='lat' dir='ltr'>sororum</span> 
     </span>
     <span class='ocr_line' id='line_1_13' title="bbox 317 1081 1786 1138; baseline -0.015 -6"><span class='ocrx_word' id='word_1_86' title='bbox 317 1102 426 1133; x_wconf 81' lang='lat' dir='ltr'>evolat.</span> <span class='ocrx_word' id='word_1_87' title='bbox 473 1098 629 1138; x_wconf 68' lang='lat' dir='ltr'>Nympha*</span> <span class='ocrx_word' id='word_1_88' title='bbox 643 1096 765 1126; x_wconf 61' lang='lat' dir='ltr'>ancillae</span> <span class='ocrx_word' id='word_1_89' title='bbox 786 1097 854 1134; x_wconf 81' lang='lat' dir='ltr'>post</span> <span class='ocrx_word' id='word_1_90' title='bbox 868 1097 1056 1133; x_wconf 82' lang='lat' dir='ltr'>sequuntur</span> <span class='ocrx_word' id='word_1_91' title='bbox 1072 1092 1163 1129; x_wconf 83' lang='lat' dir='ltr'>longa</span> <span class='ocrx_word' id='word_1_92' title='bbox 1181 1088 1281 1119; x_wconf 81' lang='lat' dir='ltr'>serie:</span> <span class='ocrx_word' id='word_1_93' title='bbox 1304 1087 1376 1125; x_wconf 83' lang='lat' dir='ltr'>agri</span> <span class='ocrx_word' id='word_1_94' title='bbox 1399 1087 1549 1124; x_wconf 74' lang='lat' dir='ltr'>petuntur</span> <span class='ocrx_word' id='word_1_95' title='bbox 1564 1082 1666 1113; x_wconf 76' lang='lat' dir='ltr'>ornati</span> <span class='ocrx_word' id='word_1_96' title='bbox 1681 1081 1786 1112; x_wconf 79' lang='lat' dir='ltr'>herbis</span> 
     </span>
     <span class='ocr_line' id='line_1_14' title="bbox 314 1124 1785 1185; baseline -0.015 -10"><span class='ocrx_word' id='word_1_97' title='bbox 314 1143 484 1185; x_wconf 77' lang='lat' dir='ltr'>perpetuis,</span> <span class='ocrx_word' id='word_1_98' title='bbox 499 1148 528 1172; x_wconf 78' lang='lat' dir='ltr'>ct</span> <span class='ocrx_word' id='word_1_99' title='bbox 545 1141 595 1171; x_wconf 76' lang='lat' dir='ltr'>die</span> <span class='ocrx_word' id='word_1_100' title='bbox 610 1139 784 1170; x_wconf 69' lang='lat' dir='ltr'>subiacente</span> <span class='ocrx_word' id='word_1_101' title='bbox 799 1136 949 1176; x_wconf 77' lang='lat' dir='ltr'>colligunt</span> <span class='ocrx_word' id='word_1_102' title='bbox 966 1134 1080 1170; x_wconf 81' lang='lat' dir='ltr'>fiores,</span> <span class='ocrx_word' id='word_1_103' title='bbox 1097 1143 1163 1164; x_wconf 80' lang='lat' dir='ltr'>cum</span> <span class='ocrx_word' id='word_1_104' title='bbox 1181 1140 1307 1171; x_wconf 82' lang='lat' dir='ltr'>campus</span> <span class='ocrx_word' id='word_1_105' title='bbox 1321 1129 1460 1170; x_wconf 77' lang='lat' dir='ltr'>placidas</span> <span class='ocrx_word' id='word_1_106' title='bbox 1475 1126 1589 1158; x_wconf 83' lang='lat' dir='ltr'>albicat</span> <span class='ocrx_word' id='word_1_107' title='bbox 1602 1124 1738 1166; x_wconf 77' lang='lat' dir='ltr'>pruinis,</span> <span class='ocrx_word' id='word_1_108' title='bbox 1753 1127 1785 1154; x_wconf 79' lang='lat' dir='ltr'>et</span> 
     </span>
     <span class='ocr_line' id='line_1_15' title="bbox 315 1169 1787 1228; baseline -0.016 -9"><span class='ocrx_word' id='word_1_109' title='bbox 315 1191 409 1228; x_wconf 79' lang='lat' dir='ltr'>prata</span> <span class='ocrx_word' id='word_1_110' title='bbox 425 1185 567 1216; x_wconf 65' lang='lat' dir='ltr'>hauriunt</span> <span class='ocrx_word' id='word_1_111' title='bbox 580 1191 670 1213; x_wconf 45' lang='lat' dir='ltr'>*vor-es</span> <span class='ocrx_word' id='word_1_112' title='bbox 682 1181 804 1223; x_wconf 68' lang='lat' dir='ltr'>effisos.</span> <span class='ocrx_word' id='word_1_113' title='bbox 828 1182 872 1210; x_wconf 78' lang='lat' dir='ltr'>At</span> <span class='ocrx_word' id='word_1_114' title='bbox 889 1182 1048 1219; x_wconf 73' lang='lat' dir='ltr'>postquam</span> <span class='ocrx_word' id='word_1_115' title='bbox 1064 1177 1118 1207; x_wconf 78' lang='lat' dir='ltr'>Sol</span> <span class='ocrx_word' id='word_1_116' title='bbox 1140 1174 1286 1215; x_wconf 76' lang='lat' dir='ltr'>apparuit</span> <span class='ocrx_word' id='word_1_117' title='bbox 1302 1172 1450 1204; x_wconf 71' lang='lat' dir='ltr'>excelsior</span> <span class='ocrx_word' id='word_1_118' title='bbox 1466 1172 1497 1201; x_wconf 92' lang='lat' dir='ltr'>in</span> <span class='ocrx_word' id='word_1_119' title='bbox 1514 1169 1613 1200; x_wconf 77' lang='lat' dir='ltr'>medio</span> <span class='ocrx_word' id='word_1_120' title='bbox 1627 1177 1733 1204; x_wconf 80' lang='lat' dir='ltr'>cursu,</span> <span class='ocrx_word' id='word_1_121' title='bbox 1749 1176 1787 1197; x_wconf 84' lang='lat' dir='ltr'>en</span> 
     </span>
     <span class='ocr_line' id='line_1_16' title="bbox 318 1210 1847 1266; baseline -0.014 -5"><span class='ocrx_word' id='word_1_122' title='bbox 318 1241 382 1261; x_wconf 74' lang='lat' dir='ltr'>nox</span> <span class='ocrx_word' id='word_1_123' title='bbox 397 1233 468 1260; x_wconf 83' lang='lat' dir='ltr'>atra</span> <span class='ocrx_word' id='word_1_124' title='bbox 484 1227 586 1266; x_wconf 59' lang='lat' dir='ltr'>aufert</span> <span class='ocrx_word' id='word_1_125' title='bbox 607 1227 739 1259; x_wconf 69' lang='lat' dir='ltr'>tloelzmt;</span> <span class='ocrx_word' id='word_1_126' title='bbox 763 1228 791 1254; x_wconf 81' lang='lat' dir='ltr'>et</span> <span class='ocrx_word' id='word_1_127' title='bbox 816 1223 915 1253; x_wconf 75' lang='lat' dir='ltr'>insula</span> <span class='ocrx_word' id='word_1_128' title='bbox 930 1222 1046 1253; x_wconf 80' lang='lat' dir='ltr'>Sicilia</span> <span class='ocrx_word' id='word_1_129' title='bbox 1057 1222 1206 1251; x_wconf 76' lang='lat' dir='ltr'>commota</span> <span class='ocrx_word' id='word_1_130' title='bbox 1229 1216 1371 1258; x_wconf 79' lang='lat' dir='ltr'>qualitur</span> <span class='ocrx_word' id='word_1_131' title='bbox 1389 1214 1492 1245; x_wconf 70' lang='lat' dir='ltr'>sonitu</span> <span class='ocrx_word' id='word_1_132' title='bbox 1514 1221 1669 1252; x_wconf 79' lang='lat' dir='ltr'>equorum,</span> <span class='ocrx_word' id='word_1_133' title='bbox 1683 1213 1713 1241; x_wconf 83' lang='lat' dir='ltr'>et</span> <span class='ocrx_word' id='word_1_134' title='bbox 1728 1210 1787 1240; x_wconf 84' lang='lat' dir='ltr'>im-</span> <span class='ocrx_word' id='word_1_135' title='bbox 1843 1217 1847 1242; x_wconf 70' lang='grc' dir='ltr'><em>ι</em></span> 
     </span>
     <span class='ocr_line' id='line_1_17' title="bbox 316 1246 1846 1314; baseline -0.015 -9"><span class='ocrx_word' id='word_1_136' title='bbox 316 1273 409 1314; x_wconf 77' lang='lat' dir='ltr'>pulsu</span> <span class='ocrx_word' id='word_1_137' title='bbox 422 1281 539 1303; x_wconf 79' lang='lat' dir='ltr'>currus.</span> <span class='ocrx_word' id='word_1_138' title='bbox 565 1271 630 1301; x_wconf 80' lang='lat' dir='ltr'>Nec</span> <span class='ocrx_word' id='word_1_139' title='bbox 643 1268 732 1309; x_wconf 74' lang='lat' dir='ltr'>potui</span> <span class='ocrx_word' id='word_1_140' title='bbox 758 1275 939 1306; x_wconf 75' lang='lat' dir='ltr'>cognoscere</span> <span class='ocrx_word' id='word_1_141' title='bbox 965 1264 1126 1303; x_wconf 79' lang='lat' dir='ltr'>aurigam.-</span> <span class='ocrx_word' id='word_1_142' title='bbox 1148 1261 1212 1292; x_wconf 76' lang='lat' dir='ltr'>sive</span> <span class='ocrx_word' id='word_1_143' title='bbox 1237 1260 1367 1300; x_wconf 78' lang='lat' dir='ltr'>spiritus</span> <span class='ocrx_word' id='word_1_144' title='bbox 1393 1257 1494 1289; x_wconf 80' lang='lat' dir='ltr'>letalis</span> <span class='ocrx_word' id='word_1_145' title='bbox 1512 1255 1594 1296; x_wconf 79' lang='lat' dir='ltr'>suit,</span> <span class='ocrx_word' id='word_1_146' title='bbox 1617 1255 1680 1285; x_wconf 77' lang='lat' dir='ltr'>sive</span> <span class='ocrx_word' id='word_1_147' title='bbox 1706 1261 1788 1284; x_wconf 77' lang='lat' dir='ltr'>mors</span> <span class='ocrx_word' id='word_1_148' title='bbox 1843 1246 1846 1265; x_wconf 72' lang='lat'><em>³</em></span> 
     </span>
    </p>
   </div>
   <div class='ocr_carea' id='block_1_4' title="bbox 942 1346 1176 1360">
    <p class='ocr_par' dir='ltr' id='par_1_11' title="bbox 942 1346 1176 1360">
     <span class='ocr_line' id='line_1_18' title="bbox 942 1346 1176 1360; baseline -0.017 0"><span class='ocrx_word' id='word_1_149' title='bbox 942 1346 1176 1360; x_wconf 62' lang='lat' dir='ltr'>eeeeeeeeeeee</span> 
     </span>
    </p>
   </div>
   <div class='ocr_carea' id='block_1_5' title="bbox 322 1393 1846 2427">
    <p class='ocr_par' dir='ltr' id='par_1_12' title="bbox 322 1393 1846 2427">
     <span class='ocr_line' id='line_1_19' title="bbox 323 1393 1790 1456; baseline -0.017 -9"><span class='ocrx_word' id='word_1_150' title='bbox 323 1425 385 1456; x_wconf 90' lang='lat' dir='ltr'>pro</span> <span class='ocrx_word' id='word_1_151' title='bbox 400 1415 466 1445; x_wconf 82' lang='lat' dir='ltr'>ruit</span> <span class='ocrx_word' id='word_1_152' title='bbox 483 1415 565 1444; x_wconf 84' lang='lat' dir='ltr'>Exc.</span> <span class='ocrx_word' id='word_1_153' title='bbox 581 1412 706 1442; x_wconf 80' lang='lat' dir='ltr'>Petav.</span> <span class='ocrx_word' id='word_1_154' title='bbox 723 1410 945 1450; x_wconf 79' lang='lat' dir='ltr'>quart.—230</span> <span class='ocrx_word' id='word_1_155' title='bbox 972 1405 1126 1436; x_wconf 76' lang='lat' dir='ltr'>Praesidio</span> <span class='ocrx_word' id='word_1_156' title='bbox 1143 1404 1197 1434; x_wconf 86' lang='lat' dir='ltr'>vel</span> <span class='ocrx_word' id='word_1_157' title='bbox 1217 1400 1354 1432; x_wconf 77' lang='lat' dir='ltr'>consilio</span> <span class='ocrx_word' id='word_1_158' title='bbox 1379 1397 1500 1428; x_wconf 82' lang='lat' dir='ltr'>Ambr.</span> <span class='ocrx_word' id='word_1_159' title='bbox 1517 1396 1706 1426; x_wconf 81' lang='lat' dir='ltr'>tert.-23l</span> <span class='ocrx_word' id='word_1_160' title='bbox 1734 1393 1790 1423; x_wconf 90' lang='lat' dir='ltr'>In-</span> 
     </span>
     <span class='ocr_line' id='line_1_20' title="bbox 323 1437 1790 1496; baseline -0.015 -8"><span class='ocrx_word' id='word_1_161' title='bbox 323 1462 389 1489; x_wconf 83' lang='lat' dir='ltr'>trat</span> <span class='ocrx_word' id='word_1_162' title='bbox 406 1467 467 1496; x_wconf 89' lang='lat' dir='ltr'>pro</span> <span class='ocrx_word' id='word_1_163' title='bbox 485 1457 556 1485; x_wconf 78' lang='lat' dir='ltr'>Itur</span> <span class='ocrx_word' id='word_1_164' title='bbox 573 1456 659 1484; x_wconf 76' lang='lat' dir='ltr'>Exc.</span> <span class='ocrx_word' id='word_1_165' title='bbox 675 1453 797 1482; x_wconf 83' lang='lat' dir='ltr'>Petav.</span> <span class='ocrx_word' id='word_1_166' title='bbox 815 1454 926 1491; x_wconf 80' lang='lat' dir='ltr'>quart.</span> <span class='ocrx_word' id='word_1_167' title='bbox 943 1457 1063 1486; x_wconf 86' lang='lat' dir='ltr'>campos</span> <span class='ocrx_word' id='word_1_168' title='bbox 1078 1447 1157 1475; x_wconf 87' lang='lat' dir='ltr'>Vat.</span> <span class='ocrx_word' id='word_1_169' title='bbox 1183 1454 1233 1484; x_wconf 82' lang='lat' dir='ltr'>pr.</span> <span class='ocrx_word' id='word_1_170' title='bbox 1261 1442 1344 1473; x_wconf 89' lang='lat' dir='ltr'>Cod.</span> <span class='ocrx_word' id='word_1_171' title='bbox 1374 1439 1563 1471; x_wconf 79' lang='lat' dir='ltr'>Bartholin.</span> <span class='ocrx_word' id='word_1_172' title='bbox 1581 1437 1647 1468; x_wconf 91' lang='lat' dir='ltr'>duo</span> <span class='ocrx_word' id='word_1_173' title='bbox 1664 1437 1790 1467; x_wconf 87' lang='lat' dir='ltr'>Petav.</span> 
     </span>
     <span class='ocr_line' id='line_1_21' title="bbox 322 1479 1790 1536; baseline -0.014 -6"><span class='ocrx_word' id='word_1_174' title='bbox 322 1503 438 1530; x_wconf 76' lang='lat' dir='ltr'>montes</span> <span class='ocrx_word' id='word_1_175' title='bbox 467 1497 562 1528; x_wconf 81' lang='lat' dir='ltr'>Med.</span> <span class='ocrx_word' id='word_1_176' title='bbox 580 1500 691 1536; x_wconf 83' lang='lat' dir='ltr'>quart.</span> <span class='ocrx_word' id='word_1_177' title='bbox 718 1493 840 1524; x_wconf 85' lang='lat' dir='ltr'>Heius.</span> <span class='ocrx_word' id='word_1_178' title='bbox 868 1491 914 1522; x_wconf 89' lang='lat' dir='ltr'>H.</span> <span class='ocrx_word' id='word_1_179' title='bbox 943 1490 1060 1521; x_wconf 80' lang='lat' dir='ltr'>Ambr.</span> <span class='ocrx_word' id='word_1_180' title='bbox 1085 1493 1164 1518; x_wconf 82' lang='lat' dir='ltr'>tert.</span> <span class='ocrx_word' id='word_1_181' title='bbox 1189 1487 1278 1517; x_wconf 82' lang='lat' dir='ltr'>colles</span> <span class='ocrx_word' id='word_1_182' title='bbox 1303 1490 1370 1515; x_wconf 82' lang='lat' dir='ltr'>tres</span> <span class='ocrx_word' id='word_1_183' title='bbox 1396 1484 1492 1514; x_wconf 85' lang='lat' dir='ltr'>Vatt.</span> <span class='ocrx_word' id='word_1_184' title='bbox 1516 1485 1552 1512; x_wconf 89' lang='lat' dir='ltr'>et</span> <span class='ocrx_word' id='word_1_185' title='bbox 1577 1480 1609 1512; x_wconf 87' lang='lat' dir='ltr'>d.</span> <span class='ocrx_word' id='word_1_186' title='bbox 1630 1479 1705 1510; x_wconf 79' lang='lat' dir='ltr'>Pal.</span> <span class='ocrx_word' id='word_1_187' title='bbox 1722 1479 1790 1510; x_wconf 88' lang='lat' dir='ltr'>inc.</span> 
     </span>
     <span class='ocr_line' id='line_1_22' title="bbox 323 1522 1846 1575; baseline -0.015 -2"><span class='ocrx_word' id='word_1_188' title='bbox 323 1542 448 1573; x_wconf 86' lang='lat' dir='ltr'>Heins.</span> <span class='ocrx_word' id='word_1_189' title='bbox 465 1541 617 1571; x_wconf 89' lang='lat' dir='ltr'>Florent.</span> <span class='ocrx_word' id='word_1_190' title='bbox 634 1538 713 1568; x_wconf 89' lang='lat' dir='ltr'>Put.</span> <span class='ocrx_word' id='word_1_191' title='bbox 729 1537 812 1575; x_wconf 83' lang='lat' dir='ltr'>Reg.</span> <span class='ocrx_word' id='word_1_192' title='bbox 828 1535 949 1565; x_wconf 86' lang='lat' dir='ltr'>Petav.</span> <span class='ocrx_word' id='word_1_193' title='bbox 966 1542 1034 1562; x_wconf 88' lang='lat' dir='ltr'>sec.</span> <span class='ocrx_word' id='word_1_194' title='bbox 1049 1530 1181 1561; x_wconf 82' lang='lat' dir='ltr'>Tholos.</span> <span class='ocrx_word' id='word_1_195' title='bbox 1197 1529 1324 1559; x_wconf 86' lang='lat' dir='ltr'>Moret.</span> <span class='ocrx_word' id='word_1_196' title='bbox 1344 1536 1394 1565; x_wconf 86' lang='lat' dir='ltr'>pr.</span> <span class='ocrx_word' id='word_1_197' title='bbox 1411 1525 1524 1555; x_wconf 81' lang='lat' dir='ltr'>Oxon.</span> <span class='ocrx_word' id='word_1_198' title='bbox 1541 1533 1591 1562; x_wconf 88' lang='lat' dir='ltr'>pr.</span> <span class='ocrx_word' id='word_1_199' title='bbox 1608 1522 1674 1552; x_wconf 83' lang='lat' dir='ltr'>duo</span> <span class='ocrx_word' id='word_1_200' title='bbox 1690 1522 1792 1552; x_wconf 85' lang='lat' dir='ltr'>Voss.</span> <span class='ocrx_word' id='word_1_201' title='bbox 1842 1525 1846 1551; x_wconf 67' lang='lat' dir='ltr'>t</span> 
     </span>
     <span class='ocr_line' id='line_1_23' title="bbox 325 1564 1794 1621; baseline -0.016 -5"><span class='ocrx_word' id='word_1_202' title='bbox 325 1586 410 1616; x_wconf 82' lang='lat' dir='ltr'>Exc.</span> <span class='ocrx_word' id='word_1_203' title='bbox 427 1584 548 1614; x_wconf 81' lang='lat' dir='ltr'>Petav.</span> <span class='ocrx_word' id='word_1_204' title='bbox 565 1585 676 1621; x_wconf 80' lang='lat' dir='ltr'>quart.</span> <span class='ocrx_word' id='word_1_205' title='bbox 693 1579 782 1608; x_wconf 84' lang='lat' dir='ltr'>colles</span> <span class='ocrx_word' id='word_1_206' title='bbox 799 1577 852 1607; x_wconf 87' lang='lat' dir='ltr'>vel</span> <span class='ocrx_word' id='word_1_207' title='bbox 867 1578 985 1606; x_wconf 81' lang='lat' dir='ltr'>montes</span> <span class='ocrx_word' id='word_1_208' title='bbox 1000 1573 1096 1604; x_wconf 88' lang='lat' dir='ltr'>Med.</span> <span class='ocrx_word' id='word_1_209' title='bbox 1125 1573 1286 1611; x_wconf 62' lang='lat' dir='ltr'>[vn—232</span> <span class='ocrx_word' id='word_1_210' title='bbox 1309 1578 1378 1599; x_wconf 81' lang='lat' dir='ltr'>cum</span> <span class='ocrx_word' id='word_1_211' title='bbox 1401 1568 1466 1597; x_wconf 83' lang='lat' dir='ltr'>luce</span> <span class='ocrx_word' id='word_1_212' title='bbox 1483 1565 1601 1597; x_wconf 83' lang='lat' dir='ltr'>Ambr.</span> <span class='ocrx_word' id='word_1_213' title='bbox 1629 1568 1707 1595; x_wconf 86' lang='lat' dir='ltr'>tert.</span> <span class='ocrx_word' id='word_1_214' title='bbox 1730 1564 1794 1594; x_wconf 85' lang='lat' dir='ltr'>sole</span> 
     </span>
     <span class='ocr_line' id='line_1_24' title="bbox 327 1606 1791 1668; baseline -0.014 -10"><span class='ocrx_word' id='word_1_215' title='bbox 327 1637 390 1668; x_wconf 90' lang='lat' dir='ltr'>pro</span> <span class='ocrx_word' id='word_1_216' title='bbox 405 1635 474 1656; x_wconf 83' lang='lat' dir='ltr'>rore</span> <span class='ocrx_word' id='word_1_217' title='bbox 489 1625 622 1655; x_wconf 86' lang='lat' dir='ltr'>Tholos.</span> <span class='ocrx_word' id='word_1_218' title='bbox 639 1632 682 1652; x_wconf 90' lang='lat' dir='ltr'>m.</span> <span class='ocrx_word' id='word_1_219' title='bbox 700 1630 750 1660; x_wconf 86' lang='lat' dir='ltr'>pr.</span> <span class='ocrx_word' id='word_1_220' title='bbox 765 1628 890 1650; x_wconf 80' lang='lat' dir='ltr'>serenus</span> <span class='ocrx_word' id='word_1_221' title='bbox 904 1619 958 1648; x_wconf 86' lang='lat' dir='ltr'>vel</span> <span class='ocrx_word' id='word_1_222' title='bbox 979 1625 1083 1646; x_wconf 79' lang='lat' dir='ltr'>sereno</span> <span class='ocrx_word' id='word_1_223' title='bbox 1098 1615 1175 1645; x_wconf 83' lang='lat' dir='ltr'>Vat.</span> <span class='ocrx_word' id='word_1_224' title='bbox 1203 1623 1268 1643; x_wconf 84' lang='lat' dir='ltr'>sec.</span> <span class='ocrx_word' id='word_1_225' title='bbox 1284 1613 1384 1642; x_wconf 82' lang='lat' dir='ltr'>Voss.</span> <span class='ocrx_word' id='word_1_226' title='bbox 1411 1611 1588 1640; x_wconf 58' lang='lat' dir='ltr'>sem—233</span> <span class='ocrx_word' id='word_1_227' title='bbox 1613 1606 1707 1637; x_wconf 81' lang='lat' dir='ltr'>Albet</span> <span class='ocrx_word' id='word_1_228' title='bbox 1721 1611 1791 1637; x_wconf 89' lang='lat' dir='ltr'>vet.</span> 
     </span>
     <span class='ocr_line' id='line_1_25' title="bbox 327 1650 1794 1710; baseline -0.014 -10"><span class='ocrx_word' id='word_1_229' title='bbox 327 1670 412 1710; x_wconf 86' lang='lat' dir='ltr'>Gyr.</span> <span class='ocrx_word' id='word_1_230' title='bbox 431 1668 525 1707; x_wconf 80' lang='lat' dir='ltr'>Alget</span> <span class='ocrx_word' id='word_1_231' title='bbox 544 1675 661 1697; x_wconf 86' lang='lat' dir='ltr'>omnes</span> <span class='ocrx_word' id='word_1_232' title='bbox 676 1664 771 1693; x_wconf 79' lang='lat' dir='ltr'>Vatt.</span> <span class='ocrx_word' id='word_1_233' title='bbox 785 1662 859 1693; x_wconf 89' lang='lat' dir='ltr'>Pal.</span> <span class='ocrx_word' id='word_1_234' title='bbox 876 1660 959 1692; x_wconf 88' lang='lat' dir='ltr'>Cod.</span> <span class='ocrx_word' id='word_1_235' title='bbox 981 1657 1173 1689; x_wconf 82' lang='lat' dir='ltr'>Bartliolin.</span> <span class='ocrx_word' id='word_1_236' title='bbox 1191 1656 1257 1686; x_wconf 86' lang='lat' dir='ltr'>(luo</span> <span class='ocrx_word' id='word_1_237' title='bbox 1279 1655 1486 1685; x_wconf 54' lang='lat' dir='ltr'>Voss—234</span> <span class='ocrx_word' id='word_1_238' title='bbox 1508 1651 1612 1681; x_wconf 80' lang='lat' dir='ltr'>astitit</span> <span class='ocrx_word' id='word_1_239' title='bbox 1629 1650 1723 1680; x_wconf 75' lang='lat' dir='ltr'>altior</span> <span class='ocrx_word' id='word_1_240' title='bbox 1736 1650 1794 1680; x_wconf 79' lang='lat' dir='ltr'>axi.</span> 
     </span>
     <span class='ocr_line' id='line_1_26' title="bbox 327 1692 1843 1744; baseline -0.015 -1"><span class='ocrx_word' id='word_1_241' title='bbox 327 1713 458 1744; x_wconf 87' lang='lat' dir='ltr'>Bonon.</span> <span class='ocrx_word' id='word_1_242' title='bbox 474 1710 568 1740; x_wconf 81' lang='lat' dir='ltr'>altior</span> <span class='ocrx_word' id='word_1_243' title='bbox 583 1707 708 1738; x_wconf 71' lang='lat' dir='ltr'>exstitit</span> <span class='ocrx_word' id='word_1_244' title='bbox 720 1715 780 1736; x_wconf 66' lang='lat' dir='ltr'>axe</span> <span class='ocrx_word' id='word_1_245' title='bbox 799 1709 867 1735; x_wconf 86' lang='lat' dir='ltr'>vet.</span> <span class='ocrx_word' id='word_1_246' title='bbox 885 1704 971 1743; x_wconf 89' lang='lat' dir='ltr'>Gyr.</span> <span class='ocrx_word' id='word_1_247' title='bbox 995 1701 1092 1732; x_wconf 79' lang='lat' dir='ltr'>altius</span> <span class='ocrx_word' id='word_1_248' title='bbox 1114 1699 1237 1730; x_wconf 69' lang='lat' dir='ltr'>exstitit</span> <span class='ocrx_word' id='word_1_249' title='bbox 1261 1707 1320 1728; x_wconf 62' lang='lat' dir='ltr'>ase</span> <span class='ocrx_word' id='word_1_250' title='bbox 1333 1697 1413 1727; x_wconf 70' lang='lat' dir='ltr'>Vnt.</span> <span class='ocrx_word' id='word_1_251' title='bbox 1431 1705 1482 1736; x_wconf 89' lang='lat' dir='ltr'>pr.</span> <span class='ocrx_word' id='word_1_252' title='bbox 1500 1693 1583 1736; x_wconf 74' lang='lat' dir='ltr'>Cod.</span> <span class='ocrx_word' id='word_1_253' title='bbox 1601 1692 1792 1723; x_wconf 78' lang='lat' dir='ltr'>Bartholin.</span> <span class='ocrx_word' id='word_1_254' title='bbox 1842 1699 1843 1711; x_wconf 64' lang='lat'>¹</span> 
     </span>
     <span class='ocr_line' id='line_1_27' title="bbox 328 1734 1794 1786; baseline -0.014 -1"><span class='ocrx_word' id='word_1_255' title='bbox 328 1756 408 1785; x_wconf 88' lang='lat' dir='ltr'>Vat.</span> <span class='ocrx_word' id='word_1_256' title='bbox 423 1754 530 1784; x_wconf 84' lang='lat' dir='ltr'>Liviu.</span> <span class='ocrx_word' id='word_1_257' title='bbox 546 1751 648 1782; x_wconf 72' lang='lat' dir='ltr'>acrior</span> <span class='ocrx_word' id='word_1_258' title='bbox 664 1750 748 1780; x_wconf 83' lang='lat' dir='ltr'>Exc.</span> <span class='ocrx_word' id='word_1_259' title='bbox 765 1748 888 1779; x_wconf 85' lang='lat' dir='ltr'>Petav.</span> <span class='ocrx_word' id='word_1_260' title='bbox 907 1749 1017 1786; x_wconf 85' lang='lat' dir='ltr'>quart.</span> <span class='ocrx_word' id='word_1_261' title='bbox 1040 1744 1134 1773; x_wconf 81' lang='lat' dir='ltr'>altior</span> <span class='ocrx_word' id='word_1_262' title='bbox 1148 1741 1266 1772; x_wconf 77' lang='lat' dir='ltr'>institit</span> <span class='ocrx_word' id='word_1_263' title='bbox 1293 1741 1370 1770; x_wconf 83' lang='lat' dir='ltr'>Vat.</span> <span class='ocrx_word' id='word_1_264' title='bbox 1388 1748 1456 1769; x_wconf 83' lang='lat' dir='ltr'>sec.</span> <span class='ocrx_word' id='word_1_265' title='bbox 1475 1741 1510 1767; x_wconf 82' lang='lat' dir='ltr'>et</span> <span class='ocrx_word' id='word_1_266' title='bbox 1535 1736 1567 1768; x_wconf 89' lang='lat' dir='ltr'>d.</span> <span class='ocrx_word' id='word_1_267' title='bbox 1596 1734 1673 1766; x_wconf 81' lang='lat' dir='ltr'>Pal.</span> <span class='ocrx_word' id='word_1_268' title='bbox 1690 1735 1794 1766; x_wconf 77' lang='lat' dir='ltr'>astitit</span> 
     </span>
     <span class='ocr_line' id='line_1_28' title="bbox 327 1778 1793 1834; baseline -0.015 -5"><span class='ocrx_word' id='word_1_269' title='bbox 327 1797 397 1829; x_wconf 85' lang='lat' dir='ltr'>orbe</span> <span class='ocrx_word' id='word_1_270' title='bbox 425 1797 520 1826; x_wconf 67' lang='lat' dir='ltr'>Voss.</span> <span class='ocrx_word' id='word_1_271' title='bbox 551 1805 600 1834; x_wconf 81' lang='lat' dir='ltr'>pr.</span> <span class='ocrx_word' id='word_1_272' title='bbox 628 1793 753 1823; x_wconf 67' lang='lat' dir='ltr'>exstitit</span> <span class='ocrx_word' id='word_1_273' title='bbox 775 1790 841 1820; x_wconf 71' lang='lat' dir='ltr'>orbi</span> <span class='ocrx_word' id='word_1_274' title='bbox 867 1790 950 1820; x_wconf 81' lang='lat' dir='ltr'>Exc.</span> <span class='ocrx_word' id='word_1_275' title='bbox 977 1788 1099 1817; x_wconf 85' lang='lat' dir='ltr'>Petav.</span> <span class='ocrx_word' id='word_1_276' title='bbox 1116 1791 1226 1826; x_wconf 83' lang='lat' dir='ltr'>quart.</span> <span class='ocrx_word' id='word_1_277' title='bbox 1251 1783 1375 1813; x_wconf 67' lang='lat' dir='ltr'>exstitit</span> <span class='ocrx_word' id='word_1_278' title='bbox 1400 1791 1459 1812; x_wconf 75' lang='lat' dir='ltr'>aaee</span> <span class='ocrx_word' id='word_1_279' title='bbox 1474 1780 1556 1811; x_wconf 80' lang='lat' dir='ltr'>Vat.</span> <span class='ocrx_word' id='word_1_280' title='bbox 1574 1779 1679 1819; x_wconf 85' lang='lat' dir='ltr'>quint.</span> <span class='ocrx_word' id='word_1_281' title='bbox 1709 1778 1793 1817; x_wconf 84' lang='lat' dir='ltr'>Reg.</span> 
     </span>
     <span class='ocr_line' id='line_1_29' title="bbox 328 1819 1796 1872; baseline -0.016 0"><span class='ocrx_word' id='word_1_282' title='bbox 328 1841 462 1872; x_wconf 80' lang='lat' dir='ltr'>Tholos.</span> <span class='ocrx_word' id='word_1_283' title='bbox 479 1839 558 1871; x_wconf 87' lang='lat' dir='ltr'>Jun.</span> <span class='ocrx_word' id='word_1_284' title='bbox 574 1846 639 1867; x_wconf 77' lang='lat' dir='ltr'>sec,</span> <span class='ocrx_word' id='word_1_285' title='bbox 656 1835 775 1865; x_wconf 76' lang='lat' dir='ltr'>Ambr.</span> <span class='ocrx_word' id='word_1_286' title='bbox 791 1838 870 1863; x_wconf 83' lang='lat' dir='ltr'>tert.</span> <span class='ocrx_word' id='word_1_287' title='bbox 886 1842 944 1862; x_wconf 73' lang='lat' dir='ltr'>axe</span> <span class='ocrx_word' id='word_1_288' title='bbox 969 1831 1047 1860; x_wconf 84' lang='lat' dir='ltr'>Vat.</span> <span class='ocrx_word' id='word_1_289' title='bbox 1066 1833 1175 1869; x_wconf 82' lang='lat' dir='ltr'>quart.</span> <span class='ocrx_word' id='word_1_290' title='bbox 1200 1827 1322 1858; x_wconf 59' lang='lat' dir='ltr'>est-stitit</span> <span class='ocrx_word' id='word_1_291' title='bbox 1338 1826 1394 1856; x_wconf 68' lang='lat' dir='ltr'>axi</span> <span class='ocrx_word' id='word_1_292' title='bbox 1409 1824 1522 1855; x_wconf 79' lang='lat' dir='ltr'>Oxou.</span> <span class='ocrx_word' id='word_1_293' title='bbox 1538 1831 1589 1862; x_wconf 84' lang='lat' dir='ltr'>pr.</span> <span class='ocrx_word' id='word_1_294' title='bbox 1605 1821 1724 1852; x_wconf 77' lang='lat' dir='ltr'>institit</span> <span class='ocrx_word' id='word_1_295' title='bbox 1739 1819 1796 1850; x_wconf 76' lang='lat' dir='ltr'>axi</span> 
     </span>
     <span class='ocr_line' id='line_1_30' title="bbox 331 1863 1794 1915; baseline -0.016 0"><span class='ocrx_word' id='word_1_296' title='bbox 331 1883 483 1915; x_wconf 86' lang='lat' dir='ltr'>Floreut.</span> <span class='ocrx_word' id='word_1_297' title='bbox 502 1882 568 1912; x_wconf 87' lang='lat' dir='ltr'>duo</span> <span class='ocrx_word' id='word_1_298' title='bbox 586 1878 679 1910; x_wconf 81' lang='lat' dir='ltr'>Med.</span> <span class='ocrx_word' id='word_1_299' title='bbox 698 1877 819 1908; x_wconf 84' lang='lat' dir='ltr'>Heius.</span> <span class='ocrx_word' id='word_1_300' title='bbox 838 1875 881 1906; x_wconf 80' lang='lat' dir='ltr'>H.</span> <span class='ocrx_word' id='word_1_301' title='bbox 901 1880 935 1905; x_wconf 86' lang='lat' dir='ltr'>et</span> <span class='ocrx_word' id='word_1_302' title='bbox 953 1874 1017 1903; x_wconf 89' lang='lat' dir='ltr'>inc.</span> <span class='ocrx_word' id='word_1_303' title='bbox 1035 1872 1143 1912; x_wconf 81' lang='lat' dir='ltr'>ejusd.</span> <span class='ocrx_word' id='word_1_304' title='bbox 1166 1872 1245 1901; x_wconf 85' lang='lat' dir='ltr'>Put.</span> <span class='ocrx_word' id='word_1_305' title='bbox 1266 1876 1333 1899; x_wconf 78' lang='lat' dir='ltr'>tres</span> <span class='ocrx_word' id='word_1_306' title='bbox 1364 1868 1484 1898; x_wconf 88' lang='lat' dir='ltr'>Petav.</span> <span class='ocrx_word' id='word_1_307' title='bbox 1509 1866 1590 1898; x_wconf 87' lang='lat' dir='ltr'>Jun.</span> <span class='ocrx_word' id='word_1_308' title='bbox 1610 1874 1660 1904; x_wconf 85' lang='lat' dir='ltr'>pr.</span> <span class='ocrx_word' id='word_1_309' title='bbox 1679 1863 1794 1894; x_wconf 82' lang='lat' dir='ltr'>Oxon.</span> 
     </span>
     <span class='ocr_line' id='line_1_31' title="bbox 331 1908 1798 1960; baseline -0.014 -3"><span class='ocrx_word' id='word_1_310' title='bbox 331 1936 399 1957; x_wconf 88' lang='lat' dir='ltr'>sec.</span> <span class='ocrx_word' id='word_1_311' title='bbox 414 1926 496 1956; x_wconf 81' lang='lat' dir='ltr'>Var.</span> <span class='ocrx_word' id='word_1_312' title='bbox 514 1924 583 1954; x_wconf 89' lang='lat' dir='ltr'>LL.</span> <span class='ocrx_word' id='word_1_313' title='bbox 603 1933 620 1953; x_wconf 87' lang='lat' dir='ltr'>e</span> <span class='ocrx_word' id='word_1_314' title='bbox 639 1931 743 1960; x_wconf 77' lang='lat' dir='ltr'>marg.</span> <span class='ocrx_word' id='word_1_315' title='bbox 762 1920 875 1949; x_wconf 80' lang='lat' dir='ltr'>Parin.</span> <span class='ocrx_word' id='word_1_316' title='bbox 898 1916 1018 1947; x_wconf 78' lang='lat' dir='ltr'>institit</span> <span class='ocrx_word' id='word_1_317' title='bbox 1034 1915 1084 1945; x_wconf 76' lang='lat' dir='ltr'>vel</span> <span class='ocrx_word' id='word_1_318' title='bbox 1111 1913 1234 1944; x_wconf 69' lang='lat' dir='ltr'>exstitit</span> <span class='ocrx_word' id='word_1_319' title='bbox 1251 1913 1306 1942; x_wconf 56' lang='lat' dir='ltr'>ari</span> <span class='ocrx_word' id='word_1_320' title='bbox 1322 1912 1418 1941; x_wconf 77' lang='lat' dir='ltr'>Voss.</span> <span class='ocrx_word' id='word_1_321' title='bbox 1446 1910 1623 1940; x_wconf 60' lang='lat' dir='ltr'>seo—’235</span> <span class='ocrx_word' id='word_1_322' title='bbox 1648 1916 1710 1936; x_wconf 83' lang='lat' dir='ltr'>nox</span> <span class='ocrx_word' id='word_1_323' title='bbox 1725 1908 1798 1937; x_wconf 77' lang='lat' dir='ltr'>utra</span> 
     </span>
     <span class='ocr_line' id='line_1_32' title="bbox 330 1948 1797 2008; baseline -0.016 -8"><span class='ocrx_word' id='word_1_324' title='bbox 330 1970 413 2000; x_wconf 80' lang='lat' dir='ltr'>Vat.</span> <span class='ocrx_word' id='word_1_325' title='bbox 433 1978 481 2008; x_wconf 85' lang='lat' dir='ltr'>pr.</span> <span class='ocrx_word' id='word_1_326' title='bbox 499 1966 583 1998; x_wconf 81' lang='lat' dir='ltr'>Cod.</span> <span class='ocrx_word' id='word_1_327' title='bbox 602 1963 791 1995; x_wconf 82' lang='lat' dir='ltr'>Bartliolin.</span> <span class='ocrx_word' id='word_1_328' title='bbox 808 1962 946 1991; x_wconf 85' lang='lat' dir='ltr'>Tholos.</span> <span class='ocrx_word' id='word_1_329' title='bbox 962 1960 1044 1989; x_wconf 87' lang='lat' dir='ltr'>Vat.</span> <span class='ocrx_word' id='word_1_330' title='bbox 1061 1957 1170 1988; x_wconf 85' lang='lat' dir='ltr'>Livin.</span> <span class='ocrx_word' id='word_1_331' title='bbox 1190 1956 1279 1994; x_wconf 78' lang='lat' dir='ltr'>foeda</span> <span class='ocrx_word' id='word_1_332' title='bbox 1304 1955 1457 1985; x_wconf 85' lang='lat' dir='ltr'>Floreut.</span> <span class='ocrx_word' id='word_1_333' title='bbox 1482 1961 1559 1982; x_wconf 87' lang='lat' dir='ltr'>cum</span> <span class='ocrx_word' id='word_1_334' title='bbox 1576 1949 1697 1989; x_wconf 80' lang='lat' dir='ltr'>viginti</span> <span class='ocrx_word' id='word_1_335' title='bbox 1715 1948 1797 1979; x_wconf 87' lang='lat' dir='ltr'>duo-</span> 
     </span>
     <span class='ocr_line' id='line_1_33' title="bbox 332 1993 1798 2047; baseline -0.016 -4"><span class='ocrx_word' id='word_1_336' title='bbox 332 2012 394 2044; x_wconf 89' lang='lat' dir='ltr'>bus</span> <span class='ocrx_word' id='word_1_337' title='bbox 423 2012 507 2047; x_wconf 72' lang='lat' dir='ltr'>aliis,</span> <span class='ocrx_word' id='word_1_338' title='bbox 533 2008 612 2040; x_wconf 78' lang='lat' dir='ltr'>Aid.</span> <span class='ocrx_word' id='word_1_339' title='bbox 640 2012 675 2038; x_wconf 86' lang='lat' dir='ltr'>et</span> <span class='ocrx_word' id='word_1_340' title='bbox 702 2007 782 2036; x_wconf 69' lang='lat' dir='ltr'>var.</span> <span class='ocrx_word' id='word_1_341' title='bbox 810 2004 879 2035; x_wconf 92' lang='lat' dir='ltr'>LL.</span> <span class='ocrx_word' id='word_1_342' title='bbox 909 2014 925 2033; x_wconf 79' lang='lat' dir='ltr'>e</span> <span class='ocrx_word' id='word_1_343' title='bbox 952 2011 1058 2041; x_wconf 81' lang='lat' dir='ltr'>marg.</span> <span class='ocrx_word' id='word_1_344' title='bbox 1085 2001 1201 2030; x_wconf 76' lang='lat' dir='ltr'>Parni.</span> <span class='ocrx_word' id='word_1_345' title='bbox 1228 1998 1313 2037; x_wconf 82' lang='lat' dir='ltr'>rapit</span> <span class='ocrx_word' id='word_1_346' title='bbox 1343 1997 1394 2026; x_wconf 77' lang='lat' dir='ltr'>vel</span> <span class='ocrx_word' id='word_1_347' title='bbox 1421 1995 1502 2034; x_wconf 81' lang='lat' dir='ltr'>tegit</span> <span class='ocrx_word' id='word_1_348' title='bbox 1527 1993 1644 2024; x_wconf 84' lang='lat' dir='ltr'>Ainbr.</span> <span class='ocrx_word' id='word_1_349' title='bbox 1670 1996 1798 2022; x_wconf 86' lang='lat' dir='ltr'>tert.—</span> 
     </span>
     <span class='ocr_line' id='line_1_34' title="bbox 334 2035 1797 2094; baseline -0.016 -8"><span class='ocrx_word' id='word_1_350' title='bbox 334 2057 398 2086; x_wconf 80' lang='lat'>236</span> <span class='ocrx_word' id='word_1_351' title='bbox 419 2055 506 2094; x_wconf 79' lang='lat' dir='ltr'>pulsu</span> <span class='ocrx_word' id='word_1_352' title='bbox 522 2052 713 2091; x_wconf 79' lang='lat' dir='ltr'>strepituque</span> <span class='ocrx_word' id='word_1_353' title='bbox 728 2050 860 2079; x_wconf 87' lang='lat' dir='ltr'>Bonon.</span> <span class='ocrx_word' id='word_1_354' title='bbox 877 2046 1009 2086; x_wconf 74' lang='lat' dir='ltr'>strepitu</span> <span class='ocrx_word' id='word_1_355' title='bbox 1021 2044 1168 2084; x_wconf 76' lang='lat' dir='ltr'>pulsuque</span> <span class='ocrx_word' id='word_1_356' title='bbox 1184 2043 1262 2072; x_wconf 79' lang='lat' dir='ltr'>Vat.</span> <span class='ocrx_word' id='word_1_357' title='bbox 1279 2050 1346 2071; x_wconf 77' lang='lat' dir='ltr'>sec.</span> <span class='ocrx_word' id='word_1_358' title='bbox 1371 2040 1450 2070; x_wconf 80' lang='lat' dir='ltr'>Put.</span> <span class='ocrx_word' id='word_1_359' title='bbox 1468 2038 1552 2077; x_wconf 77' lang='lat' dir='ltr'>Reg.</span> <span class='ocrx_word' id='word_1_360' title='bbox 1576 2041 1645 2066; x_wconf 81' lang='lat' dir='ltr'>tres</span> <span class='ocrx_word' id='word_1_361' title='bbox 1674 2035 1797 2065; x_wconf 86' lang='lat' dir='ltr'>Petav.</span> 
     </span>
     <span class='ocr_line' id='line_1_35' title="bbox 333 2077 1799 2135; baseline -0.015 -7"><span class='ocrx_word' id='word_1_362' title='bbox 333 2098 420 2128; x_wconf 85' lang='lat' dir='ltr'>Exc.</span> <span class='ocrx_word' id='word_1_363' title='bbox 438 2097 560 2127; x_wconf 81' lang='lat' dir='ltr'>Petav.</span> <span class='ocrx_word' id='word_1_364' title='bbox 579 2099 690 2135; x_wconf 86' lang='lat' dir='ltr'>quart.</span> <span class='ocrx_word' id='word_1_365' title='bbox 708 2092 812 2123; x_wconf 76' lang='lat' dir='ltr'>Gem.</span> <span class='ocrx_word' id='word_1_366' title='bbox 830 2096 863 2120; x_wconf 85' lang='lat' dir='ltr'>et</span> <span class='ocrx_word' id='word_1_367' title='bbox 877 2090 929 2119; x_wconf 85' lang='lat' dir='ltr'>ed.</span> <span class='ocrx_word' id='word_1_368' title='bbox 948 2089 1086 2127; x_wconf 80' lang='lat' dir='ltr'>Bipont.</span> <span class='ocrx_word' id='word_1_369' title='bbox 1110 2095 1201 2116; x_wconf 74' lang='lat' dir='ltr'>cursu</span> <span class='ocrx_word' id='word_1_370' title='bbox 1224 2084 1414 2123; x_wconf 74' lang='lat' dir='ltr'>strepituque</span> <span class='ocrx_word' id='word_1_371' title='bbox 1429 2082 1508 2111; x_wconf 81' lang='lat' dir='ltr'>Vat.</span> <span class='ocrx_word' id='word_1_372' title='bbox 1532 2089 1581 2117; x_wconf 82' lang='lat' dir='ltr'>pr.</span> <span class='ocrx_word' id='word_1_373' title='bbox 1598 2079 1662 2108; x_wconf 85' lang='lat' dir='ltr'>inc.</span> <span class='ocrx_word' id='word_1_374' title='bbox 1680 2077 1799 2107; x_wconf 85' lang='lat' dir='ltr'>Heius.</span> 
     </span>
     <span class='ocr_line' id='line_1_36' title="bbox 333 2119 1798 2176; baseline -0.015 -5"><span class='ocrx_word' id='word_1_375' title='bbox 333 2141 415 2170; x_wconf 90' lang='lat' dir='ltr'>Var.</span> <span class='ocrx_word' id='word_1_376' title='bbox 437 2140 503 2170; x_wconf 85' lang='lat' dir='ltr'>LL.</span> <span class='ocrx_word' id='word_1_377' title='bbox 533 2150 549 2167; x_wconf 77' lang='lat' dir='ltr'>e</span> <span class='ocrx_word' id='word_1_378' title='bbox 576 2147 681 2176; x_wconf 79' lang='lat' dir='ltr'>marg.</span> <span class='ocrx_word' id='word_1_379' title='bbox 705 2136 819 2165; x_wconf 83' lang='lat' dir='ltr'>Parin.</span> <span class='ocrx_word' id='word_1_380' title='bbox 845 2134 1015 2173; x_wconf 79' lang='lat' dir='ltr'>plausuque</span> <span class='ocrx_word' id='word_1_381' title='bbox 1037 2130 1118 2159; x_wconf 81' lang='lat' dir='ltr'>Vat.</span> <span class='ocrx_word' id='word_1_382' title='bbox 1144 2133 1222 2159; x_wconf 85' lang='lat' dir='ltr'>tert.</span> <span class='ocrx_word' id='word_1_383' title='bbox 1248 2135 1395 2166; x_wconf 68' lang='lat' dir='ltr'>cursuque</span> <span class='ocrx_word' id='word_1_384' title='bbox 1421 2123 1504 2154; x_wconf 83' lang='lat' dir='ltr'>Cod.</span> <span class='ocrx_word' id='word_1_385' title='bbox 1531 2121 1719 2152; x_wconf 82' lang='lat' dir='ltr'>Bartliolin.</span> <span class='ocrx_word' id='word_1_386' title='bbox 1743 2119 1798 2150; x_wconf 87' lang='lat' dir='ltr'>ed.</span> 
     </span>
     <span class='ocr_line' id='line_1_37' title="bbox 335 2162 1801 2222; baseline -0.014 -9"><span class='ocrx_word' id='word_1_387' title='bbox 335 2183 447 2214; x_wconf 82' lang='lat' dir='ltr'>Vicet.</span> <span class='ocrx_word' id='word_1_388' title='bbox 464 2183 610 2222; x_wconf 78' lang='lat' dir='ltr'>pulsuque</span> <span class='ocrx_word' id='word_1_389' title='bbox 638 2180 704 2209; x_wconf 77' lang='lat' dir='ltr'>(luo</span> <span class='ocrx_word' id='word_1_390' title='bbox 730 2178 810 2209; x_wconf 85' lang='lat' dir='ltr'>Jun.</span> <span class='ocrx_word' id='word_1_391' title='bbox 841 2176 907 2205; x_wconf 88' lang='lat' dir='ltr'>duo</span> <span class='ocrx_word' id='word_1_392' title='bbox 937 2175 1050 2204; x_wconf 74' lang='lat' dir='ltr'>Oxou.</span> <span class='ocrx_word' id='word_1_393' title='bbox 1079 2171 1261 2201; x_wconf 61' lang='lat' dir='ltr'>,2xl‹l.-237</span> <span class='ocrx_word' id='word_1_394' title='bbox 1286 2168 1453 2207; x_wconf 76' lang='lat' dir='ltr'>augurium</span> <span class='ocrx_word' id='word_1_395' title='bbox 1478 2175 1539 2205; x_wconf 90' lang='lat' dir='ltr'>pro</span> <span class='ocrx_word' id='word_1_396' title='bbox 1563 2164 1707 2201; x_wconf 77' lang='lat' dir='ltr'>aurigam</span> <span class='ocrx_word' id='word_1_397' title='bbox 1724 2162 1801 2194; x_wconf 88' lang='lat' dir='ltr'>Pal.</span> 
     </span>
     <span class='ocr_line' id='line_1_38' title="bbox 339 2205 1800 2264; baseline -0.014 -9"><span class='ocrx_word' id='word_1_398' title='bbox 339 2225 434 2256; x_wconf 89' lang='lat' dir='ltr'>Med.</span> <span class='ocrx_word' id='word_1_399' title='bbox 451 2235 501 2264; x_wconf 81' lang='lat' dir='ltr'>pr.</span> <span class='ocrx_word' id='word_1_400' title='bbox 522 2223 639 2254; x_wconf 79' lang='lat' dir='ltr'>Ambr.</span> <span class='ocrx_word' id='word_1_401' title='bbox 658 2225 736 2252; x_wconf 85' lang='lat' dir='ltr'>tert.</span> <span class='ocrx_word' id='word_1_402' title='bbox 755 2220 842 2250; x_wconf 77' lang='lat' dir='ltr'>licuit</span> <span class='ocrx_word' id='word_1_403' title='bbox 865 2217 954 2254; x_wconf 65' lang='lat' dir='ltr'><strong><em>mihi,</em></strong></span> <span class='ocrx_word' id='word_1_404' title='bbox 978 2214 1118 2252; x_wconf 67' lang='lat' dir='ltr'>mortifer</span> <span class='ocrx_word' id='word_1_405' title='bbox 1141 2215 1194 2243; x_wconf 77' lang='lat' dir='ltr'>ille</span> <span class='ocrx_word' id='word_1_406' title='bbox 1217 2213 1296 2245; x_wconf 80' lang='lat' dir='ltr'>Jun.</span> <span class='ocrx_word' id='word_1_407' title='bbox 1321 2220 1388 2241; x_wconf 82' lang='lat' dir='ltr'>sec.</span> <span class='ocrx_word' id='word_1_408' title='bbox 1413 2210 1464 2239; x_wconf 82' lang='lat' dir='ltr'>sed</span> <span class='ocrx_word' id='word_1_409' title='bbox 1489 2205 1631 2242; x_wconf 81' lang='lat' dir='ltr'>mortifer</span> <span class='ocrx_word' id='word_1_410' title='bbox 1649 2206 1800 2236; x_wconf 86' lang='lat' dir='ltr'>Florent.</span> 
     </span>
     <span class='ocr_line' id='line_1_39' title="bbox 335 2247 1800 2308; baseline -0.015 -9"><span class='ocrx_word' id='word_1_411' title='bbox 335 2268 389 2299; x_wconf 78' lang='lat' dir='ltr'>ille</span> <span class='ocrx_word' id='word_1_412' title='bbox 407 2278 467 2308; x_wconf 87' lang='lat' dir='ltr'>pro</span> <span class='ocrx_word' id='word_1_413' title='bbox 482 2271 577 2297; x_wconf 59' lang='lat' dir='ltr'>(estus</span> <span class='ocrx_word' id='word_1_414' title='bbox 594 2274 708 2296; x_wconf 56' lang='lat' dir='ltr'>omues·</span> <span class='ocrx_word' id='word_1_415' title='bbox 720 2264 814 2293; x_wconf 80' lang='lat' dir='ltr'>Valt.</span> <span class='ocrx_word' id='word_1_416' title='bbox 833 2261 907 2291; x_wconf 81' lang='lat' dir='ltr'>Pal.</span> <span class='ocrx_word' id='word_1_417' title='bbox 925 2259 1007 2291; x_wconf 89' lang='lat' dir='ltr'>Cod.</span> <span class='ocrx_word' id='word_1_418' title='bbox 1024 2257 1214 2288; x_wconf 69' lang='lat' dir='ltr'>Bartholin.</span> <span class='ocrx_word' id='word_1_419' title='bbox 1234 2255 1345 2286; x_wconf 84' lang='lat' dir='ltr'>Oxou.</span> <span class='ocrx_word' id='word_1_420' title='bbox 1364 2263 1414 2292; x_wconf 87' lang='lat' dir='ltr'>pr.</span> <span class='ocrx_word' id='word_1_421' title='bbox 1427 2251 1579 2282; x_wconf 73' lang='lat' dir='ltr'>chartac.</span> <span class='ocrx_word' id='word_1_422' title='bbox 1597 2249 1716 2291; x_wconf 75' lang='lat' dir='ltr'>Heius.</span> <span class='ocrx_word' id='word_1_423' title='bbox 1733 2247 1800 2278; x_wconf 91' lang='lat' dir='ltr'>duo</span> 
     </span>
     <span class='ocr_line' id='line_1_40' title="bbox 338 2291 1801 2344; baseline -0.015 -3"><span class='ocrx_word' id='word_1_424' title='bbox 338 2310 418 2344; x_wconf 83' lang='lat' dir='ltr'>Jun.</span> <span class='ocrx_word' id='word_1_425' title='bbox 434 2311 502 2340; x_wconf 87' lang='lat' dir='ltr'>duo</span> <span class='ocrx_word' id='word_1_426' title='bbox 518 2310 724 2339; x_wconf 46' lang='lat' dir='ltr'>Voss—238</span> <span class='ocrx_word' id='word_1_427' title='bbox 747 2315 827 2336; x_wconf 86' lang='lat' dir='ltr'>mors</span> <span class='ocrx_word' id='word_1_428' title='bbox 842 2305 895 2334; x_wconf 75' lang='lat' dir='ltr'>illa</span> <span class='ocrx_word' id='word_1_429' title='bbox 923 2303 1043 2332; x_wconf 82' lang='lat' dir='ltr'>l’etav.</span> <span class='ocrx_word' id='word_1_430' title='bbox 1069 2310 1134 2330; x_wconf 78' lang='lat' dir='ltr'>sec.</span> <span class='ocrx_word' id='word_1_431' title='bbox 1155 2299 1232 2328; x_wconf 71' lang='lat' dir='ltr'>livor</span> <span class='ocrx_word' id='word_1_432' title='bbox 1259 2305 1373 2326; x_wconf 83' lang='lat' dir='ltr'>omues</span> <span class='ocrx_word' id='word_1_433' title='bbox 1389 2295 1484 2325; x_wconf 78' lang='lat' dir='ltr'>Vatt.</span> <span class='ocrx_word' id='word_1_434' title='bbox 1515 2293 1589 2322; x_wconf 84' lang='lat' dir='ltr'>Pal.</span> <span class='ocrx_word' id='word_1_435' title='bbox 1619 2291 1702 2322; x_wconf 86' lang='lat' dir='ltr'>Cod.</span> <span class='ocrx_word' id='word_1_436' title='bbox 1718 2291 1801 2320; x_wconf 84' lang='lat' dir='ltr'>Bar-</span> 
     </span>
     <span class='ocr_line' id='line_1_41' title="bbox 338 2336 1802 2390; baseline -0.015 -6"><span class='ocrx_word' id='word_1_437' title='bbox 338 2353 456 2384; x_wconf 85' lang='lat' dir='ltr'>tholin.</span> <span class='ocrx_word' id='word_1_438' title='bbox 474 2357 541 2382; x_wconf 72' lang='lat' dir='ltr'>vet.</span> <span class='ocrx_word' id='word_1_439' title='bbox 558 2352 643 2390; x_wconf 74' lang='lat' dir='ltr'>Gyr.</span> <span class='ocrx_word' id='word_1_440' title='bbox 662 2349 728 2379; x_wconf 91' lang='lat' dir='ltr'>duo</span> <span class='ocrx_word' id='word_1_441' title='bbox 746 2349 825 2380; x_wconf 88' lang='lat' dir='ltr'>Jun.</span> <span class='ocrx_word' id='word_1_442' title='bbox 843 2346 985 2377; x_wconf 78' lang='lat' dir='ltr'>totidem</span> <span class='ocrx_word' id='word_1_443' title='bbox 1003 2344 1100 2373; x_wconf 75' lang='lat' dir='ltr'>Voss.</span> <span class='ocrx_word' id='word_1_444' title='bbox 1119 2347 1152 2371; x_wconf 86' lang='lat' dir='ltr'>et</span> <span class='ocrx_word' id='word_1_445' title='bbox 1171 2341 1281 2371; x_wconf 71' lang='lat' dir='ltr'>Oxon.</span> <span class='ocrx_word' id='word_1_446' title='bbox 1305 2339 1390 2369; x_wconf 76' lang='lat' dir='ltr'>Exc.</span> <span class='ocrx_word' id='word_1_447' title='bbox 1414 2337 1546 2367; x_wconf 75' lang='lat' dir='ltr'>Schott.</span> <span class='ocrx_word' id='word_1_448' title='bbox 1562 2336 1645 2365; x_wconf 77' lang='lat' dir='ltr'>lutor</span> <span class='ocrx_word' id='word_1_449' title='bbox 1658 2343 1802 2374; x_wconf 80' lang='lat' dir='ltr'>perman-</span> 
     </span>
     <span class='ocr_line' id='line_1_42' title="bbox 338 2376 1802 2427; baseline -0.014 0"><span class='ocrx_word' id='word_1_450' title='bbox 338 2397 380 2427; x_wconf 85' lang='lat' dir='ltr'>sz&#39;t</span> <span class='ocrx_word' id='word_1_451' title='bbox 395 2396 429 2426; x_wconf 82' lang='lat' dir='ltr'>in</span> <span class='ocrx_word' id='word_1_452' title='bbox 444 2395 545 2426; x_wconf 77' lang='lat' dir='ltr'>herbis</span> <span class='ocrx_word' id='word_1_453' title='bbox 561 2393 640 2424; x_wconf 89' lang='lat' dir='ltr'>edd.</span> <span class='ocrx_word' id='word_1_454' title='bbox 656 2393 768 2423; x_wconf 84' lang='lat' dir='ltr'>Vicet.</span> <span class='ocrx_word' id='word_1_455' title='bbox 785 2390 897 2421; x_wconf 75' lang='lat' dir='ltr'>Parin.</span> <span class='ocrx_word' id='word_1_456' title='bbox 914 2388 1010 2420; x_wconf 87' lang='lat' dir='ltr'>Junt.</span> <span class='ocrx_word' id='word_1_457' title='bbox 1023 2386 1144 2425; x_wconf 81' lang='lat' dir='ltr'>Isiugr.</span> <span class='ocrx_word' id='word_1_458' title='bbox 1162 2388 1198 2414; x_wconf 85' lang='lat' dir='ltr'>et</span> <span class='ocrx_word' id='word_1_459' title='bbox 1214 2383 1257 2413; x_wconf 86' lang='lat' dir='ltr'>al.</span> <span class='ocrx_word' id='word_1_460' title='bbox 1273 2383 1433 2422; x_wconf 79' lang='lat' dir='ltr'>permanat</span> <span class='ocrx_word' id='word_1_461' title='bbox 1448 2380 1480 2410; x_wconf 84' lang='lat' dir='ltr'>in</span> <span class='ocrx_word' id='word_1_462' title='bbox 1495 2378 1605 2409; x_wconf 72' lang='lat' dir='ltr'>herbas</span> <span class='ocrx_word' id='word_1_463' title='bbox 1616 2376 1697 2408; x_wconf 74' lang='lat' dir='ltr'>P‘ut.</span> <span class='ocrx_word' id='word_1_464' title='bbox 1712 2376 1802 2416; x_wconf 84' lang='lat' dir='ltr'>Reg.</span> 
     </span>
    </p>
   </div>
   <div class='ocr_carea' id='block_1_6' title="bbox 1793 0 1851 1525">
    <p class='ocr_par' dir='ltr' id='par_1_13' title="bbox 1793 0 1851 1525">
     <span class='ocr_line' id='line_1_43' title="bbox 1793 0 1851 1525; baseline 0 0"><span class='ocrx_word' id='word_1_465' title='bbox 1793 0 1851 1525; x_wconf 95' lang='lat' dir='ltr'> </span> 
     </span>
    </p>
   </div>
   <div class='ocr_carea' id='block_1_7' title="bbox 344 2470 1804 2642">
    <p class='ocr_par' dir='ltr' id='par_1_14' title="bbox 344 2470 1804 2642">
     <span class='ocr_line' id='line_1_44' title="bbox 998 2470 1139 2503; baseline -0.014 0"><span class='ocrx_word' id='word_1_466' title='bbox 998 2472 1050 2503; x_wconf 86' lang='lat' dir='ltr'>N(</span> <span class='ocrx_word' id='word_1_467' title='bbox 1055 2470 1139 2503; x_wconf 83' lang='lat' dir='ltr'>›TAE</span> 
     </span>
     <span class='ocr_line' id='line_1_45' title="bbox 385 2531 1803 2587; baseline -0.016 -4"><span class='ocrx_word' id='word_1_468' title='bbox 385 2554 449 2584; x_wconf 77' lang='lat'>232</span> <span class='ocrx_word' id='word_1_469' title='bbox 466 2551 549 2581; x_wconf 69' lang='lat' dir='ltr'>Rure</span> <span class='ocrx_word' id='word_1_470' title='bbox 565 2547 662 2587; x_wconf 78' lang='lat' dir='ltr'>albet]</span> <span class='ocrx_word' id='word_1_471' title='bbox 687 2545 728 2578; x_wconf 91' lang='lat' dir='ltr'>Id</span> <span class='ocrx_word' id='word_1_472' title='bbox 746 2551 811 2583; x_wconf 88' lang='lat' dir='ltr'>est,</span> <span class='ocrx_word' id='word_1_473' title='bbox 827 2542 969 2585; x_wconf 81' lang='lat' dir='ltr'>pruinis,</span> <span class='ocrx_word' id='word_1_474' title='bbox 986 2551 1046 2572; x_wconf 86' lang='lat' dir='ltr'>seu</span> <span class='ocrx_word' id='word_1_475' title='bbox 1143 2542 1205 2571; x_wconf 80' lang='lat'>238</span> <span class='ocrx_word' id='word_1_476' title='bbox 1229 2539 1332 2569; x_wconf 79' lang='lat' dir='ltr'>Luror</span> <span class='ocrx_word' id='word_1_477' title='bbox 1345 2533 1522 2576; x_wconf 83' lang='lat' dir='ltr'>permanat]</span> <span class='ocrx_word' id='word_1_478' title='bbox 1554 2533 1657 2564; x_wconf 88' lang='lat' dir='ltr'>Color</span> <span class='ocrx_word' id='word_1_479' title='bbox 1671 2531 1803 2562; x_wconf 85' lang='lat' dir='ltr'>luridus</span> 
     </span>
     <span class='ocr_line' id='line_1_46' title="bbox 344 2581 1804 2642; baseline -0.017 -7"><span class='ocrx_word' id='word_1_480' title='bbox 344 2603 421 2636; x_wconf 82' lang='lat' dir='ltr'>albo</span> <span class='ocrx_word' id='word_1_481' title='bbox 438 2602 527 2642; x_wconf 86' lang='lat' dir='ltr'>gelu.</span> <span class='ocrx_word' id='word_1_482' title='bbox 1101 2596 1202 2631; x_wconf 83' lang='lat' dir='ltr'>atque</span> <span class='ocrx_word' id='word_1_483' title='bbox 1218 2589 1313 2629; x_wconf 78' lang='lat' dir='ltr'>niger</span> <span class='ocrx_word' id='word_1_484' title='bbox 1329 2590 1488 2627; x_wconf 85' lang='lat' dir='ltr'>penetrat</span> <span class='ocrx_word' id='word_1_485' title='bbox 1514 2583 1646 2621; x_wconf 71' lang='lat' dir='ltr'>heu-bas,</span> <span class='ocrx_word' id='word_1_486' title='bbox 1666 2588 1701 2612; x_wconf 89' lang='lat' dir='ltr'>et</span> <span class='ocrx_word' id='word_1_487' title='bbox 1726 2581 1804 2612; x_wconf 86' lang='lat' dir='ltr'>ideo</span> 
     </span>
    </p>
   </div>
   <div class='ocr_carea' id='block_1_8' title="bbox 345 2631 1806 2840">
    <p class='ocr_par' dir='ltr' id='par_1_15' title="bbox 345 2631 1806 2840">
     <span class='ocr_line' id='line_1_47' title="bbox 387 2631 1805 2688; baseline -0.016 -5"><span class='ocrx_word' id='word_1_488' title='bbox 387 2656 449 2685; x_wconf 81' lang='lat'>235</span> <span class='ocrx_word' id='word_1_489' title='bbox 474 2652 584 2682; x_wconf 74' lang='lat' dir='ltr'>Polum</span> <span class='ocrx_word' id='word_1_490' title='bbox 599 2648 698 2688; x_wconf 79' lang='lat' dir='ltr'>rapit]</span> <span class='ocrx_word' id='word_1_491' title='bbox 731 2645 844 2686; x_wconf 89' lang='lat' dir='ltr'>Eripit</span> <span class='ocrx_word' id='word_1_492' title='bbox 872 2653 914 2674; x_wconf 86' lang='lat' dir='ltr'>ex</span> <span class='ocrx_word' id='word_1_493' title='bbox 941 2641 1048 2674; x_wconf 88' lang='lat' dir='ltr'>oculis</span> <span class='ocrx_word' id='word_1_494' title='bbox 1101 2646 1244 2671; x_wconf 80' lang='lat' dir='ltr'>mortem</span> <span class='ocrx_word' id='word_1_495' title='bbox 1273 2648 1346 2669; x_wconf 80' lang='lat' dir='ltr'>esse</span> <span class='ocrx_word' id='word_1_496' title='bbox 1371 2635 1535 2667; x_wconf 82' lang='lat' dir='ltr'>credebat</span> <span class='ocrx_word' id='word_1_497' title='bbox 1559 2634 1709 2670; x_wconf 77' lang='lat' dir='ltr'>Electra,</span> <span class='ocrx_word' id='word_1_498' title='bbox 1724 2631 1805 2672; x_wconf 79' lang='lat' dir='ltr'>quia</span> 
     </span>
     <span class='ocr_line' id='line_1_48' title="bbox 346 2680 1806 2737; baseline -0.017 0"><span class='ocrx_word' id='word_1_499' title='bbox 346 2705 466 2737; x_wconf 85' lang='lat' dir='ltr'>coelum</span> <span class='ocrx_word' id='word_1_500' title='bbox 483 2708 517 2733; x_wconf 88' lang='lat' dir='ltr'>et</span> <span class='ocrx_word' id='word_1_501' title='bbox 533 2701 631 2731; x_wconf 86' lang='lat' dir='ltr'>diem.</span> <span class='ocrx_word' id='word_1_502' title='bbox 654 2697 838 2737; x_wconf 79' lang='lat' dir='ltr'>Virgilius:</span> <span class='ocrx_word' id='word_1_503' title='bbox 863 2695 871 2711; x_wconf 91' lang='lat'>‘</span> <span class='ocrx_word' id='word_1_504' title='bbox 890 2694 1049 2733; x_wconf 82' lang='lat' dir='ltr'>Eripiunt</span> <span class='ocrx_word' id='word_1_505' title='bbox 1102 2698 1315 2731; x_wconf 80' lang='lat' dir='ltr'>quacumque</span> <span class='ocrx_word' id='word_1_506' title='bbox 1343 2685 1530 2726; x_wconf 83' lang='lat' dir='ltr'>incederet,</span> <span class='ocrx_word' id='word_1_507' title='bbox 1552 2683 1663 2716; x_wconf 82' lang='lat' dir='ltr'>omnia</span> <span class='ocrx_word' id='word_1_508' title='bbox 1685 2680 1806 2713; x_wconf 86' lang='lat' dir='ltr'>morie-</span> 
     </span>
     <span class='ocr_line' id='line_1_49' title="bbox 345 2741 1240 2788; baseline -0.019 -1"><span class='ocrx_word' id='word_1_509' title='bbox 345 2754 457 2787; x_wconf 84' lang='lat' dir='ltr'>subito</span> <span class='ocrx_word' id='word_1_510' title='bbox 469 2753 577 2783; x_wconf 88' lang='lat' dir='ltr'>nubes</span> <span class='ocrx_word' id='word_1_511' title='bbox 590 2750 778 2788; x_wconf 74' lang='lat' dir='ltr'>coelumque</span> <span class='ocrx_word' id='word_1_512' title='bbox 790 2746 949 2787; x_wconf 83' lang='lat' dir='ltr'>diemque</span> <span class='ocrx_word' id='word_1_513' title='bbox 961 2744 1050 2774; x_wconf 90' lang='lat' dir='ltr'>Teu-</span> <span class='ocrx_word' id='word_1_514' title='bbox 1104 2741 1240 2772; x_wconf 86' lang='lat' dir='ltr'>bantur.</span> 
     </span>
     <span class='ocr_line' id='line_1_50' title="bbox 348 2799 763 2840; baseline -0.022 -2"><span class='ocrx_word' id='word_1_515' title='bbox 348 2813 483 2838; x_wconf 83' lang='lat' dir='ltr'>crorum</span> <span class='ocrx_word' id='word_1_516' title='bbox 499 2813 542 2834; x_wconf 84' lang='lat' dir='ltr'>ex</span> <span class='ocrx_word' id='word_1_517' title='bbox 557 2799 684 2840; x_wconf 86' lang='lat' dir='ltr'>oculis‚&#39;</span> <span class='ocrx_word' id='word_1_518' title='bbox 700 2801 763 2830; x_wconf 71' lang='grc' dir='ltr'>διο.</span> 
     </span>
    </p>
   </div>
  </div>
 </body>
</html>
