1852 3182
651 210 912 240 mm'LMA.
1397 197 1509 240 1087

49 309 215 351 Vidisti
237 309 545 363 quodcumque
572 304 653 345 fuit
671 319 679 345 :
714 309 755 344 te
777 303 942 345 saecula
964 307 1072 343 teste

51 376 219 418 Cuncta
242 375 535 415 revolvuntur.
600 371 751 419 Nosti,
777 383 864 423 qno
886 375 1081 422 tempore
1102 374 1265 423 pontus
1425 370 1510 409 105

53 443 231 484 Fuderit
253 443 390 481 elatas
413 438 614 490 scopulis
638 437 939 489 stagnantibus
963 436 1102 476 undas
1122 449 1132 485 ;

52 509 166 560 Quis
189 506 502 549 Phaethonteis
524 505 738 544 erroribus
758 504 914 543 arserit
934 516 1073 543 annus
1091 517 1100 544 ε

52 577 111 617 Et
132 574 278 616 clades
302 579 344 612 te
367 572 490 612 nulla
511 572 640 624 rapit,
662 573 872 624 solusque
896 575 1118 623 superstes

51 642 257 683 Edomita
277 640 431 680 tellure
454 652 624 680 manes.
688 639 731 680 Ν
737 652 793 678 on
815 638 1007 678 stamina
1028 638 1186 678 Parcae

51 709 104 750 In
126 712 166 749 te
188 708 297 748 dura
316 708 478 760 legunt,
500 720 587 747 non
603 707 678 760 jus
698 707 888 747 habuere
909 704 1109 745 nocendi.
1427 703 1512 743 110

51 839 214 881 Aspexisti
229 841 436 880 quodcumque
452 839 580 870 extitit.-
606 842 636 869 te
649 842 821 878 spectatore
837 837 940 868 omnia
960 836 1070 867 saeculu
1086 838 1320 875 retorquentur:
1343 833 1514 874 cognovisti

51 894 108 924 quo
132 886 266 921 tempore
292 892 376 912 mare
397 881 544 923 effuderit
561 883 918 922 aqnasintumescentes,
942 880 1028 910 suxis
1049 878 1297 914 exmnluntibus;
1321 877 1513 917 cognovisti

52 927 118 966 quis
141 935 238 955 annus
257 924 460 965 conflagrarit
487 924 733 955 aber—rationibus
755 923 973 961 szzithoutis,
1003 926 1032 952 et
1058 922 1142 952 nulla
1173 931 1252 951 mors
1276 920 1394 960 abripit
1417 923 1460 959 te,
1483 923 1513 950 et

51 977 129 999 unus
150 978 287 998 remanes
309 971 475 1007 superstes,
498 971 583 997 terra
611 968 703 997 victu.
751 967 862 997 Purcoe
892 975 950 995 non
979 968 1109 1004 carpunt
1122 964 1184 1004 fila
1208 973 1316 1003 aspera
1340 965 1447 994 contra
1471 965 1514 1002 te,

53 1021 112 1041 non
127 1010 237 1040 habent
248 1013 433 1050 potestatem
448 1010 575 1040 nocendi
594 1010 667 1040 tibi.

668 1080 903 1092 eeeeeeeeeeee

54 1148 184 1180 Buslid.
206 1150 353 1178 moriente
373 1151 526 1188 superstes
546 1147 640 1178 Med.
666 1148 844 1177 sem—105
868 1145 1062 1176 resolvuntur
1079 1148 1150 1173 tres
1167 1142 1264 1173 Vatt.
1287 1146 1322 1173 et
1345 1141 1386 1172 A.
1412 1139 1517 1172 Hafu.

54 1191 149 1222 Rott.
168 1191 318 1221 Florent.
337 1191 400 1221 inc.
421 1190 539 1221 Heius.
556 1190 685 1221 Bonon.
704 1189 821 1219 Ambr.
840 1193 919 1218 ten-t.
942 1187 1068 1217 Moret.
1087 1195 1138 1226 pr.
1155 1185 1240 1216 Cod.
1258 1185 1377 1225 Epigr.
1395 1183 1516 1216 Ambr-

54 1234 120 1264 duo
148 1233 268 1264 Petav.
298 1234 379 1263 Exc.
408 1233 485 1264 Par.
515 1243 584 1264 ree.
611 1243 654 1263 m.
680 1242 729 1273 pr.
755 1232 899 1262 Lucem.
927 1240 978 1270 pr.
998 1230 1078 1260 Var.
1096 1229 1163 1259 LL.
1189 1238 1206 1258 e
1225 1237 1332 1267 marg.
1357 1227 1516 1258 Parni.—

55 1278 117 1307 106
141 1276 279 1307 fuderat
308 1276 391 1306 eod.
432 1276 545 1315 Epigr.
573 1275 693 1306 Ambr.
742 1275 848 1305 illatas
874 1273 968 1304 Med.
996 1282 1065 1302 sec.
1095 1271 1313 1312 flagrantibus
1343 1270 1518 1301 Buslid.—-

54 1321 114 1350 107
137 1318 308 1348 terroribus
328 1317 446 1349 Ambr.
464 1324 545 1349 tert.
569 1319 678 1349 asserit
696 1318 816 1348 Petav.
834 1326 900 1347 sec.
936 1315 1030 1355 affitil
1053 1314 1175 1344 Petav.
1193 1324 1244 1352 pr.
1269 1313 1370 1342 amuis
1386 1312 1516 1343 Buslid.

54 1371 153 1392 «nnus
178 1362 329 1391 Florent.
355 1361 437 1391 Med
461 1371 529 1392 sec.
557 1362 686 1392 Bonon.
710 1361 777 1390 duo
807 1359 923 1390 Ambr.
954 1358 1033 1388 Put.
1059 1357 1124 1386 duo
1149 1357 1270 1386 Petav.
1295 1355 1518 1395 Cod.1‹:pigr.

57 1402 171 1434 Ambr.
190 1404 274 1433 Exc.
300 1403 378 1433 Par.
403 1412 469 1433 rec.
487 1404 630 1433 anens.
650 1413 698 1441 pr.
714 1403 794 1432 Var.
813 1402 880 1432 LL.
902 1411 920 1431 e
937 1410 1042 1437 marg.
1064 1400 1174 1429 Parm.
1193 1399 1222 1427 iu
1240 1398 1358 1438 quibus
1373 1402 1407 1428 et
1421 1398 1518 1428 cladis

55 1455 117 1486 pro
134 1447 233 1475 clades
248 1450 344 1475 extat
359 1445 391 1474 in
411 1455 456 1474 vs.
474 1454 544 1485 seq.
577 1446 661 1484 cupit
679 1445 804 1475 Moret.
825 1446 984 1483 pr.—109
1010 1442 1171 1472 Edomitus
1187 1441 1309 1470 Petav.
1328 1450 1378 1479 pr.
1410 1440 1518 1470 tellure

56 1498 166 1519 manus
181 1488 396 1519 OiseL-—llo
421 1487 458 1516 In
476 1491 505 1517 te
523 1487 640 1518 Ambr.
659 1497 707 1527 pr.
743 1488 813 1516 dira
831 1486 906 1515 Vat.
930 1494 978 1524 pr.
1009 1484 1086 1514 And.
1120 1483 1193 1513 dita
1216 1483 1338 1512 Petav.
1364 1492 1416 1522 pr.
1440 1481 1519 1520 jura

56 1531 186 1561 Busnd.
209 1531 285 1560 dura
305 1529 452 1559 Florent.
470 1529 563 1559 Med.
578 1539 634 1559 sec
652 1531 716 1559 inc.
735 1528 856 1559 Heins.
876 1527 992 1557 Ambr.
1010 1532 1091 1557 tert.
1110 1526 1189 1556 Put.
1208 1525 1327 1555 petav.
1349 1534 1416 1555 sec.
1433 1524 1517 1555 Cod.

56 1573 172 1613 Epigr.
189 1571 307 1603 Ambr.
324 1571 378 1602 ed.
396 1572 511 1602 Parm.
533 1575 587 1602 aut
599 1571 734 1601 stamina
750 1570 832 1600 Vat.
850 1569 892 1600 A.
916 1579 975 1599 non
990 1569 1044 1599 ed.
1063 1568 1175 1598 Parm.
1198 1577 1252 1597 uec
1267 1571 1410 1607 quatuor
1423 1567 1519 1598 Vatt.

60 1614 168 1647 Hafn.
185 1614 293 1646 Oisel.
312 1614 442 1645 Buslid.
458 1614 539 1645 Var.
557 1614 623 1645 LL.
641 1623 659 1644 e
674 1613 905 1653 marg.Parm.
927 1612 975 1641 vis
993 1611 1115 1651 projns
1130 1610 1254 1640 Moret.
1269 1619 1319 1649 pr.

716 1722 856 1756 NOTAE

104 1816 168 1846 106
202 1812 344 1854 Scapulis
376 1809 608 1851 stagnantibus]
660 1808 762 1850 Aqua
815 1816 889 1839 cem
919 1806 1044 1847 recipit
1072 1804 1185 1836 omnia
1213 1804 1373 1835 animalia
1399 1804 1432 1835 in
1460 1814 1520 1836 suo

62 1867 242 1905 stagnante
260 1862 386 1894 affusis.
815 1857 902 1889 sinn.

104 1917 167 1946 107
190 1912 427 1953 Phaethonteis]
461 1912 516 1943 De
549 1909 764 1942 Phaethonte
859 1906 1020 1948 Stamina]
1059 1907 1137 1939 Non
1167 1906 1287 1937 Parcae
1315 1905 1373 1937 fila
1402 1906 1523 1947 legunt

61 1974 165 2006 supra
180 1964 306 1995 dictum
323 1967 385 1994 est.
817 1959 897 1991 vitae
914 1957 1100 1996 Phoenicis,
1120 1956 1284 1998 siquidem
1300 1956 1352 1988 ita
1376 1957 1522 1989 renasci·
1575 1965 1578 1968 ⁴

106 2017 168 2045 109
202 2014 350 2045 Edomita
377 2012 501 2054 tellure]
541 2011 644 2043 Victa
675 2011 765 2043 omni
819 2013 887 2051 tur,
902 2013 942 2041 ut
957 2008 1112 2040 videatur
1126 2016 1200 2038 esse
1215 2007 1428 2039 immortalis.

61 2066 139 2106 lege
155 2068 269 2105 terrae,
283 2074 358 2105 quae
372 2068 498 2105 praeter
510 2062 617 2094 solum
633 2061 768 2093 Phoeni·
1195 2069 1199 2072 “
