1851 3213
278 202 296 242 ]
306 201 392 243 052

678 212 752 242 CL.
786 211 1068 242 CLAUDIANI
1104 210 1332 241 XXXVIII.

276 307 414 356 Πρῶτα
433 308 504 357 μὲν
523 309 708 345 ἀπλεκέας
728 308 862 360 περόνῃ
883 306 1089 356 §zet-pinam
1109 307 1259 359 χαίτας,

277 371 355 409 Καὶ
373 374 529 409 πλεκτὰς
550 373 699 423 ἔσφιγξε
719 375 842 422 πυκνῷ
863 374 1139 421 περιπλὲγματι
1160 373 1294 419 σειρὰς,

277 434 431 482 Στίλβεϊ
451 436 479 473 δ’
499 437 700 486 ὀφθαλμῶν
721 435 868 484 epm-0133
887 435 1130 483 ὑπεγράψατο
1151 433 1316 471 κανθοῦς·
1715 434 1735 467 5

277 498 431 536 Aemus
451 502 647 549 εὺανέμοιο
665 500 781 550 ῥαφὰς
801 499 1011 549 χαλάσασα
1031 504 1197 548 χιτῶνος,

277 562 498 614 Πορφυρὲων
519 565 560 601 οὐ
581 563 736 612 κρύπτεν
756 564 811 614 ὑφ’
830 563 979 612 εἵμασιν
998 563 1115 599 ἄνθεα
1134 562 1283 611 μαὲῶν,

698 657 1062 691 INTERPETATIO
1100 655 1316 688 POETICA

534 713 606 743 Non
623 715 723 743 tortas
736 713 870 752 primum
885 712 968 741 alma
983 721 1085 741 cannas
1100 710 1295 740 discriminat
1312 718 1408 740 aurea

539 756 654 795 Cypris
665 765 735 793 acu,
752 758 781 785 et
797 757 896 784 tortas
911 753 997 783 densi
1012 753 1128 792 premit
1146 754 1252 782 ordine
1266 752 1363 789 Μαί,-

535 797 621 827 Hinc
629 797 758 835 fulgore
773 806 862 826 noros
877 796 973 825 oculis
989 795 1107 835 afflavit
1120 795 1268 830 honores,-

535 839 615 870 Arte
631 840 784 869 labor-atos
800 838 901 868 ventis
917 838 1068 877 expandit
1085 837 1227 874 amictus,

534 881 749 921 Purpurez'que
765 880 852 910 sinus
867 889 969 909 roseas
985 879 1039 909 sub
1054 883 1135 909 veste
1151 878 1284 919 papillas

535 924 607 954 Non
623 925 716 963 tegit,
732 924 771 953 nd
785 924 908 962 prmius
922 923 1076 952 oculorum
1092 925 1214 952 armata
1225 932 1235 952 :
1258 920 1364 962 capilli

723 986 900 1020 INTERP
907 986 1107 1018 RETATIO
1144 985 1301 1017 PROSA

277 1045 331 1072 tos
347 1049 410 1071 acu
426 1039 645 1080 distinxerat,
669 1045 703 1072 et
722 1045 829 1072 tortos
846 1040 958 1071 crines
975 1040 1090 1070 densis
1119 1038 1265 1069 nexibus
1294 1037 1516 1076 astrinxerat,
1541 1037 1673 1079 fulgore
1690 1046 1746 1070 ve-

278 1093 315 1115 ro
331 1083 491 1114 amabiles
508 1084 607 1115 orbes
623 1085 797 1115 oculorum
815 1086 997 1114 ornaverat
1012 1093 1019 1113 ε
1051 1082 1189 1113 eximias
1204 1082 1316 1112 tenuis
1341 1081 1533 1112 vestimenti
1549 1080 1746 1112 commissu-

276 1135 330 1157 ras
357 1127 543 1167 explicans,
576 1137 643 1158 non
682 1131 817 1158 texerat
843 1126 905 1157 sub
932 1125 1082 1157 vestibus
1108 1123 1227 1156 florem
1251 1124 1454 1166 papillarum
1482 1133 1745 1164 purpurearum,

944 1202 974 1233 N
980 1200 1081 1233 OTAE

276 1255 492 1296 pulchritudo
524 1256 622 1286 armis
648 1256 801 1287 omnibus
829 1260 981 1297 praestat.

278 1306 364 1338 Quae
382 1306 517 1346 quidem
542 1316 596 1337 res
624 1307 751 1338 indicat
779 1308 867 1337 viros
885 1316 982 1347 quos-

277 1365 342 1396 que
368 1355 580 1395 fortissimos,
609 1357 664 1397 qui
692 1357 784 1387 nulla
811 1357 858 1395 vi,
884 1356 982 1386 nullis

279 1405 379 1436 armis
397 1406 485 1435 vinci
510 1412 653 1446 queunt,
677 1407 855 1437 mulierum
877 1405 986 1436 forma

278 1460 312 1486 et
328 1455 498 1486 illecebris
514 1455 619 1487 fuisse
643 1461 834 1497 superatos.

298 1509 318 1537 2
331 1506 446 1546 Αὐδὴν]
458 1506 559 1537 Oculi
571 1507 715 1538 Veneris
730 1508 864 1538 vocales
874 1510 983 1546 erant,

279 1561 313 1588 et
323 1557 446 1588 mentis
461 1557 564 1596 ipsius
579 1558 688 1588 nuntii
700 1562 801 1599 atque
814 1558 983 1598 iuterpre-

279 1615 352 1646 tes;
376 1608 461 1639 adeo
479 1613 516 1638 ut
533 1608 648 1639 statim
673 1613 777 1648 atque
803 1607 984 1638 videbatur

280 1659 323 1690 ab
345 1658 511 1697 hostibus,
540 1663 634 1689 muta
659 1658 804 1699 quadam
828 1657 888 1688 sed
914 1656 984 1688 effi-

279 1709 350 1740 caci
378 1713 491 1739 tamen
517 1709 712 1750 eloquentia
735 1709 913 1739 victoriam
941 1707 984 1739 ab

279 1759 318 1790 iis
333 1769 399 1791 non
421 1764 488 1790 tam
505 1764 674 1800 peterent,
689 1769 789 1801 quam
807 1764 986 1800 extorque-

279 1815 365 1842 rent.
393 1809 436 1840 Id
455 1810 544 1851 quod
561 1820 676 1842 eorum
696 1814 810 1850 potest
826 1810 986 1850 opinione

279 1859 484 1899 confirmari,
498 1861 553 1901 qui
568 1860 762 1901 Suadelam,
779 1860 985 1901 eloquenti-ee

279 1912 403 1952 Deam,
417 1912 562 1943 Veneris
583 1911 687 1942 filiam
711 1921 784 1942 esse
802 1911 984 1942 finxerunt.

280 1963 460 1994 Noverant
475 1962 639 2003 ingeniosi
655 1961 844 1992 fabularum
869 1961 984 1992 inven-

280 2018 372 2044 tores
390 2013 676 2053 pulchritudinem
692 2022 767 2044 esse
790 2017 918 2043 mutam
934 2012 984 2043 fa-

280 2062 449 2101 cundiam,
473 2068 508 2094 et
533 2063 565 2094 in
593 2062 847 2103 pulchritudine
869 2063 984 2093 oculos

280 2123 356 2145 esse
384 2114 493 2144 multo
529 2112 799 2152 facundissimos,
840 2118 875 2144 et
902 2113 983 2144 nihil

279 2174 345 2195 non
384 2165 539 2204 suadere,
571 2165 652 2195 nihil
689 2175 755 2195 non
786 2174 886 2205 posse
923 2164 982 2195 ob-

280 2215 400 2246 tinere.
461 2215 595 2246 Nobilis
625 2215 808 2246 Torodaeus
840 2215 982 2255 popula-

281 2266 325 2297 ris
361 2271 490 2305 noster,
527 2267 578 2297 vir
620 2270 716 2297 certe
759 2276 835 2297 cum
876 2267 984 2296 multa

280 2315 485 2353 eruditione,
502 2321 572 2347 tum
599 2316 747 2348 maxime
769 2317 893 2348 Graeca
909 2317 984 2347 lite-

282 2370 409 2406 ratura,
436 2366 490 2407 (ut
517 2367 641 2398 edendi
667 2377 744 2398 mox
772 2367 815 2398 ab
842 2368 917 2408 ipso
941 2368 983 2398 de

282 2416 421 2449 Graecia
436 2417 512 2447 libri
537 2417 747 2458 probabunt)
768 2418 985 2458 conspicuus,

281 2476 348 2498 non
374 2465 467 2502 αὐδὴν
490 2467 587 2507 legit,
613 2467 673 2498 sed
697 2466 838 2506 ἄγγελον
861 2468 985 2509 αἴγλην,

279 2517 486 2557 praenuntium
520 2517 763 2557 pulchritudinis
795 2518 985 2558 splendorem

280 2567 434 2598 oculorum
448 2576 616 2605 assumens,
632 2577 794 2608 §uiamque
811 2568 984 2608 conjectu-

281 2626 353 2648 ram
369 2626 408 2648 eo
422 2616 609 2656 confirmat,
626 2618 716 2658 quod
733 2619 892 2658 splendor
905 2630 984 2650 ocu-

281 2667 322 2698 lis
341 2668 483 2698 maxIme
499 2668 692 2698 conveniat.
737 2668 794 2699 Sic
811 2673 845 2699 et
861 2675 984 2709 postea

280 2718 366 2759 legit
381 2728 446 2749 non
462 2718 574 2758 σειρὰς,
588 2718 647 2749 sed
666 2717 891 2759 περιπλέγματ’
907 2719 980 2750 ἐθεί-

281 2780 351 2812 pas:
363 2770 581 2811 {Getpaautem
588 2771 678 2812 apud
690 2771 875 2804 Homerum
887 2780 980 2812 saepe

1035 1258 1221 1294 usurpatur
1237 1263 1298 1294 pro
1313 1253 1473 1283 caesarie:
1499 1252 1547 1283 sic
1562 1252 1604 1283 de
1620 1252 1745 1282 Patro=

1036 1306 1089 1336 clo
1122 1305 1209 1335 dixit
1235 1304 1407 1343 μιάνθησαν
1435 1302 1468 1333 δὲ
1498 1301 1606 1342 ἔθειραι
1630 1300 1744 1341 Asnam

1036 1355 1086 1386 καὶ
1099 1354 1230 1395 κονίῃσι,
1253 1355 1371 1392 foedati
1386 1363 1455 1384 vero
1470 1356 1559 1383 erant
1569 1353 1669 1384 crines
1676 1362 1745 1384 san-

1039 1406 1136 1444 guine
1152 1409 1183 1435 et
1198 1407 1335 1445 puli-ere.

1083 1458 1103 1486 4
1126 1454 1249 1495 Emptis]
1305 1452 1396 1493 Σειρὰ
1428 1458 1543 1484 tamen
1575 1451 1747 1494 significat

1040 1505 1142 1536 etiam
1169 1507 1270 1535 crines
1285 1510 1321 1535 et
1339 1503 1523 1534 cincinnos
1568 1503 1624 1534 Sic
1653 1504 1745 1544 apud

1038 1556 1215 1586 Pollucem
1232 1555 1371 1593 legitur,
1393 1553 1479 1593 σειρὰ
1494 1555 1622 1593 τριχῶν,
1646 1554 1747 1585 crines

1036 1606 1161 1637 intorti.
1208 1606 1276 1636 Hic
1303 1610 1417 1636 autem
1435 1605 1482 1635 ait
1508 1605 1620 1635 Poeta
1635 1605 1747 1636 Vene-

1038 1667 1110 1688 rem
1122 1657 1232 1688 criues
1241 1656 1398 1686 habuisse
1411 1665 1476 1686 nou
1489 1660 1596 1686 tortos
1609 1655 1747 1696 parti-m,

1041 1709 1171 1740 scilicet
1196 1708 1231 1739 in
1248 1709 1390 1747 vertice,
1407 1712 1443 1738 ct
1472 1708 1598 1748 partim
1626 1711 1761 1747 tortos,·

1040 1761 1128 1791 utin
1158 1759 1448 1799 extremitatibus,
1473 1759 1506 1789 id
1535 1759 1625 1800 quod
1651 1769 1746 1790 usur-

1040 1816 1122 1852 pant
1137 1810 1283 1842 foeminae
1300 1811 1332 1841 in
1350 1810 1501 1841 crinibus
1518 1810 1688 1842 ornandis.

1082 1865 1100 1891 5
1126 1860 1273 1900 Στίλβεϊ]
1312 1861 1376 1891 Vel
1404 1860 1517 1901 potius
1542 1859 1672 1902 στίλβῃ,
1699 1860 1747 1892 ηἰ-

1041 1916 1119 1953 tore,
1140 1922 1205 1954 quo
1222 1913 1338 1943 Venus
1362 1911 1496 1942 ornavit
1525 1912 1654 1942 oculos,
1701 1913 1746 1943 Et

1040 1963 1156 1994 forsan
1175 1963 1275 2003 poeta
1293 1962 1415 1993 alludit
1442 1962 1482 1992 ad
1502 1967 1651 1993 veterem
1669 1972 1747 1993 con·

1043 2013 1261 2044 suetudinem
1287 2013 1476 2049 mulierum,
1505 2023 1581 2053 quae
1599 2013 1676 2044 olim
1695 2023 1747 2044 su·

1041 2064 1179 2103 percilia
1205 2068 1239 2094 et
1276 2063 1457 2103 palpebras
1494 2063 1597 2094 stibio
1630 2063 1749 2105 depin-

1038 2115 1176 2156 gebant.
1221 2115 1334 2146 Testis
1359 2115 1498 2155 hujusce
1527 2116 1576 2146 rei
1611 2116 1747 2157 Jesabel,

1039 2176 1117 2206 quae
1133 2165 1285 2207 quidem,
1299 2175 1340 2196 ex
1357 2175 1455 2196 sacra
1472 2166 1681 2206 Scriptura,‘
1698 2167 1748 2198 in-

1040 2216 1146 2247 troitu
1163 2216 1237 2256 ejus
1251 2216 1334 2247 Jehu
1351 2215 1467 2246 audito
1492 2215 1649 2256 depinxit
1667 2227 1746 2249 ocu·

1038 2267 1088 2297 los
1105 2276 1182 2297 suos
1199 2266 1323 2297 stibio.’
1370 2266 1410 2296 Id
1428 2270 1542 2297 autem
1561 2267 1747 2300 vocabatur

1039 2315 1218 2356 ὀφθαλμοὺς
1229 2315 1459 2356 στιμμίζεσθαι,
1474 2317 1525 2348 vel
1537 2316 1660 2356 ὄμματα
1674 2319 1746 2350 ὑπο-

1038 2366 1188 2408 γράφεινῑ
1212 2367 1301 2398 unde
1327 2371 1362 2410 et
1383 2366 1611 2407 ὑπογράμματα
1626 2367 1745 2408 ὀφθαλ-

1038 2420 1103 2456 μῶν
1118 2422 1196 2448 sunt
1213 2428 1315 2448 unum
1332 2421 1368 2448 et
1382 2418 1471 2449 idem
1494 2428 1534 2450 ac
1556 2418 1744 2459 στιμμίσμα·

1038 2480 1090 2507 τα,
1104 2469 1258 2500 oculorum
1283 2469 1454 2508 pigmenta.
1500 2469 1541 2501 Id
1563 2470 1612 2501 ita
1639 2471 1745 2504 sentit

1039 2520 1266 2552 nobilissimus
1282 2520 1566 2562 doctissimusque
1582 2522 1744 2563 Huetius,

1038 2573 1132 2613 cujus
1150 2571 1296 2602 consiliis
1311 2572 1404 2602 velut
1432 2572 1578 2603 oraculis
1595 2572 1646 2604 uti
1663 2582 1741 2605 con-

1038 2623 1143 2654 suevi.

1080 2677 1100 2704 6
1124 2671 1303 2713 Εὐανέμοιο]
1340 2672 1454 2704 Vestis
1472 2674 1595 2716 tenuis,
1609 2679 1645 2707 et
1661 2684 1739 2717 quae

1037 2728 1140 2756 vento
1156 2722 1254 2755 facile
1267 2722 1471 2764 impellatur.
