1851 3213
301 197 415 240 1128
775 211 849 241 cr„
882 210 1165 243 CLAUDIANI
1203 212 1286 243 mr.

304 303 393 356 Qui
414 304 576 346 baculo
596 305 752 356 nitens,
775 306 819 346 in
840 320 928 361 qua
949 308 1140 361 reptavit
1163 320 1310 357 arena,

360 371 506 412 Unius
526 377 725 414 numerat
746 375 917 415 saecula
936 376 1065 427 longa
1086 388 1223 418 casae.

303 438 432 480 Illum
454 454 539 481 non
562 442 685 482 vario
707 442 841 481 traxit
864 441 1058 482 Fortuna
1079 445 1281 493 tumultu,
1745 455 1773 482 ὲ)

361 506 460 547 Nec
481 508 592 548 bibit
612 508 786 560 ignotas
807 508 985 549 mobilis
1006 509 1166 562 hospes
1188 524 1343 564 aquas.

304 573 410 615 Non
430 575 544 615 freta
565 579 778 616 mercator
799 577 984 623 tremuit,
1005 589 1093 617 non
1117 578 1307 619 classica
1327 578 1453 619 miles
1473 591 1483 618 ε

362 641 467 682 Non
489 645 611 684 rauci
630 644 733 684 lites
754 645 934 697 pertulit
951 645 1023 685 ille
1044 645 1144 687 fori.

307 708 521 751 Indocilis
541 724 700 760 rerum,
721 712 881 752 vicinae
903 714 1084 753 nescius
1107 714 1243 763 urbis,

363 776 564 831 Aspectu
583 778 738 818 fruitur
757 779 958 818 liberiore
976 779 1083 830 poli,
1718 780 1775 820 10

307 844 527 897 Frugibus
548 845 741 893 alternis,
763 857 850 885 non
872 844 1084 896 Consule,
1107 850 1332 900 computat
1354 859 1543 887 annum:

361 910 640 952 Autumnum
662 913 822 965 pomis,
844 925 921 953 ver
942 913 1027 953 sibi
1047 912 1151 955 flore
1172 918 1312 955 notat.

309 978 437 1019 Idem
459 979 607 1020 condit
628 992 730 1033 ager
752 980 896 1030 Soles,
918 981 1123 1035 idemque
1145 983 1344 1024 reducit:

366 1045 639 1100 Metiturque
657 1060 736 1088 suo
757 1048 951 1089 rusticus
972 1051 1076 1090 orbe
1098 1049 1230 1091 diem.

307 1113 535 1166 Ingentem
556 1116 752 1156 meminit
773 1129 911 1169 parvo
934 1117 1009 1169 qui
1031 1117 1221 1169 germine
1242 1131 1469 1170 quercum,
1720 1116 1778 1158 15

366 1181 723 1236 AEquaevumque
743 1184 863 1224 videt
883 1185 1169 1225 consenuisse
1191 1199 1358 1226 nemus.

307 1280 433 1320 aspexit
456 1282 535 1310 olim
559 1291 702 1321 puerum,
730 1282 798 1322 ipsa
813 1282 926 1323 aspicit
952 1283 1046 1314 illum
1074 1294 1195 1314 senem:
1217 1284 1268 1324 qui
1293 1283 1433 1314 innitens
1457 1282 1574 1321 baculo,
1599 1282 1632 1313 in
1649 1291 1726 1322 agro
1742 1281 1776 1313 in

307 1334 364 1363 quo
381 1324 464 1353 alias
482 1324 590 1363 repsit,
608 1328 745 1355 recenset
762 1328 900 1364 tempora
921 1326 1013 1364 longa
1039 1336 1118 1356 casoe
1145 1327 1244 1356 unius.
1290 1326 1430 1356 Fortuna
1449 1335 1510 1355 nan
1531 1326 1668 1364 agitavit
1690 1326 1779 1356 illum

309 1366 539 1405 impedimentis
553 1367 703 1397 dirersis:
727 1376 823 1407 neque
836 1368 892 1398 ilie
906 1368 1126 1408 peregrinator
1139 1379 1235 1407 vagus
1247 1368 1350 1398 hausit
1366 1378 1463 1408 aquas
1478 1367 1661 1406 incognitas.
1705 1368 1778 1399 Non

306 1408 364 1438 ille
394 1409 571 1446 neg-utimar
594 1409 701 1439 timuit
728 1410 841 1446 maria,
869 1420 930 1441 non
955 1411 1043 1441 miles
1071 1411 1184 1441 timuit
1210 1411 1317 1441 tubas:
1342 1421 1401 1441 non.
1423 1420 1530 1450 passus
1551 1413 1597 1441 est
1621 1410 1690 1440 lites
1710 1409 1780 1448 fori

308 1451 443 1481 clamosi.
491 1452 553 1482 Ille
582 1452 746 1492 imperitus
772 1453 980 1491 negotiorum,
1004 1455 1148 1492 igrmrans
1171 1453 1276 1484 urbem
1300 1453 1490 1495 finitimam,
1514 1452 1689 1493 perfruitur
1711 1462 1780 1483 con-

308 1497 414 1534 spectu
435 1495 612 1534 patentiore
637 1496 715 1525 coeli.
768 1496 918 1527 Numerat
944 1507 1039 1528 (runos
1065 1507 1126 1536 per
1143 1500 1262 1535 segetes
1285 1497 1432 1535 alternus,
1460 1507 1520 1527 non
1546 1506 1607 1536 per
1623 1496 1780 1531 consulem

309 1537 479 1576 distinguit
506 1542 686 1568 autumnum
718 1548 780 1578 per
809 1549 911 1578 poma,
936 1549 988 1569 rer
1019 1549 1080 1579 per
1099 1540 1206 1580 flores.
1268 1540 1354 1570 Idem
1383 1549 1508 1579 campus
1537 1539 1649 1579 recipit
1678 1538 1780 1570 Solem

309 1579 502 1617 cadentem,
526 1582 606 1611 idem
622 1584 744 1611 revocat
763 1582 927 1612 orientem
943 1592 951 1619 ;
983 1586 1012 1613 et
1042 1583 1113 1621 ipse
1141 1582 1278 1621 agrestis
1294 1581 1403 1624 definit
1418 1583 1500 1612 diem
1517 1591 1571 1612 suo
1588 1581 1668 1612 orbe.
1716 1581 1781 1617 Qui

312 1623 458 1663 agrestis
483 1625 664 1654 recordatur
689 1633 834 1665 quercum
858 1634 1020 1664 praeeram
1051 1625 1230 1655 emersisse
1257 1635 1300 1655 ex
1321 1626 1438 1663 glande
1458 1625 1587 1664 exigua,
1611 1627 1641 1655 et
1667 1624 1781 1664 aspicit

932 1699 1170 1711 eeeeeeeeeeee

312 1743 397 1775 arvis
412 1747 482 1773 tres
496 1742 594 1773 Vatt.
611 1742 786 1774 Oisel.—2
809 1754 876 1784 quoe
888 1744 975 1775 videt
989 1744 1069 1776 Vat.
1087 1746 1265 1785 quam—3
1287 1743 1438 1782 graditur
1453 1752 1516 1783 pro
1532 1743 1634 1774 nitens
1650 1742 1781 1774 Buslid.

311 1787 380 1826 ipsa
394 1786 531 1825 reptavit
546 1786 626 1816 Vat.
644 1790 726 1817 tert.
743 1787 894 1819 Florent.
916 1787 1060 1827 reptabat
1080 1788 1155 1819 ΑΜ,
1171 1787 1251 1817 Var.
1269 1787 1337 1817 LL.
1355 1796 1373 1816 e
1390 1796 1498 1826 marg.
1518 1786 1632 1816 Parm.
1663 1785 1782 1817 habena

310 1830 392 1860 Vat.
412 1831 547 1859 see—4
576 1829 676 1859 Unius
700 1832 731 1860 et
759 1834 900 1861 numerat
925 1830 1055 1861 Buslid.
1080 1829 1119 1870 [f.
1146 1830 1319 1870 enumerat]
1342 1832 1485 1859 numerat
1510 1833 1656 1869 quatuor
1682 1829 1780 1860 Vatt.

313 1872 420 1903 Oisel.
443 1873 578 1902 maculat
596 1872 689 1903 Med.
704 1881 770 1904 sec.
789 1873 878 1903 unde
892 1874 1028 1904 cumulat
1046 1873 1205 1904 tentabat
1221 1872 1342 1902 Heius.
1365 1872 1488 1910 singula
1501 1881 1562 1912 pro
1577 1872 1690 1902 soecula
1706 1871 1782 1902 Flo-

314 1919 404 1946 rent.
426 1914 544 1945 semina
560 1915 654 1945 Med.
672 1920 805 1946 sec.——5
830 1917 945 1947 transit
972 1926 1034 1956 pro
1060 1918 1163 1946 traxit
1187 1915 1253 1946 duo
1276 1915 1373 1945 Vatt.
1391 1915 1544 1945 Florent.
1561 1915 1642 1945 Put.
1658 1914 1784 1945 Petav.

314 1967 381 1989 sec.
398 1956 530 1987 Buslid.
550 1957 634 1988 Cod.
650 1958 767 1998 Epigr.
787 1958 907 1989 Ambr.
921 1960 1001 1990 Var.
1019 1960 1086 1990 LL.
1105 1959 1158 1989 ed.
1176 1958 1349 1989 Antv.—6
1374 1957 1446 1987 Non
1462 1957 1541 1987 bibit
1559 1956 1688 1987 Buslid.
1719 1966 1786 1987 mo·

314 2000 387 2032 bilis
401 2001 481 2030 Vat.
500 2011 548 2038 pr.
568 2001 663 2032 Med.
680 2010 749 2032 sec.
766 2002 850 2033 Exc.
874 2002 951 2033 Pat.
977 2012 1045 2033 ree.
1079 2001 1190 2032 nobilis
1206 2006 1275 2032 tres
1292 2001 1388 2031 Vatt.
1407 2001 1548 2031 Florent
1578 2000 1643 2031 inc.
1662 1998 1784 2031 Heius.

314 2044 398 2074 Put.
416 2042 483 2073 duo
500 2043 621 2075 Petav.
637 2045 768 2075 Bonon.
786 2044 903 2076 Ambr.
915 2049 994 2076 tert.
1008 2045 1135 2076 Moret.
1153 2055 1202 2085 pr.
1218 2044 1332 2074 Oxou.
1350 2053 1418 2073 see.
1435 2043 1649 2084 Cod.Epigr.
1666 2041 1785 2074 Ambr-

314 2089 378 2117 -7
404 2085 569 2123 Necfreta
587 2086 707 2118 Ambr.
724 2098 775 2128 pr.
810 2089 918 2119 timuit
931 2093 1077 2129 quatuor
1096 2088 1190 2118 Vatt.
1216 2086 1324 2117 oisel.
1351 2086 1466 2117 Ambr.
1488 2096 1539 2126 pr.
1577 2085 1694 2117 tumuit
1717 2085 1786 2117 inc.

316 2128 437 2159 Heins-
462 2131 588 2160 tremuit
607 2131 728 2161 petav.
745 2140 812 2162 sec.
830 2132 964 2163 Bonon.
982 2131 1098 2162 Ambr.
1115 2135 1195 2161 tert.
1213 2130 1327 2161 Oxon.
1343 2139 1410 2160 see.
1428 2129 1513 2160 Cod.
1528 2129 1648 2169 Epigr.
1667 2127 1786 2159 Ambr.

317 2172 403 2202 Exc.
422 2172 502 2203 Pat.
520 2182 589 2204 rec.
607 2173 687 2204 Ald.
704 2174 785 2205 Var.
813 2175 881 2205 LL.
907 2185 925 2205 e
952 2184 1056 2214 marg.
1086 2174 1201 2204 Parm.
1238 2183 1292 2204 nec
1313 2172 1441 2203 classica
1458 2172 1540 2202 Put.
1560 2171 1652 2201 Med.
1671 2180 1785 2202 sec.—

319 2216 339 2244 8
361 2215 453 2245 taciti
470 2225 531 2255 pro
554 2217 641 2247 rauci
663 2217 794 2248 Buslid.
829 2218 915 2248 litem
931 2218 1012 2250 Vat.
1030 2221 1141 2258 quart.
1179 2217 1270 2247 lituos
1285 2216 1366 2246 Vat.
1381 2218 1461 2245 tert.
1477 2224 1521 2244 m.
1539 2223 1591 2254 pr.
1628 2222 1704 2244 aure
1716 2213 1787 2251 fori

317 2257 413 2288 Med.
431 2261 581 2289 see—11
606 2269 704 2290 annos
720 2259 797 2291 ΑΜ.
813 2261 894 2291 Var.
913 2261 980 2291 LL.
997 2271 1015 2291 e
1029 2269 1136 2300 marg.
1154 2259 1356 2290 Parn1.-——l2
1379 2266 1438 2287 non
1456 2266 1516 2296 pro
1533 2266 1586 2287 ver
1604 2256 1698 2287 Med.
1716 2265 1786 2288 sec.

317 2302 403 2330 -14
426 2301 561 2331 rusticus
580 2313 632 2333 ore
654 2303 721 2333 duo
745 2304 841 2334 Vatt.
870 2303 1106 2335 Florent.—-l5
1131 2300 1270 2332 meminit
1293 2300 1377 2331 Var.
1403 2299 1471 2331 LL.
1498 2309 1515 2330 e
1543 2309 1649 2339 marg.
1669 2300 1785 2330 Parm.

317 2346 435 2373 metunt
454 2343 508 2373 ed.
526 2344 639 2376 Parm.
660 2347 804 2384 gramine
822 2351 891 2376 tres
910 2347 1004 2377 Vatt.
1023 2345 1128 2377 Oisel.
1152 2345 1233 2374 Lov.
1255 2343 1368 2373 Oxou.
1398 2351 1465 2374 sec.
1503 2342 1634 2373 culmine
1653 2341 1787 2374 Buslid.

317 2385 460 2423 germine
474 2386 554 2418 Vat.
569 2393 680 2428 quart.
701 2393 770 2419 vet.
789 2388 874 2429 Gyr.
890 2389 974 2420 Cod.
1000 2388 1118 2429 Epigr.
1141 2385 1262 2417 Ambr.
1285 2386 1371 2416 Exc.
1388 2385 1532 2417 Lucens.
1549 2395 1601 2426 pr.
1617 2385 1699 2416 Var.
1715 2385 1785 2416 LL.

984 2469 1126 2502 NOTAE

365 2531 384 2559 4
408 2527 531 2558 Soecula
546 2528 638 2567 longa
653 2527 747 2568 casae]
771 2529 941 2560 Numerat
956 2530 1027 2560 lon·
1081 2529 1149 2559 lum
1179 2537 1257 2558 suus
1285 2536 1366 2567 ager
1393 2530 1553 2567 occupat,
1578 2524 1787 2566 felicemque

323 2587 381 2619 gas
397 2582 530 2618 aetates,
551 2578 676 2609 multos
694 2588 798 2609 annos
821 2579 856 2609 in
869 2589 934 2610 una
949 2589 1028 2609 casa
1082 2578 1208 2610 reddit.
1246 2578 1429 2609 Horatius:
1455 2578 1605 2608 ‘Beatus
1630 2576 1701 2616 ille,
1728 2574 1787 2617 qui

324 2629 514 2661 traductos
1082 2630 1199 2672 procul
1221 2629 1369 2669 negotiis
1394 2629 1548 2660 Paterna
1573 2636 1654 2658 rura
1676 2626 1786 2658 bobus

367 2684 386 2711 5
412 2679 572 2720 Tumultu]
595 2680 745 2711 Fortuna
760 2689 825 2710 non
843 2680 936 2710 illum
960 2679 1028 2720 agi·
1082 2684 1227 2721 exercet
1246 2680 1335 2711 suis.'

323 2731 412 2762 tavit
441 2730 543 2762 variis
572 2731 674 2771 curis,
699 2730 964 2772 impedimentis,
993 2734 1030 2761 et
1127 2733 1167 2762 13
1193 2730 1279 2761 Idem
1298 2730 1402 2761 condit
1415 2738 1493 2770 ager
1516 2728 1619 2769 Soles]
1652 2727 1705 2758 Ex
1730 2736 1786 2758 eo-

323 2780 596 2814 solIcitudinibus
633 2780 870 2814 tumultuosis:
907 2780 967 2814 sed
993 2780 1030 2812 il·
1084 2781 1162 2814 dem
1177 2791 1258 2823 agro
1276 2781 1371 2813 videt
1390 2780 1505 2812 Solem
1521 2778 1736 2811 occidentem
1751 2781 1787 2809 et
1841 2816 1843 2821 ,

1843 2152 1851 2374 —r-—a-——n-——w-
1845 1931 1851 2143 ‘emm—..⁵
1850 1918 1851 1921 „
1848 1899 1851 1908 ,
1849 1863 1851 1877 ..
1850 1806 1851 1810 Α
