1852 3182
557 231 753 262 brienus
787 228 1053 260 rissstoums.
1422 219 1533 260 1191

81 333 318 387 Imperium
341 328 435 370 duri
458 326 595 366 voluit
619 324 797 364 sufferre
816 322 998 376 tyranni,
1482 321 1539 362 8,)

81 400 155 440 Sic
179 397 338 439 mundo
362 395 552 434 Fortuna
573 388 750 443 favens)
771 389 884 429 hunc
907 393 1097 429 sternere
1117 387 1204 427 leto

78 466 285 519 Imperat.
346 461 405 501 At
424 461 587 501 nullum
610 460 748 499 virtus
770 457 992 498 reticenda
1012 468 1087 509 per
1108 466 1267 504 aevum,

80 533 313 584 Dignaque
334 528 531 568 sidereos
553 532 656 580 post
678 527 875 566 membra
896 526 1053 566 intrare
1074 533 1293 569 recessus,

79 598 220 639 Posse
240 596 352 636 mori
375 607 507 647 quam
527 594 614 633 vile
632 597 759 646 putat
776 606 786 634 :
817 604 1003 645 namque
1024 590 1212 643 impiger
1232 588 1350 628 ultro

77 664 235 713 Vadis,
255 667 297 703 et
317 662 542 702 immensae
565 666 781 701 scrutatus
803 659 935 699 devia
955 659 1109 712 sylvae,

78 730 127 771 In
149 743 265 771 nova
287 730 555 782 sanguineos
577 728 782 769 animasti
804 726 990 767 vulnera
1010 725 1161 765 rictus.

76 797 315 838 Admonita
336 797 520 845 feritate,
538 794 665 848 juba,
688 795 876 847 visuque
901 796 1107 834 cruentus

76 864 291 905 Excussis
312 867 457 904 movet
479 876 600 903 arma
622 862 744 912 toris,
766 862 1037 912 dubiumque
1057 857 1253 899 residens

75 931 284 973 Infremit.
346 930 529 970 Invadis
551 929 784 982 trepidum,
806 927 1000 979 solisque
1023 925 1199 965 lacertis

74 998 271 1040 Grandia
290 998 530 1051 corripiens
552 997 663 1037 eliso
685 1001 858 1048 guttura
875 1006 1036 1042 morsu,

75 1067 304 1107 Imbellem
325 1065 477 1106 fractis
499 1063 739 1118 prosternis
759 1062 961 1103 faucibus
981 1060 1167 1100 hostem.

73 1134 208 1174 Tunc·
221 1137 265 1172 et
285 1131 531 1172 flavicomis
551 1129 769 1171 radiantia
793 1132 964 1181 tergora
984 1127 1116 1176 villis,

74 1199 168 1241 Ceu
187 1199 380 1253 spolium
401 1198 499 1238 fuso
519 1198 666 1238 victor
685 1196 821 1249 rapis.
884 1194 1056 1234 Emicat
1079 1193 1226 1235 omnis

74 1267 128 1308 In
148 1266 302 1307 laudes
322 1279 430 1307 mox
450 1266 580 1306 turba
601 1270 717 1313 tuas,
739 1264 960 1315 longoque
980 1262 1131 1303 relicta

74 1333 218 1375 Currit
237 1334 282 1374 in
302 1346 407 1375 arva
428 1336 555 1374 metu.
613 1331 753 1373 Juvat
773 1332 850 1381 ire,
872 1333 915 1370 et
934 1330 1075 1370 libera
1095 1343 1213 1379 rura,

1481 655 1539 695 90

1455 1328 1539 1368 100

73 1444 254 1483 2·eri)jubet
266 1447 309 1484 te,
319 1453 337 1475 0
351 1443 532 1480 Hermum,
544 1445 681 1473 mactare
692 1450 763 1472 nece
773 1441 989 1472 himelconem.
1006 1439 1051 1469 At
1063 1439 1164 1470 virtus
1175 1443 1231 1469 tua
1242 1447 1298 1478 per
1310 1437 1425 1467 nullum
1438 1439 1540 1466 tacen-

74 1489 112 1518 ιΙα
129 1491 260 1528 tempus,
275 1490 305 1518 et
328 1487 425 1524 digna
448 1488 517 1526 post
533 1494 642 1525 corpus
667 1484 813 1515 solutum
830 1483 956 1522 ingredi
972 1484 1056 1513 sedes
1072 1483 1217 1519 coelestes,
1233 1490 1324 1520 quam
1345 1480 1435 1519 parvi
1456 1478 1541 1516 facit

70 1539 160 1570 posse
176 1531 270 1561 mori:
295 1530 410 1560 etenim
428 1529 528 1559 rolens
541 1527 738 1568 progrederis
755 1525 914 1564 fervidus,
929 1529 958 1555 et
974 1525 1108 1555 rinmtus
1124 1526 1195 1555 loca
1211 1524 1299 1554 deria
1315 1524 1409 1562 sylva?
1420 1530 1542 1559 magna>

75 1573 223 1603 excitasti
237 1571 350 1609 fauces
376 1575 520 1601 cruentas
550 1571 590 1600 ad
612 1579 705 1600 not-as
731 1570 854 1609 plagas.
902 1569 971 1598 Leo
994 1567 1162 1605 ferocitate
1191 1568 1368 1606 provocata,
1390 1564 1543 1594 terribilis

72 1614 155 1645 vinis
176 1618 206 1645 et
223 1615 327 1652 oculis,
346 1617 443 1644 movet
460 1622 546 1643 arma
563 1611 716 1650 suajubis
728 1612 876 1649 excussis,
891 1613 921 1640 et
943 1619 1103 1640 remanens
1119 1609 1213 1650 quasi
1229 1608 1411 1644 dubitando,
1423 1605 1543 1643 infren-

73 1658 144 1688 det.-
162 1661 197 1687 at
210 1662 246 1688 tu
259 1657 407 1697 irrumpis
424 1658 457 1686 in
471 1665 545 1686 euin
561 1656 756 1693 trementem,
766 1656 795 1684 et
812 1652 946 1683 brachiis
960 1652 1030 1682 unis
1040 1652 1163 1691 rapiens
1171 1650 1430 1689 saacesingentes
1442 1658 1543 1679 morsu

74 1700 233 1739 impedito,
255 1700 369 1730 sternis
398 1699 514 1730 hostem
541 1697 635 1738 quasi
657 1696 815 1738 infirmum
827 1697 957 1735 gutture
981 1697 1083 1734 rupto.
1132 1694 1208 1724 Tum
1224 1693 1317 1722 etiam
1344 1692 1440 1722 leone
1462 1690 1544 1721 victo

75 1742 282 1783 triumphator
297 1742 414 1782 arripis
437 1742 520 1772 velut
550 1739 692 1776 exuvias,
713 1740 826 1779 pellem
853 1738 1016 1768 micantem
1039 1735 1127 1775 jubis
1148 1735 1256 1776 flat-is.
1302 1734 1421 1764 Statim
1446 1733 1544 1763 ortulis

76 1783 166 1816 turba
184 1785 264 1816 exiit
287 1786 327 1816 ad
349 1788 380 1816 te
401 1784 600 1820 laudandum,
623 1784 653 1813 et
675 1782 809 1812 cursitat
833 1780 867 1811 in
893 1789 987 1819 agros
1011 1778 1174 1809 derelictos
1190 1777 1233 1808 ob
1250 1777 1375 1815 longum
1391 1775 1543 1806 timorem.

75 1827 174 1860 Juvat
199 1837 377 1869 properare,
415 1829 446 1858 et
480 1833 603 1858 cernere
627 1833 752 1864 campos
781 1824 941 1862 liberatos,
977 1825 1006 1853 et
1035 1822 1100 1852 loca
1126 1819 1266 1860 defensa,
1288 1822 1319 1850 et
1347 1819 1446 1850 saltas
1473 1818 1543 1856 jam

694 1906 930 1918 eeeeeeeeeeee

78 1969 116 1997 87
154 1967 183 1997 Ο
199 1967 318 1998 nauum
342 1966 452 1998 Livin.
480 1968 547 1996 tum
562 1965 681 1996 nullum
706 1962 873 1994 Aut—89
902 1964 995 2002 putas
1018 1960 1184 1992 Ald.—91
1220 1961 1392 1990 armantem
1417 1957 1543 1987 vulnera
1587 1946 1589 1949 ’

80 2009 158 2040 Ald.
173 2009 296 2048 Iuingr.
312 2009 533 2049 Gryph.—92
555 2007 651 2045 jubas
666 2004 842 2043 Ald.jubis
858 2005 1056 2036 Livin.—94
1089 2003 1257 2042 solidisque
1272 2001 1360 2041 conj.
1377 1999 1544 2031 Heius.—

79 2054 118 2082 95
143 2052 225 2082 eluso
237 2052 331 2083 malit
349 2051 553 2083 Heins.——97
581 2050 667 2086 Quin
683 2052 714 2081 et
741 2047 930 2079 Ald.-100
952 2056 1004 2078 ore
1021 2055 1082 2088 pro
1098 2046 1145 2077 ire
1160 2045 1347 2077 Arm—103
1362 2042 1543 2083 fretumque

740 2133 880 2166 NOTAE

119 2214 161 2242 86
184 2211 302 2242 Mando
319 2211 459 2243 Fortuna
478 2210 607 2252 favens]
640 2209 696 2241 Sic
712 2209 781 2241 for·

79 2267 160 2292 tuna
177 2270 236 2292 seu
253 2260 361 2292 fatum
379 2260 518 2292 favebat
536 2261 679 2299 Mundo,
701 2260 782 2301 quia

77 2311 192 2342 forsan
219 2310 384 2343 Hercules
406 2321 472 2343 non
490 2315 540 2342 tot
557 2315 710 2342 monstra
725 2319 782 2342 ex·

78 2362 247 2401 tinxisset,
262 2362 325 2393 nisi
336 2363 450 2403 jussus
467 2362 510 2393 ab
527 2362 728 2403 Eurystheo.

119 2415 162 2444 89
189 2412 280 2444 Ultro
294 2413 397 2453 vadis]
429 2413 550 2446 Jussus
566 2417 677 2443 tamen
695 2415 781 2451 erat,

77 2463 136 2494 sed
154 2463 242 2494 ultro
258 2467 294 2494 et
318 2463 435 2494 volens
459 2462 553 2494 vadit
570 2462 614 2494 ob
630 2462 782 2493 studium

79 2512 266 2546 referendae
283 2513 402 2545 laudis.

97 2589 99 2591 .
119 2567 161 2595 93
186 2565 338 2595 Excussis
352 2568 452 2596 movet
475 2575 562 2596 arma
577 2564 669 2605 toris]
704 2563 782 2595 Vir-

81 2613 137 2653 gii.
161 2615 271 2645 ‘Tum
296 2615 429 2646 demum
454 2620 570 2646 movet
597 2624 689 2646 arma
715 2615 783 2654 leo,

80 2663 274 2704 gaudetque
300 2670 474 2697 comantes
499 2666 686 2697 Excutiens
711 2673 783 2697 cer·

80 2713 157 2744 vice
173 2714 290 2745 toros!
315 2714 419 2747 Arma
435 2716 543 2748 lconis
561 2720 637 2748 sunt
652 2715 786 2757 dentes,

81 2772 222 2805 ungueS,
237 2765 302 2796 &m

878 2212 919 2240 95
945 2207 1032 2239 Eliso
1047 2206 1165 2247 morsu]
1188 2206 1231 2238 Id
1249 2209 1317 2246 est,
1332 2203 1421 2236 elisis
1437 2202 1546 2235 fauci-

836 2260 911 2300 bus,
936 2269 1011 2301 quae
1035 2257 1179 2289 hiabant
1206 2256 1247 2288 ad
1272 2264 1419 2286 morsum
1441 2259 1477 2286 et
1501 2252 1542 2285 ad

836 2310 947 2350 ipsum
961 2306 1204 2339 devorandum.
1230 2305 1392 2336 Heinsius
1403 2304 1545 2343 mavult,

836 2363 918 2392 eluso
931 2370 1045 2399 morsu,
1062 2358 1095 2389 id
1112 2363 1176 2399 est,
1200 2357 1304 2389 elusis
1321 2356 1480 2388 dentibus
1499 2355 1540 2387 ad

831 2419 981 2443 *morsum
995 2410 1132 2441 exertis.

878 2465 920 2494 96
945 2461 1114 2501 Imbellem]
1152 2460 1300 2491 Leonem
1338 2457 1468 2498 frangis
1507 2460 1544 2488 et

837 2512 953 2544 reddis
967 2511 1149 2543 imbeliem.
1185 2509 1371 2550 Virgilius:
1397 2507 1546 2539 ‘Imbel-

836 2564 902 2594 lem
920 2562 1048 2594 avertis
1066 2560 1225 2592 Romanis
1247 2559 1382 2590 arcibus
1397 2555 1543 2589 Indnm.’

879 2616 922 2645 98
947 2613 1012 2644 Ceu
1026 2611 1174 2653 spolium]
1206 2611 1376 2642 Hercules
1404 2606 1506 2639 occisi
1524 2613 1545 2636 a

837 2673 873 2695 se
887 2663 996 2695 leonis
1014 2662 1137 2703 pellem
1161 2661 1252 2692 nulio
1274 2659 1363 2690 ferro
1386 2661 1545 2698 penetra-

837 2715 940 2747 bilem
971 2723 1034 2755 pro
1065 2717 1164 2744 scuto
1193 2710 1364 2752 gestavit3
1400 2712 1436 2738 et
1464 2705 1543 2736 inde

839 2769 960 2806 postea
985 2762 1120 2796 Heroe's
1144 2760 1241 2793 multi
1269 2767 1331 2800 pro
1353 2755 1470 2797 nemis,
1493 2755 1543 2787 uti
