1851 3213
259 188 373 233 1134
729 201 805 231 eL.
838 199 1121 231 CLAUDIAM
1158 201 1255 231 Lvr.

260 294 408 335 Solcrs
427 293 536 334 lusit
554 293 724 348 hyems,
746 294 1091 348 imperfectoque
1111 295 1251 347 rigore

319 361 524 402 Nobilior
545 361 656 403 vivis
678 374 849 413 gemma
869 362 1077 403 tumescit
1097 363 1240 415 aquis.

258 470 348 501 lmbet
357 470 469 509 frigus
485 470 616 511 glaciei.
642 469 761 510 Hyems
776 479 877 508 sagax
891 470 1013 500 lascivit
1027 470 1059 500 in
1075 470 1136 501 hoc
1154 480 1258 511 opere
1273 482 1280 510 ;
1303 474 1332 502 et
1346 480 1468 511 gemma
1482 468 1663 510 pretiosior,
1680 468 1724 500 ob

258 513 449 545 soliditatem
465 513 612 544 nondum
628 512 814 553 absolutam,
829 516 937 552 turget
951 513 1039 553 aquis
1053 513 1180 545 nativis.

875 604 1110 616 aeaeaeaeaeaeaeaeaeaeaeae

260 665 428 700 negat—3
452 663 531 693 ludit
550 663 630 693 Put.
646 660 753 694 Hafn.
778 662 861 693 luxit
873 661 1004 692 Buslid.
1020 662 1092 692 risit
1104 661 1184 693 Jun.
1202 664 1315 701 pr.—-4
1339 661 1421 692 vivis
1437 661 1535 693 Rott.
1548 660 1614 691 duo
1631 659 1729 692 Med.

265 707 342 737 Put.
359 705 425 736 duo
443 706 562 737 Petav.
588 705 720 736 Bonon.
748 705 814 736 duo
831 705 951 735 Ambr.
970 705 1095 735 Movet.
1115 714 1164 744 pr.
1183 704 1297 735 Oxou.
1315 713 1382 735 sec.
1402 704 1531 735 Buslid.
1550 709 1620 735 vet.
1639 703 1726 744 Gyr.

259 749 343 780 Vat.
360 749 468 779 Liviu.
486 748 569 779 Exc.
597 748 744 779 Lucens.
773 757 823 787 pr.
851 747 970 777 Sched.
989 746 1079 776 Gud.
1103 756 1182 776 unus
1203 747 1269 777 inc.
1298 747 1420 777 Heius.
1437 747 1516 777 Vat.
1546 756 1614 777 sec.
1638 745 1728 777 mitis

259 791 340 823 Vat.
364 796 445 822 tert.
477 790 626 821 Florent.
650 790 738 821 mitis
759 794 795 820 et
820 789 933 819 nitidis
952 798 995 818 m.
1011 798 1080 819 sec.
1098 788 1204 819 Oisel.
1239 789 1318 819 vivis
1345 799 1388 820 m.
1406 798 1457 830 pr.
1474 793 1510 820 et
1542 788 1655 819 nitidis
1678 797 1726 819 m.

262 843 330 865 sec.
346 834 428 865 Var.
445 833 513 864 LL.
530 832 583 863 ed.
600 832 705 863 Antv.
729 834 877 862 tumescat
895 830 972 861 Pal.
990 830 1058 861 duo
1074 830 1169 862 Med.

921 935 1065 967 NOTAE

304 1016 322 1045 3
338 1012 445 1053 Lusit]
468 1012 573 1045 Quasi
589 1010 737 1043 ludendo
752 1011 968 1051 constringit,
1023 1010 1104 1048 rior,
1122 1009 1316 1050 pretiosior,
1338 1010 1418 1051 quia
1433 1009 1525 1051 rigor
1541 1019 1602 1041 seu
1618 1009 1732 1041 solidi-

261 1063 411 1095 indurat.
471 1063 536 1094 Est
563 1062 652 1094 enim
676 1062 731 1093 hic
759 1061 968 1093 lascivientis
1023 1066 1074 1092 tas
1091 1061 1214 1102 lapidis
1243 1061 1382 1102 glaciati
1402 1071 1470 1092 non
1494 1059 1654 1102 perfecta
1679 1071 1731 1093 os-

260 1118 393 1145 naturae
410 1112 518 1144 ludus.
1023 1111 1136 1143 tendit
1163 1112 1258 1143 velut
1283 1121 1446 1153 gemmam
1472 1116 1668 1154 turgentem
1696 1122 1731 1143 a·

306 1164 547 1206 Imperfectoque
561 1163 668 1204 rigore
683 1163 829 1204 nobilior]
844 1161 969 1193 Pulch-
1022 1162 1097 1205 quis
1115 1163 1248 1195 nativis.

907 1365 1073 1413 LVII.

813 1517 855 1556 7.
915 1506 1170 1556 ALITER.

263 1626 517 1673 NYMPHAE,
540 1635 642 1676 quae
665 1622 813 1675 tegitis
835 1624 1019 1674 cognato
1043 1633 1216 1661 carcere
1239 1619 1487 1674 Nymphas,

326 1692 377 1733 Et
398 1704 501 1745 quae
524 1703 638 1730 nunc
661 1689 780 1739 estis,
804 1701 989 1742 quaeque
1008 1686 1155 1728 fuistis
1178 1699 1325 1740 aquae,

300 1800 331 1833 O
348 1800 459 1840 Aquae,
471 1809 538 1840 quoe
548 1798 678 1839 operitis
689 1807 785 1839 aquas
799 1798 934 1838 tegmine
944 1797 1054 1837 simili,
1071 1800 1100 1828 et
1112 1808 1178 1838 quoe
1191 1808 1271 1829 nunc
1281 1797 1368 1836 estis,
1384 1801 1414 1829 et
1427 1808 1495 1839 quae
1502 1797 1616 1837 fuistis
1630 1809 1732 1840 aqum,

879 1886 1115 1899 ooooooooooo

308 1955 349 1986 In
376 1958 442 1986 vet.
470 1954 554 1994 Gyr.
583 1952 748 1993 superiori
773 1962 941 1984 annexum
967 1957 1040 1984 erat
1067 1953 1131 1984 hoc
1148 1962 1297 1983 carmen.
1323 1953 1388 1985 inc.
1416 1953 1536 1985 Heius.
1552 1953 1659 1985 habet
1681 1954 1734 1986 De

265 1999 380 2030 eodem.
417 1997 533 2028 Aliter.
561 2001 633 2027 erat
659 1997 693 2026 in
710 1996 790 2027 Vat.
819 2006 869 2037 pr.
897 2002 931 2027 et
950 1996 1058 2027 Livin.
1095 1996 1135 2026 In
1153 1996 1299 2027 Lucens.
1317 2005 1369 2036 pr.
1396 2001 1431 2027 et
1461 1996 1541 2028 Put.
1558 1996 1658 2028 deest
1674 1997 1731 2028 In-

265 2041 331 2072 scri
361 2040 418 2071 tio.

310 2050 508 2123 leymphae
523 2081 591 2112 duo
607 2081 698 2112 Vatt.
715 2081 791 2112 Pal.
809 2082 906 2113 Rott.
921 2081 1028 2113 Oisel.
1042 2081 1108 2112 duo
1123 2080 1218 2111 Med.
1234 2080 1300 2111 duo
1313 2081 1439 2112 Petav.
1455 2081 1586 2113 Bonou.
1601 2081 1733 2114 Buslid.

265 2125 414 2167 Lymphae
437 2126 547 2156 Oxou.
576 2133 644 2155 sec.
662 2124 766 2155 Gesn.
793 2129 827 2155 et
855 2125 909 2155 ed.
938 2125 1079 2165 Bipont.
1112 2133 1236 2154 carcere
1250 2124 1330 2155 Vat.
1356 2134 1407 2164 pr.
1438 2125 1510 2156 Pal.
1539 2124 1607 2155 duo
1634 2125 1733 2157 Med.

266 2168 383 2200 Ambr.
401 2177 453 2208 pr.
469 2167 595 2198 Sched.
612 2167 704 2199 Gud.
728 2171 851 2208 pectore
876 2168 1003 2198 Moret.
1032 2177 1083 2208 pr.
1107 2176 1233 2207 corpore
1250 2166 1412 2197 Heinsius
1430 2177 1494 2198 non
1519 2167 1732 2207 improbasse

265 2211 416 2248 videtur,
432 2211 489 2251 qui
507 2211 714 2250 ascripserat
731 2220 777 2242 νε.
794 2213 824 2241 3.
841 2221 913 2251 seq.
930 2210 1046 2251 Epigr.
1069 2212 1078 2226 ‘
1093 2210 1172 2241 Non
1189 2210 1302 2250 potuit
1326 2215 1400 2240 toto
1418 2210 1556 2240 mentiri
1582 2220 1731 2251 corpore

266 2253 453 2295 gemmam?
477 2253 618 2294 lymphas
634 2253 718 2284 Mss.
735 2254 899 2293 nonnulli,
916 2253 996 2284 item
1012 2254 1116 2285 Gesn.
1135 2258 1170 2283 et
1187 2252 1242 2284 ed.
1261 2252 1466 2292 ssipont.—-2
1490 2262 1549 2282 non
1565 2253 1641 2284 estis
1654 2253 1732 2284 Μο-

266 2301 331 2327 ret.
347 2305 398 2336 pr.
413 2296 523 2334 junxit
541 2301 610 2327 tres
627 2297 723 2327 Vatt.
736 2296 812 2328 Pal.
835 2296 940 2327 vinxit
957 2297 1109 2327 Florem.
1126 2294 1220 2325 Med.
1244 2303 1312 2325 sec.
1331 2293 1435 2326 Hasn.
1452 2295 1519 2326 inc.
1537 2295 1658 2327 Heius.
1674 2295 1732 2336 qui

266 2339 495 2380 ascripserat:
520 2339 575 2369 Sic
591 2348 667 2369 auro
690 2339 812 2370 vinciri.
830 2339 897 2370 vid.
914 2339 1054 2370 Salmas.
1073 2337 1115 2369 ad
1133 2337 1223 2369 Hist.
1240 2336 1327 2378 Aug.
1355 2347 1388 2378 p.
1405 2340 1479 2370 179.
1495 2337 1599 2370 Ovid.
1617 2348 1642 2370 1.
1657 2339 1732 2372 Me-

928 2435 959 2465 N
965 2434 1073 2466 OTAE

311 2512 327 2540 1
346 2509 485 2548 Cognato
499 2509 635 2549 carcere]
652 2508 693 2539 In
709 2510 869 2550 crystallo
883 2520 971 2551 aqua
1026 2519 1123 2551 quam
1142 2509 1267 2549 glacies
1280 2519 1339 2540 vos
1353 2509 1625 2550 constringeret3
1639 2502 1732 2541 'estis

267 2561 414 2603 glaciata
437 2570 539 2601 supra
563 2560 647 2599 tegit
663 2560 809 2602 quodam
832 2571 971 2593 carcere
1026 2561 1136 2592 adbuc
1164 2570 1272 2601 aqua»,
1289 2560 1368 2600 quia
1392 2570 1432 2590 ex
1458 2569 1547 2600 aqua
1570 2563 1672 2600 natae,
1695 2566 1733 2591 et

267 2614 426 2652 cognato,
448 2621 507 2641 seu
531 2611 650 2641 similis
675 2616 820 2650 natura»,
844 2611 879 2642 id
906 2616 971 2651 est,
1027 2610 1105 2652 quia
1120 2609 1274 2647 formam,
1290 2609 1451 2647 colorem,
1465 2613 1500 2640 et
1512 2607 1617 2648 frigus
1633 2619 1732 2650 aquae

268 2670 390 2702 aquae3
414 2660 512 2701 tegit,
534 2661 682 2702 inquam,
704 2659 845 2692 inferius
868 2671 972 2703 aquas
1028 2661 1197 2692 retinetis.
1254 2660 1399 2698 Plinius,
1425 2659 1600 2691 contraria
1630 2669 1734 2692 causa

268 2721 335 2743 non
354 2711 532 2752 glaciatas.
1028 2714 1037 2730 ‘
1055 2713 1254 2754 crystallum
1272 2710 1355 2742 facit
1382 2711 1458 2752 gelu
1479 2710 1734 2742 vehementiore

312 2765 332 2794 2
350 2762 472 2802 Ecqua:
486 2761 582 2803 nunc]
599 2762 725 2794 Fuistis
743 2772 849 2805 aqum,
865 2762 974 2805 prius·
1029 2768 1202 2796 concreto.
1249 2762 1278 2794 N
1284 2772 1324 2794 ec
1341 2761 1422 2793 alibi
1437 2765 1534 2793 certe
1549 2761 1734 2802 reperitur,
