<?xml version="1.0" encoding="UTF-8"?>
<!DOCTYPE html PUBLIC "-//W3C//DTD XHTML 1.0 Transitional//EN"
    "http://www.w3.org/TR/xhtml1/DTD/xhtml1-transitional.dtd">
<html xmlns="http://www.w3.org/1999/xhtml" xml:lang="en" lang="en">
 <head>
  <title>
</title>
<meta http-equiv="Content-Type" content="text/html;charset=utf-8" />
  <meta name='ocr-system' content='tesseract 3.04.00' />
  <meta name='ocr-capabilities' content='ocr_page ocr_carea ocr_par ocr_line ocrx_word'/>
</head>
<body>
  <div class='ocr_page' id='page_1' title='image "./operaomniaexedit03clauuoft_0496.png"; bbox 0 0 1851 3213; ppageno 0'>
   <div class='ocr_carea' id='block_1_1' title="bbox 231 174 345 216">
    <p class='ocr_par' dir='ltr' id='par_1_1' title="bbox 231 174 345 216">
     <span class='ocr_line' id='line_1_1' title="bbox 231 174 345 216; baseline 0.018 -2"><span class='ocrx_word' id='word_1_1' title='bbox 231 174 345 216; x_wconf 81' lang='lat'>1468</span> 
     </span>
    </p>
   </div>
   <div class='ocr_carea' id='block_1_2' title="bbox 224 277 941 2085">
    <p class='ocr_par' dir='ltr' id='par_1_2' title="bbox 231 277 939 413">
     <span class='ocr_line' id='line_1_2' title="bbox 232 277 937 321; baseline -0.004 -10"><span class='ocrx_word' id='word_1_2' title='bbox 232 291 322 311; x_wconf 88' lang='lat' dir='ltr'>mum</span> <span class='ocrx_word' id='word_1_3' title='bbox 339 280 381 311; x_wconf 90' lang='lat' dir='ltr'>de</span> <span class='ocrx_word' id='word_1_4' title='bbox 395 280 525 321; x_wconf 75' lang='lat' dir='ltr'><strong><em>Rapta.</em></strong></span> <span class='ocrx_word' id='word_1_5' title='bbox 569 279 743 320; x_wconf 79' lang='lat' dir='ltr'>Intelligit</span> <span class='ocrx_word' id='word_1_6' title='bbox 757 282 871 310; x_wconf 88' lang='lat' dir='ltr'>autem</span> <span class='ocrx_word' id='word_1_7' title='bbox 887 277 937 308; x_wconf 92' lang='lat' dir='ltr'>Si-</span> 
     </span>
     <span class='ocr_line' id='line_1_3' title="bbox 231 328 939 372; baseline -0.004 -11"><span class='ocrx_word' id='word_1_8' title='bbox 231 331 354 372; x_wconf 83' lang='lat' dir='ltr'>byllas,</span> <span class='ocrx_word' id='word_1_9' title='bbox 376 336 413 362; x_wconf 82' lang='lat' dir='ltr'>et</span> <span class='ocrx_word' id='word_1_10' title='bbox 444 331 628 371; x_wconf 82' lang='lat' dir='ltr'>Delphicas</span> <span class='ocrx_word' id='word_1_11' title='bbox 661 336 769 368; x_wconf 76' lang='lat' dir='ltr'>vates,</span> <span class='ocrx_word' id='word_1_12' title='bbox 799 328 939 360; x_wconf 85' lang='lat' dir='ltr'>oracula</span> 
     </span>
     <span class='ocr_line' id='line_1_4' title="bbox 232 381 727 413; baseline -0.002 -2"><span class='ocrx_word' id='word_1_13' title='bbox 232 381 379 413; x_wconf 77' lang='lat' dir='ltr'>reddere</span> <span class='ocrx_word' id='word_1_14' title='bbox 392 386 586 412; x_wconf 84' lang='lat' dir='ltr'>consuetas.</span> <span class='ocrx_word' id='word_1_15' title='bbox 610 381 727 411; x_wconf 86' lang='lat' dir='ltr'><strong><em>Barth.</em></strong></span> 
     </span>
    </p>

    <p class='ocr_par' dir='ltr' id='par_1_3' title="bbox 234 430 938 514">
     <span class='ocr_line' id='line_1_5' title="bbox 274 430 938 471; baseline -0.006 -7"><span class='ocrx_word' id='word_1_16' title='bbox 274 436 337 464; x_wconf 79' lang='lat'>328</span> <span class='ocrx_word' id='word_1_17' title='bbox 361 432 526 471; x_wconf 76' lang='lat' dir='ltr'>Trojanam</span> <span class='ocrx_word' id='word_1_18' title='bbox 555 430 748 470; x_wconf 73' lang='lat' dir='ltr'>Minervam]</span> <span class='ocrx_word' id='word_1_19' title='bbox 786 430 938 461; x_wconf 86' lang='lat' dir='ltr'>Palladi-</span> 
     </span>
     <span class='ocr_line' id='line_1_6' title="bbox 234 483 428 514; baseline 0 0"><span class='ocrx_word' id='word_1_20' title='bbox 234 493 303 514; x_wconf 84' lang='lat' dir='ltr'>um.</span> <span class='ocrx_word' id='word_1_21' title='bbox 329 483 428 514; x_wconf 79' lang='lat' dir='ltr'>Idem.</span> 
     </span>
    </p>

    <p class='ocr_par' dir='ltr' id='par_1_4' title="bbox 224 531 939 767">
     <span class='ocr_line' id='line_1_7' title="bbox 277 531 939 573; baseline -0.005 -8"><span class='ocrx_word' id='word_1_22' title='bbox 277 535 440 573; x_wconf 62' lang='lat' dir='ltr'>Troianam</span> <span class='ocrx_word' id='word_1_23' title='bbox 459 533 524 563; x_wconf 85' lang='lat' dir='ltr'>sola</span> <span class='ocrx_word' id='word_1_24' title='bbox 542 531 733 571; x_wconf 73' lang='lat' dir='ltr'>Minervam]</span> <span class='ocrx_word' id='word_1_25' title='bbox 759 532 811 563; x_wconf 85' lang='lat' dir='ltr'>Ex</span> <span class='ocrx_word' id='word_1_26' title='bbox 830 532 939 562; x_wconf 88' lang='lat' dir='ltr'>Luca-</span> 
     </span>
     <span class='ocr_line' id='line_1_8' title="bbox 232 583 938 623; baseline -0.003 -9"><span class='ocrx_word' id='word_1_27' title='bbox 232 584 265 615; x_wconf 90' lang='lat' dir='ltr'>ni</span> <span class='ocrx_word' id='word_1_28' title='bbox 294 585 352 615; x_wconf 88' lang='lat' dir='ltr'>lib.</span> <span class='ocrx_word' id='word_1_29' title='bbox 384 593 409 614; x_wconf 93' lang='lat'>1.</span> <span class='ocrx_word' id='word_1_30' title='bbox 442 587 633 614; x_wconf 86' lang='lat' dir='ltr'>mutuatus:</span> <span class='ocrx_word' id='word_1_31' title='bbox 671 583 938 623; x_wconf 77' lang='lat' dir='ltr'>‘Vestalemque</span> 
     </span>
     <span class='ocr_line' id='line_1_9' title="bbox 231 633 938 672; baseline -0.003 -6"><span class='ocrx_word' id='word_1_32' title='bbox 231 636 372 667; x_wconf 83' lang='lat' dir='ltr'>chorum</span> <span class='ocrx_word' id='word_1_33' title='bbox 389 634 488 666; x_wconf 87' lang='lat' dir='ltr'>duxit</span> <span class='ocrx_word' id='word_1_34' title='bbox 505 634 631 664; x_wconf 84' lang='lat' dir='ltr'>vittata</span> <span class='ocrx_word' id='word_1_35' title='bbox 653 633 826 672; x_wconf 82' lang='lat' dir='ltr'>sacerdos,</span> <span class='ocrx_word' id='word_1_36' title='bbox 852 634 938 664; x_wconf 89' lang='lat' dir='ltr'>Tro—</span> 
     </span>
     <span class='ocr_line' id='line_1_10' title="bbox 224 684 938 726; baseline -0.004 -10"><span class='ocrx_word' id='word_1_37' title='bbox 224 685 344 726; x_wconf 85' lang='lat' dir='ltr'>janam</span> <span class='ocrx_word' id='word_1_38' title='bbox 361 685 422 716; x_wconf 84' lang='lat' dir='ltr'>soli</span> <span class='ocrx_word' id='word_1_39' title='bbox 435 685 490 716; x_wconf 85' lang='lat' dir='ltr'>cui</span> <span class='ocrx_word' id='word_1_40' title='bbox 506 684 557 715; x_wconf 85' lang='lat' dir='ltr'>fas</span> <span class='ocrx_word' id='word_1_41' title='bbox 575 684 700 715; x_wconf 84' lang='lat' dir='ltr'>vidisse</span> <span class='ocrx_word' id='word_1_42' title='bbox 720 684 938 714; x_wconf 86' lang='lat' dir='ltr'>Minervam.’</span> 
     </span>
     <span class='ocr_line' id='line_1_11' title="bbox 230 736 402 767; baseline -0.006 0"><span class='ocrx_word' id='word_1_43' title='bbox 230 736 276 767; x_wconf 90' lang='lat' dir='ltr'>D.</span> <span class='ocrx_word' id='word_1_44' title='bbox 293 736 402 767; x_wconf 75' lang='lat' dir='ltr'>Heius.</span> 
     </span>
    </p>

    <p class='ocr_par' dir='ltr' id='par_1_5' title="bbox 231 783 941 970">
     <span class='ocr_line' id='line_1_12' title="bbox 274 783 939 825; baseline -0.006 -8"><span class='ocrx_word' id='word_1_45' title='bbox 274 789 337 817; x_wconf 77' lang='lat'>329</span> <span class='ocrx_word' id='word_1_46' title='bbox 362 786 580 825; x_wconf 80' lang='lat' dir='ltr'>Flammasque</span> <span class='ocrx_word' id='word_1_47' title='bbox 608 783 729 823; x_wconf 84' lang='lat' dir='ltr'>tuetur]</span> <span class='ocrx_word' id='word_1_48' title='bbox 753 783 822 814; x_wconf 88' lang='lat' dir='ltr'>Sub</span> <span class='ocrx_word' id='word_1_49' title='bbox 840 783 939 814; x_wconf 82' lang='lat' dir='ltr'>casti-</span> 
     </span>
     <span class='ocr_line' id='line_1_13' title="bbox 231 834 938 878; baseline -0.006 -10"><span class='ocrx_word' id='word_1_50' title='bbox 231 838 365 878; x_wconf 85' lang='lat' dir='ltr'>gatione</span> <span class='ocrx_word' id='word_1_51' title='bbox 393 836 572 866; x_wconf 82' lang='lat' dir='ltr'>immitium</span> <span class='ocrx_word' id='word_1_52' title='bbox 603 834 798 875; x_wconf 85' lang='lat' dir='ltr'>flagrorum.</span> <span class='ocrx_word' id='word_1_53' title='bbox 825 834 938 866; x_wconf 77' lang='lat' dir='ltr'>Julius</span> 
     </span>
     <span class='ocr_line' id='line_1_14' title="bbox 232 885 941 928; baseline -0.006 -9"><span class='ocrx_word' id='word_1_54' title='bbox 232 888 451 928; x_wconf 80' lang='lat' dir='ltr'>obsequens,</span> <span class='ocrx_word' id='word_1_55' title='bbox 465 887 507 917; x_wconf 84' lang='lat' dir='ltr'>de</span> <span class='ocrx_word' id='word_1_56' title='bbox 523 886 710 927; x_wconf 84' lang='lat' dir='ltr'>Prodigiis,</span> <span class='ocrx_word' id='word_1_57' title='bbox 723 895 800 926; x_wconf 82' lang='lat' dir='ltr'><strong><em>cap.</em></strong></span> <span class='ocrx_word' id='word_1_58' title='bbox 817 888 848 916; x_wconf 83' lang='lat'>6.</span> <span class='ocrx_word' id='word_1_59' title='bbox 868 885 941 916; x_wconf 85' lang='lat' dir='ltr'>Ma-</span> 
     </span>
     <span class='ocr_line' id='line_1_15' title="bbox 231 937 846 970; baseline -0.002 -1"><span class='ocrx_word' id='word_1_60' title='bbox 231 938 368 970; x_wconf 90' lang='lat' dir='ltr'>crobius</span> <span class='ocrx_word' id='word_1_61' title='bbox 382 947 405 969; x_wconf 85' lang='lat'>1.</span> <span class='ocrx_word' id='word_1_62' title='bbox 418 937 591 968; x_wconf 83' lang='lat' dir='ltr'>Saturnal.</span> <span class='ocrx_word' id='word_1_63' title='bbox 609 947 638 968; x_wconf 91' lang='lat' dir='ltr'>c.</span> <span class='ocrx_word' id='word_1_64' title='bbox 652 939 705 968; x_wconf 86' lang='lat'>12.</span> <span class='ocrx_word' id='word_1_65' title='bbox 731 937 846 968; x_wconf 83' lang='lat' dir='ltr'><strong><em>Barth.</em></strong></span> 
     </span>
    </p>

    <p class='ocr_par' dir='ltr' id='par_1_6' title="bbox 231 987 940 1081">
     <span class='ocr_line' id='line_1_16' title="bbox 274 987 940 1029; baseline -0.003 -9"><span class='ocrx_word' id='word_1_66' title='bbox 274 992 338 1020; x_wconf 82' lang='lat'>330</span> <span class='ocrx_word' id='word_1_67' title='bbox 374 988 560 1028; x_wconf 74' lang='lat' dir='ltr'><strong><em>Semperque</em></strong></span> <span class='ocrx_word' id='word_1_68' title='bbox 594 987 763 1029; x_wconf 79' lang='lat' dir='ltr'><strong><em>prophani]</em></strong></span> <span class='ocrx_word' id='word_1_69' title='bbox 826 987 940 1020; x_wconf 87' lang='lat' dir='ltr'>Nullis</span> 
     </span>
     <span class='ocr_line' id='line_1_17' title="bbox 231 1039 687 1081; baseline -0.004 -10"><span class='ocrx_word' id='word_1_70' title='bbox 231 1039 404 1081; x_wconf 74' lang='lat' dir='ltr'><strong>mysteriis</strong></span> <span class='ocrx_word' id='word_1_71' title='bbox 417 1039 564 1070; x_wconf 75' lang='lat' dir='ltr'>admissi.</span> <span class='ocrx_word' id='word_1_72' title='bbox 589 1039 687 1070; x_wconf 84' lang='lat' dir='ltr'><strong><em>Idem.</em></strong></span> 
     </span>
    </p>

    <p class='ocr_par' dir='ltr' id='par_1_7' title="bbox 230 1088 940 1371">
     <span class='ocr_line' id='line_1_18' title="bbox 273 1088 940 1130; baseline -0.001 -11"><span class='ocrx_word' id='word_1_73' title='bbox 273 1090 459 1130; x_wconf 84' lang='lat' dir='ltr'><em>Semperque</em></span> <span class='ocrx_word' id='word_1_74' title='bbox 472 1089 613 1130; x_wconf 83' lang='lat' dir='ltr'>profani]</span> <span class='ocrx_word' id='word_1_75' title='bbox 647 1089 791 1120; x_wconf 87' lang='lat' dir='ltr'>Diocles</span> <span class='ocrx_word' id='word_1_76' title='bbox 808 1089 839 1119; x_wconf 90' lang='lat' dir='ltr'>in</span> <span class='ocrx_word' id='word_1_77' title='bbox 857 1088 940 1119; x_wconf 87' lang='lat' dir='ltr'>Dia-</span> 
     </span>
     <span class='ocr_line' id='line_1_19' title="bbox 230 1138 940 1181; baseline -0.004 -10"><span class='ocrx_word' id='word_1_78' title='bbox 230 1141 310 1181; x_wconf 85' lang='lat' dir='ltr'>logo</span> <span class='ocrx_word' id='word_1_79' title='bbox 350 1139 503 1175; x_wconf 82' lang='lat' dir='ltr'>Luciani,</span> <span class='ocrx_word' id='word_1_80' title='bbox 528 1139 588 1178; x_wconf 86' lang='lat' dir='ltr'>ait,</span> <span class='ocrx_word' id='word_1_81' title='bbox 620 1138 770 1178; x_wconf 87' lang='lat' dir='ltr'>iniquum</span> <span class='ocrx_word' id='word_1_82' title='bbox 795 1147 881 1176; x_wconf 80' lang='lat' dir='ltr'>esse,</span> <span class='ocrx_word' id='word_1_83' title='bbox 902 1142 940 1168; x_wconf 88' lang='lat' dir='ltr'>ut</span> 
     </span>
     <span class='ocr_line' id='line_1_20' title="bbox 231 1186 940 1229; baseline -0.006 -8"><span class='ocrx_word' id='word_1_84' title='bbox 231 1190 415 1221; x_wconf 78' lang='lat' dir='ltr'>Eunuchus</span> <span class='ocrx_word' id='word_1_85' title='bbox 444 1189 668 1229; x_wconf 71' lang='lat' dir='ltr'>philosophiae</span> <span class='ocrx_word' id='word_1_86' title='bbox 694 1186 940 1228; x_wconf 79' lang='lat' dir='ltr'><strong>professionem</strong></span> 
     </span>
     <span class='ocr_line' id='line_1_21' title="bbox 233 1237 939 1278; baseline -0.006 -7"><span class='ocrx_word' id='word_1_87' title='bbox 233 1240 385 1277; x_wconf 85' lang='lat' dir='ltr'>ambiat;</span> <span class='ocrx_word' id='word_1_88' title='bbox 412 1247 513 1278; x_wconf 88' lang='lat' dir='ltr'>quum</span> <span class='ocrx_word' id='word_1_89' title='bbox 538 1237 580 1267; x_wconf 87' lang='lat' dir='ltr'>ab</span> <span class='ocrx_word' id='word_1_90' title='bbox 609 1237 689 1278; x_wconf 84' lang='lat' dir='ltr'>ipsis</span> <span class='ocrx_word' id='word_1_91' title='bbox 712 1237 814 1267; x_wconf 87' lang='lat' dir='ltr'>etiam</span> <span class='ocrx_word' id='word_1_92' title='bbox 834 1237 939 1267; x_wconf 81' lang='lat' dir='ltr'>sacris</span> 
     </span>
     <span class='ocr_line' id='line_1_22' title="bbox 233 1287 939 1329; baseline -0.001 -9"><span class='ocrx_word' id='word_1_93' title='bbox 233 1300 272 1320; x_wconf 91' lang='lat' dir='ltr'>ac</span> <span class='ocrx_word' id='word_1_94' title='bbox 290 1289 378 1319; x_wconf 84' lang='lat' dir='ltr'>vasis</span> <span class='ocrx_word' id='word_1_95' title='bbox 403 1288 496 1329; x_wconf 89' lang='lat' dir='ltr'>puris</span> <span class='ocrx_word' id='word_1_96' title='bbox 521 1297 598 1318; x_wconf 89' lang='lat' dir='ltr'>eum</span> <span class='ocrx_word' id='word_1_97' title='bbox 623 1287 753 1318; x_wconf 82' lang='lat' dir='ltr'>secludi</span> <span class='ocrx_word' id='word_1_98' title='bbox 769 1291 939 1327; x_wconf 81' lang='lat' dir='ltr'>oporteat.</span> 
     </span>
     <span class='ocr_line' id='line_1_23' title="bbox 236 1341 363 1371; baseline -0.008 0"><span class='ocrx_word' id='word_1_99' title='bbox 236 1341 363 1371; x_wconf 68' lang='lat' dir='ltr'>Cliti-er.</span> 
     </span>
    </p>

    <p class='ocr_par' dir='ltr' id='par_1_8' title="bbox 233 1387 938 1474">
     <span class='ocr_line' id='line_1_24' title="bbox 275 1387 938 1428; baseline -0.006 -6"><span class='ocrx_word' id='word_1_100' title='bbox 275 1394 336 1422; x_wconf 79' lang='lat'>331</span> <span class='ocrx_word' id='word_1_101' title='bbox 364 1391 415 1421; x_wconf 81' lang='lat' dir='ltr'>Ad</span> <span class='ocrx_word' id='word_1_102' title='bbox 437 1389 581 1427; x_wconf 83' lang='lat' dir='ltr'>fructum</span> <span class='ocrx_word' id='word_1_103' title='bbox 603 1387 728 1428; x_wconf 79' lang='lat' dir='ltr'>mulier]</span> <span class='ocrx_word' id='word_1_104' title='bbox 770 1387 938 1419; x_wconf 76' lang='lat' dir='ltr'>Nimirum</span> 
     </span>
     <span class='ocr_line' id='line_1_25' title="bbox 233 1441 510 1474; baseline -0.011 0"><span class='ocrx_word' id='word_1_105' title='bbox 233 1442 369 1474; x_wconf 84' lang='lat' dir='ltr'>sobolis.</span> <span class='ocrx_word' id='word_1_106' title='bbox 394 1441 510 1472; x_wconf 82' lang='lat' dir='ltr'><strong><em>Barth.</em></strong></span> 
     </span>
    </p>

    <p class='ocr_par' dir='ltr' id='par_1_9' title="bbox 232 1488 939 1675">
     <span class='ocr_line' id='line_1_26' title="bbox 276 1488 938 1531; baseline -0.009 -8"><span class='ocrx_word' id='word_1_107' title='bbox 276 1495 339 1523; x_wconf 80' lang='lat'>332</span> <span class='ocrx_word' id='word_1_108' title='bbox 364 1491 434 1523; x_wconf 83' lang='lat' dir='ltr'>Hoc</span> <span class='ocrx_word' id='word_1_109' title='bbox 457 1491 570 1531; x_wconf 79' lang='lat' dir='ltr'>genus]</span> <span class='ocrx_word' id='word_1_110' title='bbox 603 1489 757 1520; x_wconf 84' lang='lat' dir='ltr'>Eunuchi</span> <span class='ocrx_word' id='word_1_111' title='bbox 775 1488 817 1519; x_wconf 88' lang='lat' dir='ltr'>ad</span> <span class='ocrx_word' id='word_1_112' title='bbox 835 1489 938 1519; x_wconf 88' lang='lat' dir='ltr'>servi-</span> 
     </span>
     <span class='ocr_line' id='line_1_27' title="bbox 232 1539 939 1581; baseline -0.008 -7"><span class='ocrx_word' id='word_1_113' title='bbox 232 1544 317 1574; x_wconf 83' lang='lat' dir='ltr'>tium</span> <span class='ocrx_word' id='word_1_114' title='bbox 336 1542 433 1581; x_wconf 86' lang='lat' dir='ltr'>facti,</span> <span class='ocrx_word' id='word_1_115' title='bbox 462 1547 607 1581; x_wconf 79' lang='lat' dir='ltr'>suntque</span> <span class='ocrx_word' id='word_1_116' title='bbox 631 1545 667 1570; x_wconf 88' lang='lat' dir='ltr'>ut</span> <span class='ocrx_word' id='word_1_117' title='bbox 685 1549 778 1579; x_wconf 74' lang='lat' dir='ltr'>saepe</span> <span class='ocrx_word' id='word_1_118' title='bbox 794 1539 939 1579; x_wconf 81' lang='lat' dir='ltr'>abjectis</span> 
     </span>
     <span class='ocr_line' id='line_1_28' title="bbox 232 1590 939 1632; baseline -0.008 -7"><span class='ocrx_word' id='word_1_119' title='bbox 232 1593 396 1632; x_wconf 86' lang='lat' dir='ltr'>moribus,</span> <span class='ocrx_word' id='word_1_120' title='bbox 423 1591 460 1622; x_wconf 83' lang='grc' dir='ltr'>τὸ</span> <span class='ocrx_word' id='word_1_121' title='bbox 486 1591 576 1631; x_wconf 81' lang='grc' dir='ltr'><em>ἄῤῥεν</em></span> <span class='ocrx_word' id='word_1_122' title='bbox 596 1590 874 1630; x_wconf 71' lang='grc' dir='ltr'>ἡγεμονικώτερον,</span> <span class='ocrx_word' id='word_1_123' title='bbox 891 1590 939 1620; x_wconf 85' lang='lat' dir='ltr'>ait</span> 
     </span>
     <span class='ocr_line' id='line_1_29' title="bbox 232 1644 493 1675; baseline -0.004 -1"><span class='ocrx_word' id='word_1_124' title='bbox 232 1644 340 1675; x_wconf 77' lang='lat' dir='ltr'>Arist.</span> <span class='ocrx_word' id='word_1_125' title='bbox 369 1644 493 1674; x_wconf 75' lang='lat' dir='ltr'>Claver.</span> 
     </span>
    </p>

    <p class='ocr_par' dir='ltr' id='par_1_10' title="bbox 232 1692 940 1877">
     <span class='ocr_line' id='line_1_30' title="bbox 276 1692 938 1732; baseline -0.005 -8"><span class='ocrx_word' id='word_1_126' title='bbox 276 1695 338 1724; x_wconf 81' lang='lat'>333</span> <span class='ocrx_word' id='word_1_127' title='bbox 363 1694 470 1723; x_wconf 81' lang='lat' dir='ltr'>Danai</span> <span class='ocrx_word' id='word_1_128' title='bbox 482 1692 615 1732; x_wconf 82' lang='lat' dir='ltr'>fugere]</span> <span class='ocrx_word' id='word_1_129' title='bbox 638 1693 807 1731; x_wconf 78' lang='lat' dir='ltr'>Exemplo</span> <span class='ocrx_word' id='word_1_130' title='bbox 824 1696 938 1722; x_wconf 83' lang='lat' dir='ltr'>autem</span> 
     </span>
     <span class='ocr_line' id='line_1_31' title="bbox 232 1741 940 1775; baseline -0.004 -1"><span class='ocrx_word' id='word_1_131' title='bbox 232 1743 464 1775; x_wconf 83' lang='lat' dir='ltr'>Semiramidis</span> <span class='ocrx_word' id='word_1_132' title='bbox 490 1748 525 1773; x_wconf 86' lang='lat' dir='ltr'>et</span> <span class='ocrx_word' id='word_1_133' title='bbox 548 1742 757 1773; x_wconf 84' lang='lat' dir='ltr'>Amazonum</span> <span class='ocrx_word' id='word_1_134' title='bbox 781 1741 940 1772; x_wconf 82' lang='lat' dir='ltr'>muliebri</span> 
     </span>
     <span class='ocr_line' id='line_1_32' title="bbox 234 1792 937 1835; baseline -0.003 -10"><span class='ocrx_word' id='word_1_135' title='bbox 234 1795 385 1835; x_wconf 85' lang='lat' dir='ltr'>Imperio</span> <span class='ocrx_word' id='word_1_136' title='bbox 397 1794 526 1824; x_wconf 80' lang='lat' dir='ltr'>tuendo</span> <span class='ocrx_word' id='word_1_137' title='bbox 540 1802 617 1823; x_wconf 85' lang='lat' dir='ltr'>usus</span> <span class='ocrx_word' id='word_1_138' title='bbox 629 1796 680 1822; x_wconf 75' lang='lat' dir='ltr'>est</span> <span class='ocrx_word' id='word_1_139' title='bbox 694 1792 798 1822; x_wconf 89' lang='lat' dir='ltr'>etiam</span> <span class='ocrx_word' id='word_1_140' title='bbox 811 1793 937 1823; x_wconf 75' lang='lat' dir='ltr'>Caesar.</span> 
     </span>
     <span class='ocr_line' id='line_1_33' title="bbox 234 1845 352 1877; baseline -0.008 0"><span class='ocrx_word' id='word_1_141' title='bbox 234 1845 352 1877; x_wconf 84' lang='lat' dir='ltr'><strong><em>Barth.</em></strong></span> 
     </span>
    </p>

    <p class='ocr_par' dir='ltr' id='par_1_11' title="bbox 233 1892 940 2028">
     <span class='ocr_line' id='line_1_34' title="bbox 276 1892 940 1934; baseline -0.006 -8"><span class='ocrx_word' id='word_1_142' title='bbox 276 1898 339 1926; x_wconf 81' lang='lat'>335</span> <span class='ocrx_word' id='word_1_143' title='bbox 366 1895 500 1925; x_wconf 81' lang='lat' dir='ltr'>Centum</span> <span class='ocrx_word' id='word_1_144' title='bbox 525 1893 627 1934; x_wconf 81' lang='lat' dir='ltr'>portis</span> <span class='ocrx_word' id='word_1_145' title='bbox 653 1892 817 1933; x_wconf 81' lang='lat' dir='ltr'>Babylona</span> <span class='ocrx_word' id='word_1_146' title='bbox 837 1902 940 1932; x_wconf 81' lang='lat' dir='ltr'>super-</span> 
     </span>
     <span class='ocr_line' id='line_1_35' title="bbox 234 1943 940 1986; baseline -0.006 -9"><span class='ocrx_word' id='word_1_147' title='bbox 234 1946 318 1986; x_wconf 87' lang='lat' dir='ltr'>bam]</span> <span class='ocrx_word' id='word_1_148' title='bbox 336 1946 475 1976; x_wconf 85' lang='lat' dir='ltr'>Relatus</span> <span class='ocrx_word' id='word_1_149' title='bbox 489 1943 663 1974; x_wconf 87' lang='lat' dir='ltr'>muliebris</span> <span class='ocrx_word' id='word_1_150' title='bbox 675 1944 729 1974; x_wconf 91' lang='lat' dir='ltr'>hic</span> <span class='ocrx_word' id='word_1_151' title='bbox 745 1943 838 1974; x_wconf 92' lang='lat' dir='ltr'>labor</span> <span class='ocrx_word' id='word_1_152' title='bbox 850 1943 940 1973; x_wconf 89' lang='lat' dir='ltr'>inter</span> 
     </span>
     <span class='ocr_line' id='line_1_36' title="bbox 233 1994 666 2028; baseline -0.012 0"><span class='ocrx_word' id='word_1_153' title='bbox 233 1997 399 2028; x_wconf 84' lang='lat' dir='ltr'>miracula</span> <span class='ocrx_word' id='word_1_154' title='bbox 415 1994 542 2025; x_wconf 89' lang='lat' dir='ltr'>mundi.</span> <span class='ocrx_word' id='word_1_155' title='bbox 568 1994 666 2024; x_wconf 79' lang='lat' dir='ltr'>Idem.</span> 
     </span>
    </p>

    <p class='ocr_par' dir='ltr' id='par_1_12' title="bbox 277 2044 939 2085">
     <span class='ocr_line' id='line_1_37' title="bbox 277 2044 939 2085; baseline -0.008 -6"><span class='ocrx_word' id='word_1_156' title='bbox 277 2050 339 2078; x_wconf 81' lang='lat'>337</span> <span class='ocrx_word' id='word_1_157' title='bbox 368 2046 468 2085; x_wconf 79' lang='lat' dir='ltr'>Tulit]</span> <span class='ocrx_word' id='word_1_158' title='bbox 501 2046 564 2076; x_wconf 73' lang='lat' dir='ltr'>Vel</span> <span class='ocrx_word' id='word_1_159' title='bbox 600 2044 708 2083; x_wconf 83' lang='lat' dir='ltr'>gessit</span> <span class='ocrx_word' id='word_1_160' title='bbox 739 2044 793 2074; x_wconf 91' lang='lat' dir='ltr'>vel</span> <span class='ocrx_word' id='word_1_161' title='bbox 821 2053 939 2084; x_wconf 79' lang='lat' dir='ltr'>passus</span> 
     </span>
    </p>
   </div>
   <div class='ocr_carea' id='block_1_3' title="bbox 235 2100 424 2131">
    <p class='ocr_par' dir='ltr' id='par_1_13' title="bbox 235 2100 424 2131">
     <span class='ocr_line' id='line_1_38' title="bbox 235 2100 424 2131; baseline -0.011 1"><span class='ocrx_word' id='word_1_162' title='bbox 235 2104 299 2131; x_wconf 85' lang='lat' dir='ltr'>est.</span> <span class='ocrx_word' id='word_1_163' title='bbox 327 2100 424 2130; x_wconf 83' lang='lat' dir='ltr'><strong><em>Idem.</em></strong></span> 
     </span>
    </p>
   </div>
   <div class='ocr_carea' id='block_1_4' title="bbox 280 2147 942 2187">
    <p class='ocr_par' dir='ltr' id='par_1_14' title="bbox 280 2147 942 2187">
     <span class='ocr_line' id='line_1_39' title="bbox 280 2147 942 2187; baseline -0.008 -6"><span class='ocrx_word' id='word_1_164' title='bbox 280 2150 427 2181; x_wconf 79' lang='lat' dir='ltr'>Condidit</span> <span class='ocrx_word' id='word_1_165' title='bbox 452 2147 556 2187; x_wconf 66' lang='lat' dir='ltr'>urbes]</span> <span class='ocrx_word' id='word_1_166' title='bbox 582 2148 637 2178; x_wconf 89' lang='lat' dir='ltr'>Sic</span> <span class='ocrx_word' id='word_1_167' title='bbox 655 2147 810 2177; x_wconf 84' lang='lat' dir='ltr'>meliores</span> <span class='ocrx_word' id='word_1_168' title='bbox 830 2157 838 2184; x_wconf 93' lang='lat'>;</span> <span class='ocrx_word' id='word_1_169' title='bbox 866 2156 942 2186; x_wconf 89' lang='lat' dir='ltr'>pro-</span> 
     </span>
    </p>
   </div>
   <div class='ocr_carea' id='block_1_5' title="bbox 235 2198 940 2794">
    <p class='ocr_par' dir='ltr' id='par_1_15' title="bbox 235 2198 940 2239">
     <span class='ocr_line' id='line_1_40' title="bbox 235 2198 940 2239; baseline -0.006 -7"><span class='ocrx_word' id='word_1_170' title='bbox 235 2203 277 2233; x_wconf 87' lang='lat' dir='ltr'>be</span> <span class='ocrx_word' id='word_1_171' title='bbox 294 2213 301 2232; x_wconf 88' lang='lat'>:</span> <span class='ocrx_word' id='word_1_172' title='bbox 320 2211 396 2231; x_wconf 87' lang='lat' dir='ltr'>nam</span> <span class='ocrx_word' id='word_1_173' title='bbox 408 2200 446 2230; x_wconf 80' lang='grc' dir='ltr'>τὸ</span> <span class='ocrx_word' id='word_1_174' title='bbox 458 2210 544 2231; x_wconf 82' lang='lat' dir='ltr'>arces</span> <span class='ocrx_word' id='word_1_175' title='bbox 557 2198 746 2239; x_wconf 66' lang='lat' dir='ltr'>praecessit.</span> <span class='ocrx_word' id='word_1_176' title='bbox 769 2199 811 2229; x_wconf 92' lang='lat' dir='ltr'>D.</span> <span class='ocrx_word' id='word_1_177' title='bbox 826 2198 940 2228; x_wconf 70' lang='lat' dir='ltr'>Heius.</span> 
     </span>
    </p>

    <p class='ocr_par' dir='ltr' id='par_1_16' title="bbox 235 2248 939 2439">
     <span class='ocr_line' id='line_1_41' title="bbox 278 2248 939 2288; baseline -0.006 -6"><span class='ocrx_word' id='word_1_178' title='bbox 278 2254 342 2282; x_wconf 83' lang='lat'>339</span> <span class='ocrx_word' id='word_1_179' title='bbox 366 2251 435 2282; x_wconf 89' lang='lat' dir='ltr'>Hos</span> <span class='ocrx_word' id='word_1_180' title='bbox 445 2251 549 2288; x_wconf 79' lang='lat' dir='ltr'>secere</span> <span class='ocrx_word' id='word_1_181' title='bbox 565 2248 687 2288; x_wconf 82' lang='lat' dir='ltr'>manus]</span> <span class='ocrx_word' id='word_1_182' title='bbox 732 2249 827 2279; x_wconf 90' lang='lat' dir='ltr'>Unus</span> <span class='ocrx_word' id='word_1_183' title='bbox 844 2249 939 2279; x_wconf 84' lang='lat' dir='ltr'>Med.</span> 
     </span>
     <span class='ocr_line' id='line_1_42' title="bbox 237 2299 939 2340; baseline -0.009 -6"><span class='ocrx_word' id='word_1_184' title='bbox 237 2302 329 2334; x_wconf 80' lang='lat' dir='ltr'>Has.-</span> <span class='ocrx_word' id='word_1_185' title='bbox 353 2303 540 2340; x_wconf 77' lang='lat' dir='ltr'>eleganter.</span> <span class='ocrx_word' id='word_1_186' title='bbox 587 2302 697 2340; x_wconf 84' lang='lat' dir='ltr'>Supra</span> <span class='ocrx_word' id='word_1_187' title='bbox 718 2309 766 2330; x_wconf 89' lang='lat' dir='ltr'>vs.</span> <span class='ocrx_word' id='word_1_188' title='bbox 778 2302 852 2330; x_wconf 74' lang='lat'><strong><em>271.</em></strong></span> <span class='ocrx_word' id='word_1_189' title='bbox 867 2299 939 2330; x_wconf 75' lang='lat' dir='ltr'>dix-</span> 
     </span>
     <span class='ocr_line' id='line_1_43' title="bbox 235 2350 937 2389; baseline -0.006 -5"><span class='ocrx_word' id='word_1_190' title='bbox 235 2354 344 2384; x_wconf 84' lang='lat' dir='ltr'>imus:</span> <span class='ocrx_word' id='word_1_191' title='bbox 378 2357 413 2382; x_wconf 90' lang='lat' dir='ltr'>et</span> <span class='ocrx_word' id='word_1_192' title='bbox 438 2351 485 2381; x_wconf 85' lang='lat' dir='ltr'>sic</span> <span class='ocrx_word' id='word_1_193' title='bbox 511 2350 600 2380; x_wconf 87' lang='lat' dir='ltr'>forte</span> <span class='ocrx_word' id='word_1_194' title='bbox 626 2360 704 2380; x_wconf 89' lang='lat' dir='ltr'>mox</span> <span class='ocrx_word' id='word_1_195' title='bbox 731 2350 937 2389; x_wconf 82' lang='lat' dir='ltr'>legendum:</span> 
     </span>
     <span class='ocr_line' id='line_1_44' title="bbox 236 2400 902 2439; baseline -0.008 -4"><span class='ocrx_word' id='word_1_196' title='bbox 236 2404 308 2435; x_wconf 82' lang='lat' dir='ltr'>Has</span> <span class='ocrx_word' id='word_1_197' title='bbox 317 2403 376 2433; x_wconf 83' lang='lat' dir='ltr'>sibi</span> <span class='ocrx_word' id='word_1_198' title='bbox 391 2401 551 2439; x_wconf 76' lang='lat' dir='ltr'>conjunxit</span> <span class='ocrx_word' id='word_1_199' title='bbox 565 2400 694 2430; x_wconf 80' lang='lat' dir='ltr'>similes.</span> <span class='ocrx_word' id='word_1_200' title='bbox 718 2401 763 2431; x_wconf 90' lang='lat' dir='ltr'><strong><em>D.</em></strong></span> <span class='ocrx_word' id='word_1_201' title='bbox 783 2400 902 2431; x_wconf 88' lang='lat' dir='ltr'>Heins.</span> 
     </span>
    </p>

    <p class='ocr_par' dir='ltr' id='par_1_17' title="bbox 237 2451 938 2536">
     <span class='ocr_line' id='line_1_45' title="bbox 278 2451 938 2491; baseline -0.003 -7"><span class='ocrx_word' id='word_1_202' title='bbox 278 2452 474 2491; x_wconf 74' lang='lat' dir='ltr'>Semiramis]</span> <span class='ocrx_word' id='word_1_203' title='bbox 507 2451 720 2488; x_wconf 80' lang='lat' dir='ltr'>Ammianus,</span> <span class='ocrx_word' id='word_1_204' title='bbox 750 2451 837 2481; x_wconf 93' lang='lat' dir='ltr'>libro</span> <span class='ocrx_word' id='word_1_205' title='bbox 863 2459 938 2482; x_wconf 74' lang='lat' dir='ltr'><strong><em>X1v.</em></strong></span> 
     </span>
     <span class='ocr_line' id='line_1_46' title="bbox 237 2505 357 2536; baseline -0.017 0"><span class='ocrx_word' id='word_1_206' title='bbox 237 2505 357 2536; x_wconf 81' lang='lat' dir='ltr'><strong><em>Barth.</em></strong></span> 
     </span>
    </p>

    <p class='ocr_par' dir='ltr' id='par_1_18' title="bbox 279 2550 939 2591">
     <span class='ocr_line' id='line_1_47' title="bbox 279 2550 939 2591; baseline -0.006 -6"><span class='ocrx_word' id='word_1_207' title='bbox 279 2557 342 2585; x_wconf 78' lang='lat'>340</span> <span class='ocrx_word' id='word_1_208' title='bbox 367 2553 506 2584; x_wconf 84' lang='lat' dir='ltr'>Mentita</span> <span class='ocrx_word' id='word_1_209' title='bbox 519 2551 634 2591; x_wconf 81' lang='lat' dir='ltr'>virum]</span> <span class='ocrx_word' id='word_1_210' title='bbox 647 2550 736 2580; x_wconf 83' lang='lat' dir='ltr'>Vide</span> <span class='ocrx_word' id='word_1_211' title='bbox 753 2550 939 2581; x_wconf 73' lang='lat' dir='ltr'>Justinum.</span> 
     </span>
    </p>

    <p class='ocr_par' dir='ltr' id='par_1_19' title="bbox 235 2600 940 2738">
     <span class='ocr_line' id='line_1_48' title="bbox 286 2600 940 2642; baseline -0.008 -6"><span class='ocrx_word' id='word_1_212' title='bbox 286 2605 378 2636; x_wconf 80' lang='lat' dir='ltr'>Vocis</span> <span class='ocrx_word' id='word_1_213' title='bbox 392 2602 508 2642; x_wconf 65' lang='lat' dir='ltr'>acutae]</span> <span class='ocrx_word' id='word_1_214' title='bbox 527 2602 764 2632; x_wconf 80' lang='lat' dir='ltr'>Ennucliornm</span> <span class='ocrx_word' id='word_1_215' title='bbox 783 2601 869 2632; x_wconf 80' lang='lat' dir='ltr'>talis,</span> <span class='ocrx_word' id='word_1_216' title='bbox 895 2600 940 2631; x_wconf 88' lang='grc' dir='ltr'>Α-</span> 
     </span>
     <span class='ocr_line' id='line_1_49' title="bbox 235 2651 938 2694; baseline -0.006 -8"><span class='ocrx_word' id='word_1_217' title='bbox 235 2655 400 2686; x_wconf 85' lang='lat' dir='ltr'>lexander</span> <span class='ocrx_word' id='word_1_218' title='bbox 425 2652 678 2694; x_wconf 75' lang='lat' dir='ltr'>Apin-odisaeus,</span> <span class='ocrx_word' id='word_1_219' title='bbox 698 2651 870 2682; x_wconf 85' lang='lat' dir='ltr'>Problem.</span> <span class='ocrx_word' id='word_1_220' title='bbox 887 2660 938 2682; x_wconf 79' lang='lat' dir='ltr'>ix.</span> 
     </span>
     <span class='ocr_line' id='line_1_50' title="bbox 237 2705 354 2738; baseline -0.026 0"><span class='ocrx_word' id='word_1_221' title='bbox 237 2705 354 2738; x_wconf 83' lang='lat' dir='ltr'><strong><em>Barth.</em></strong></span> 
     </span>
    </p>

    <p class='ocr_par' dir='ltr' id='par_1_20' title="bbox 281 2750 938 2794">
     <span class='ocr_line' id='line_1_51' title="bbox 281 2750 938 2794; baseline -0.011 -6"><span class='ocrx_word' id='word_1_222' title='bbox 281 2758 344 2788; x_wconf 76' lang='lat'>342</span> <span class='ocrx_word' id='word_1_223' title='bbox 367 2752 537 2794; x_wconf 84' lang='lat' dir='ltr'>Parthica]</span> <span class='ocrx_word' id='word_1_224' title='bbox 563 2751 704 2784; x_wconf 77' lang='lat' dir='ltr'>Persica.</span> <span class='ocrx_word' id='word_1_225' title='bbox 717 2750 833 2782; x_wconf 86' lang='lat' dir='ltr'>Persae</span> <span class='ocrx_word' id='word_1_226' title='bbox 848 2750 938 2782; x_wconf 85' lang='lat' dir='ltr'>enim</span> 
     </span>
    </p>
   </div>
   <div class='ocr_carea' id='block_1_6' title="bbox 440 178 1482 213">
    <p class='ocr_par' dir='ltr' id='par_1_21' title="bbox 440 178 1482 213">
     <span class='ocr_line' id='line_1_52' title="bbox 440 178 1482 213; baseline -0.003 0"><span class='ocrx_word' id='word_1_227' title='bbox 440 183 583 213; x_wconf 89' lang='lat' dir='ltr'>NOTAE</span> <span class='ocrx_word' id='word_1_228' title='bbox 618 181 884 212; x_wconf 80' lang='lat' dir='ltr'>VAR10RUM</span> <span class='ocrx_word' id='word_1_229' title='bbox 921 180 971 211; x_wconf 86' lang='lat' dir='ltr'>IN</span> <span class='ocrx_word' id='word_1_230' title='bbox 1006 179 1081 211; x_wconf 78' lang='lat' dir='ltr'>GL.</span> <span class='ocrx_word' id='word_1_231' title='bbox 1115 179 1300 210; x_wconf 83' lang='lat' dir='ltr'><strong><em>CLAUD.</em></strong></span> <span class='ocrx_word' id='word_1_232' title='bbox 1335 178 1482 210; x_wconf 81' lang='lat' dir='ltr'><strong><em>XVIII.</em></strong></span> 
     </span>
    </p>
   </div>
   <div class='ocr_carea' id='block_1_7' title="bbox 981 273 1704 2787">
    <p class='ocr_par' dir='ltr' id='par_1_22' title="bbox 991 273 1698 367">
     <span class='ocr_line' id='line_1_53' title="bbox 991 273 1698 314; baseline -0.006 -6"><span class='ocrx_word' id='word_1_233' title='bbox 991 281 1026 308; x_wconf 88' lang='lat' dir='ltr'>et</span> <span class='ocrx_word' id='word_1_234' title='bbox 1052 277 1173 308; x_wconf 79' lang='lat' dir='ltr'>Parthi</span> <span class='ocrx_word' id='word_1_235' title='bbox 1199 276 1301 307; x_wconf 90' lang='lat' dir='ltr'>iidem</span> <span class='ocrx_word' id='word_1_236' title='bbox 1329 279 1420 314; x_wconf 87' lang='lat' dir='ltr'>sunt,</span> <span class='ocrx_word' id='word_1_237' title='bbox 1443 274 1494 306; x_wconf 87' lang='lat' dir='ltr'>his</span> <span class='ocrx_word' id='word_1_238' title='bbox 1516 274 1558 305; x_wconf 85' lang='lat' dir='ltr'>ab</span> <span class='ocrx_word' id='word_1_239' title='bbox 1580 273 1646 305; x_wconf 86' lang='lat' dir='ltr'>illis</span> <span class='ocrx_word' id='word_1_240' title='bbox 1663 273 1698 304; x_wconf 89' lang='lat' dir='ltr'>in</span> 
     </span>
     <span class='ocr_line' id='line_1_54' title="bbox 992 326 1460 367; baseline 0 -9"><span class='ocrx_word' id='word_1_241' title='bbox 992 328 1156 359; x_wconf 89' lang='lat' dir='ltr'>ditionem</span> <span class='ocrx_word' id='word_1_242' title='bbox 1173 327 1335 367; x_wconf 70' lang='lat' dir='ltr'>acceptis.</span> <span class='ocrx_word' id='word_1_243' title='bbox 1361 326 1460 358; x_wconf 80' lang='lat' dir='ltr'>Idem.</span> 
     </span>
    </p>

    <p class='ocr_par' dir='ltr' id='par_1_23' title="bbox 989 375 1701 813">
     <span class='ocr_line' id='line_1_55' title="bbox 1035 375 1699 417; baseline -0.002 -9"><span class='ocrx_word' id='word_1_244' title='bbox 1035 378 1186 408; x_wconf 74' lang='lat' dir='ltr'>Parthica</span> <span class='ocrx_word' id='word_1_245' title='bbox 1195 377 1300 417; x_wconf 78' lang='lat' dir='ltr'>ferro]</span> <span class='ocrx_word' id='word_1_246' title='bbox 1325 377 1462 407; x_wconf 80' lang='lat' dir='ltr'><strong><em>Parthia</em></strong></span> <span class='ocrx_word' id='word_1_247' title='bbox 1478 376 1596 417; x_wconf 82' lang='lat' dir='ltr'>scripti</span> <span class='ocrx_word' id='word_1_248' title='bbox 1615 386 1624 407; x_wconf 71' lang='grc' dir='ltr'>ε</span> <span class='ocrx_word' id='word_1_249' title='bbox 1649 375 1699 407; x_wconf 86' lang='lat' dir='ltr'>sic</span> 
     </span>
     <span class='ocr_line' id='line_1_56' title="bbox 992 427 1698 467; baseline -0.003 -8"><span class='ocrx_word' id='word_1_250' title='bbox 992 429 1126 460; x_wconf 86' lang='lat' dir='ltr'><strong><em>Parthia</em></strong></span> <span class='ocrx_word' id='word_1_251' title='bbox 1158 430 1237 460; x_wconf 77' lang='lat' dir='ltr'>relat</span> <span class='ocrx_word' id='word_1_252' title='bbox 1276 428 1383 467; x_wconf 78' lang='lat' dir='ltr'>Tigris</span> <span class='ocrx_word' id='word_1_253' title='bbox 1420 427 1517 458; x_wconf 87' lang='lat' dir='ltr'>initio</span> <span class='ocrx_word' id='word_1_254' title='bbox 1563 427 1698 467; x_wconf 83' lang='lat' dir='ltr'>Raptus</span> 
     </span>
     <span class='ocr_line' id='line_1_57' title="bbox 990 477 1696 511; baseline -0.006 0"><span class='ocrx_word' id='word_1_255' title='bbox 990 490 1076 511; x_wconf 89' lang='lat' dir='ltr'>unus</span> <span class='ocrx_word' id='word_1_256' title='bbox 1092 480 1282 511; x_wconf 86' lang='lat' dir='ltr'>Mediceus.</span> <span class='ocrx_word' id='word_1_257' title='bbox 1331 479 1447 509; x_wconf 76' lang='lat' dir='ltr'>Gallice</span> <span class='ocrx_word' id='word_1_258' title='bbox 1474 478 1621 508; x_wconf 84' lang='lat' dir='ltr'>mulieres</span> <span class='ocrx_word' id='word_1_259' title='bbox 1635 477 1696 508; x_wconf 88' lang='lat' dir='ltr'>Sa-</span> 
     </span>
     <span class='ocr_line' id='line_1_58' title="bbox 990 529 1697 570; baseline -0.003 -9"><span class='ocrx_word' id='word_1_260' title='bbox 990 531 1092 562; x_wconf 87' lang='lat' dir='ltr'>lustio</span> <span class='ocrx_word' id='word_1_261' title='bbox 1107 531 1196 570; x_wconf 77' lang='lat' dir='ltr'>apud</span> <span class='ocrx_word' id='word_1_262' title='bbox 1215 530 1377 568; x_wconf 86' lang='lat' dir='ltr'>Nonium,</span> <span class='ocrx_word' id='word_1_263' title='bbox 1403 535 1438 561; x_wconf 85' lang='lat' dir='ltr'>et</span> <span class='ocrx_word' id='word_1_264' title='bbox 1455 529 1582 560; x_wconf 84' lang='lat' dir='ltr'>Groecia</span> <span class='ocrx_word' id='word_1_265' title='bbox 1599 529 1697 560; x_wconf 72' lang='lat' dir='ltr'><strong><em>luxu.-</em></strong></span> 
     </span>
     <span class='ocr_line' id='line_1_59' title="bbox 989 578 1698 613; baseline -0.004 0"><span class='ocrx_word' id='word_1_266' title='bbox 989 583 1038 612; x_wconf 84' lang='lat' dir='ltr'>ria</span> <span class='ocrx_word' id='word_1_267' title='bbox 1070 582 1239 613; x_wconf 84' lang='lat' dir='ltr'>Trebellio</span> <span class='ocrx_word' id='word_1_268' title='bbox 1267 581 1416 612; x_wconf 87' lang='lat' dir='ltr'>Pollioni</span> <span class='ocrx_word' id='word_1_269' title='bbox 1445 581 1517 611; x_wconf 85' lang='lat' dir='ltr'>vita</span> <span class='ocrx_word' id='word_1_270' title='bbox 1545 578 1698 611; x_wconf 89' lang='lat' dir='ltr'>Herodis</span> 
     </span>
     <span class='ocr_line' id='line_1_60' title="bbox 989 629 1698 673; baseline -0.001 -10"><span class='ocrx_word' id='word_1_271' title='bbox 989 633 1173 673; x_wconf 79' lang='lat' dir='ltr'>Tyranni3</span> <span class='ocrx_word' id='word_1_272' title='bbox 1204 637 1242 663; x_wconf 87' lang='lat' dir='ltr'>ut</span> <span class='ocrx_word' id='word_1_273' title='bbox 1279 632 1417 673; x_wconf 85' lang='lat' dir='ltr'>quidem</span> <span class='ocrx_word' id='word_1_274' title='bbox 1450 635 1582 662; x_wconf 83' lang='lat' dir='ltr'>veteres</span> <span class='ocrx_word' id='word_1_275' title='bbox 1605 629 1698 662; x_wconf 82' lang='lat' dir='ltr'><strong><em>libri.</em></strong></span> 
     </span>
     <span class='ocr_line' id='line_1_61' title="bbox 990 682 1701 723; baseline -0.003 -11"><span class='ocrx_word' id='word_1_276' title='bbox 990 682 1137 723; x_wconf 79' lang='lat' dir='ltr'><strong><em>Scythias</em></strong></span> <span class='ocrx_word' id='word_1_277' title='bbox 1147 691 1207 722; x_wconf 89' lang='lat' dir='ltr'>pro</span> <span class='ocrx_word' id='word_1_278' title='bbox 1219 682 1396 722; x_wconf 75' lang='lat' dir='ltr'>Scythicus,</span> <span class='ocrx_word' id='word_1_279' title='bbox 1406 686 1442 712; x_wconf 89' lang='lat' dir='ltr'>et</span> <span class='ocrx_word' id='word_1_280' title='bbox 1452 682 1556 712; x_wconf 81' lang='lat' dir='ltr'>Italioe</span> <span class='ocrx_word' id='word_1_281' title='bbox 1564 691 1626 711; x_wconf 85' lang='lat' dir='ltr'>orae</span> <span class='ocrx_word' id='word_1_282' title='bbox 1637 689 1701 720; x_wconf 81' lang='lat' dir='ltr'>pro</span> 
     </span>
     <span class='ocr_line' id='line_1_62' title="bbox 991 732 1699 775; baseline 0 -13"><span class='ocrx_word' id='word_1_283' title='bbox 991 733 1127 771; x_wconf 80' lang='lat' dir='ltr'>Italicoe,</span> <span class='ocrx_word' id='word_1_284' title='bbox 1141 742 1208 762; x_wconf 88' lang='lat' dir='ltr'>nou</span> <span class='ocrx_word' id='word_1_285' title='bbox 1236 741 1302 762; x_wconf 87' lang='lat' dir='ltr'>uno</span> <span class='ocrx_word' id='word_1_286' title='bbox 1323 732 1398 762; x_wconf 91' lang='lat' dir='ltr'>loco</span> <span class='ocrx_word' id='word_1_287' title='bbox 1416 732 1507 772; x_wconf 84' lang='lat' dir='ltr'>apud</span> <span class='ocrx_word' id='word_1_288' title='bbox 1525 732 1699 775; x_wconf 56' lang='lat' dir='ltr'>Nasonegn</span> 
     </span>
     <span class='ocr_line' id='line_1_63' title="bbox 991 781 1619 813; baseline 0.002 -1"><span class='ocrx_word' id='word_1_289' title='bbox 991 782 1025 812; x_wconf 93' lang='lat' dir='ltr'>in</span> <span class='ocrx_word' id='word_1_290' title='bbox 1039 781 1185 812; x_wconf 85' lang='lat' dir='ltr'>vetustis</span> <span class='ocrx_word' id='word_1_291' title='bbox 1202 781 1417 813; x_wconf 76' lang='lat' dir='ltr'>membranis.</span> <span class='ocrx_word' id='word_1_292' title='bbox 1443 782 1490 812; x_wconf 89' lang='lat' dir='ltr'>D.</span> <span class='ocrx_word' id='word_1_293' title='bbox 1506 781 1619 813; x_wconf 81' lang='lat' dir='ltr'>Heins.</span> 
     </span>
    </p>

    <p class='ocr_par' dir='ltr' id='par_1_24' title="bbox 992 832 1702 915">
     <span class='ocr_line' id='line_1_64' title="bbox 1034 832 1702 873; baseline 0.001 -10"><span class='ocrx_word' id='word_1_294' title='bbox 1034 835 1096 863; x_wconf 79' lang='lat'>343</span> <span class='ocrx_word' id='word_1_295' title='bbox 1122 832 1221 863; x_wconf 82' lang='lat' dir='ltr'>Nasci</span> <span class='ocrx_word' id='word_1_296' title='bbox 1251 832 1408 872; x_wconf 82' lang='lat' dir='ltr'>lanuginis</span> <span class='ocrx_word' id='word_1_297' title='bbox 1434 832 1589 873; x_wconf 75' lang='lat' dir='ltr'>umbram]</span> <span class='ocrx_word' id='word_1_298' title='bbox 1633 833 1702 864; x_wconf 91' lang='lat' dir='ltr'>Im-</span> 
     </span>
     <span class='ocr_line' id='line_1_65' title="bbox 992 883 1547 915; baseline -0.002 -1"><span class='ocrx_word' id='word_1_299' title='bbox 992 883 1116 914; x_wconf 84' lang='lat' dir='ltr'>berbes</span> <span class='ocrx_word' id='word_1_300' title='bbox 1133 883 1222 914; x_wconf 88' lang='lat' dir='ltr'>enim</span> <span class='ocrx_word' id='word_1_301' title='bbox 1240 883 1405 914; x_wconf 86' lang='lat' dir='ltr'>Eunuchi.</span> <span class='ocrx_word' id='word_1_302' title='bbox 1430 883 1547 915; x_wconf 83' lang='lat' dir='ltr'><strong><em>Barth.</em></strong></span> 
     </span>
    </p>

    <p class='ocr_par' dir='ltr' id='par_1_25' title="bbox 992 933 1702 1027">
     <span class='ocr_line' id='line_1_66' title="bbox 1036 933 1702 974; baseline 0.002 -9"><span class='ocrx_word' id='word_1_303' title='bbox 1036 937 1098 965; x_wconf 76' lang='lat'>344</span> <span class='ocrx_word' id='word_1_304' title='bbox 1122 934 1311 974; x_wconf 68' lang='lat' dir='ltr'>Servatoque</span> <span class='ocrx_word' id='word_1_305' title='bbox 1327 933 1397 973; x_wconf 80' lang='lat' dir='ltr'>diu]</span> <span class='ocrx_word' id='word_1_306' title='bbox 1421 935 1476 965; x_wconf 89' lang='lat' dir='ltr'>Ne</span> <span class='ocrx_word' id='word_1_307' title='bbox 1489 934 1702 966; x_wconf 83' lang='lat' dir='ltr'>exolesceret</span> 
     </span>
     <span class='ocr_line' id='line_1_67' title="bbox 992 985 1605 1027; baseline 0 -10"><span class='ocrx_word' id='word_1_308' title='bbox 992 985 1142 1027; x_wconf 83' lang='lat' dir='ltr'>pueritia</span> <span class='ocrx_word' id='word_1_309' title='bbox 1157 985 1363 1017; x_wconf 84' lang='lat' dir='ltr'>succedente</span> <span class='ocrx_word' id='word_1_310' title='bbox 1381 985 1471 1016; x_wconf 89' lang='lat' dir='ltr'>virili</span> <span class='ocrx_word' id='word_1_311' title='bbox 1487 985 1605 1017; x_wconf 88' lang='lat' dir='ltr'>barba.</span> 
     </span>
    </p>

    <p class='ocr_par' dir='ltr' id='par_1_26' title="bbox 990 1036 1703 1218">
     <span class='ocr_line' id='line_1_68' title="bbox 1036 1036 1702 1078; baseline 0 -11"><span class='ocrx_word' id='word_1_312' title='bbox 1036 1036 1159 1067; x_wconf 73' lang='lat' dir='ltr'>Puer-iti</span> <span class='ocrx_word' id='word_1_313' title='bbox 1183 1036 1281 1078; x_wconf 81' lang='lat' dir='ltr'>flore]</span> <span class='ocrx_word' id='word_1_314' title='bbox 1328 1037 1406 1068; x_wconf 87' lang='lat' dir='ltr'>Non</span> <span class='ocrx_word' id='word_1_315' title='bbox 1445 1039 1702 1067; x_wconf 82' lang='lat' dir='ltr'>maturescente</span> 
     </span>
     <span class='ocr_line' id='line_1_69' title="bbox 992 1087 1703 1129; baseline -0.001 -10"><span class='ocrx_word' id='word_1_316' title='bbox 992 1097 1150 1129; x_wconf 84' lang='lat' dir='ltr'>corpore,</span> <span class='ocrx_word' id='word_1_317' title='bbox 1179 1088 1240 1118; x_wconf 91' lang='lat' dir='ltr'>sed</span> <span class='ocrx_word' id='word_1_318' title='bbox 1274 1087 1356 1119; x_wconf 87' lang='lat' dir='ltr'>flore</span> <span class='ocrx_word' id='word_1_319' title='bbox 1394 1093 1564 1128; x_wconf 86' lang='lat' dir='ltr'>perpetuo</span> <span class='ocrx_word' id='word_1_320' title='bbox 1601 1088 1703 1118; x_wconf 88' lang='lat' dir='ltr'>velut</span> 
     </span>
     <span class='ocr_line' id='line_1_70' title="bbox 991 1137 1702 1178; baseline 0.001 -10"><span class='ocrx_word' id='word_1_321' title='bbox 991 1142 1161 1169; x_wconf 87' lang='lat' dir='ltr'>manente.</span> <span class='ocrx_word' id='word_1_322' title='bbox 1193 1138 1365 1169; x_wconf 86' lang='lat' dir='ltr'>Martialis</span> <span class='ocrx_word' id='word_1_323' title='bbox 1398 1138 1457 1168; x_wconf 86' lang='lat' dir='ltr'>lib.</span> <span class='ocrx_word' id='word_1_324' title='bbox 1496 1147 1545 1169; x_wconf 78' lang='grc' dir='ltr'>ιν.</span> <span class='ocrx_word' id='word_1_325' title='bbox 1583 1137 1702 1178; x_wconf 87' lang='lat' dir='ltr'>Epigr.</span> 
     </span>
     <span class='ocr_line' id='line_1_71' title="bbox 990 1187 1183 1218; baseline -0.01 0"><span class='ocrx_word' id='word_1_326' title='bbox 990 1190 1042 1218; x_wconf 73' lang='lat'>45.</span> <span class='ocrx_word' id='word_1_327' title='bbox 1067 1187 1183 1217; x_wconf 82' lang='lat' dir='ltr'><strong><em>Barth.</em></strong></span> 
     </span>
    </p>

    <p class='ocr_par' dir='ltr' id='par_1_27' title="bbox 981 1236 1704 1481">
     <span class='ocr_line' id='line_1_72' title="bbox 1034 1236 1703 1269; baseline 0.001 -2"><span class='ocrx_word' id='word_1_328' title='bbox 1034 1239 1096 1268; x_wconf 82' lang='lat'>345</span> <span class='ocrx_word' id='word_1_329' title='bbox 1120 1236 1201 1267; x_wconf 87' lang='lat' dir='ltr'>Arte</span> <span class='ocrx_word' id='word_1_330' title='bbox 1225 1238 1420 1267; x_wconf 80' lang='lat' dir='ltr'><strong><em>retardatam</em></strong></span> <span class='ocrx_word' id='word_1_331' title='bbox 1451 1237 1564 1268; x_wconf 80' lang='lat' dir='ltr'>Veneri</span> <span class='ocrx_word' id='word_1_332' title='bbox 1586 1238 1703 1269; x_wconf 80' lang='lat' dir='ltr'>servire</span> 
     </span>
     <span class='ocr_line' id='line_1_73' title="bbox 981 1289 1702 1329; baseline 0 -9"><span class='ocrx_word' id='word_1_333' title='bbox 981 1289 1162 1329; x_wconf 71' lang='lat' dir='ltr'>juventam]</span> <span class='ocrx_word' id='word_1_334' title='bbox 1186 1289 1370 1320; x_wconf 86' lang='lat' dir='ltr'>Petronius</span> <span class='ocrx_word' id='word_1_335' title='bbox 1389 1300 1396 1319; x_wconf 71' lang='grc' dir='ltr'>ε</span> <span class='ocrx_word' id='word_1_336' title='bbox 1415 1291 1423 1306; x_wconf 86' lang='lat'>‘</span> <span class='ocrx_word' id='word_1_337' title='bbox 1439 1289 1621 1320; x_wconf 86' lang='lat' dir='ltr'>Persarum</span> <span class='ocrx_word' id='word_1_338' title='bbox 1635 1289 1702 1320; x_wconf 84' lang='lat' dir='ltr'>ritu</span> 
     </span>
     <span class='ocr_line' id='line_1_74' title="bbox 991 1339 1700 1380; baseline 0 -10"><span class='ocrx_word' id='word_1_339' title='bbox 991 1340 1077 1371; x_wconf 85' lang='lat' dir='ltr'>male.</span> <span class='ocrx_word' id='word_1_340' title='bbox 1096 1339 1368 1380; x_wconf 80' lang='lat' dir='ltr'>pubescentibus</span> <span class='ocrx_word' id='word_1_341' title='bbox 1381 1340 1478 1371; x_wconf 88' lang='lat' dir='ltr'>annis</span> <span class='ocrx_word' id='word_1_342' title='bbox 1495 1340 1700 1380; x_wconf 87' lang='lat' dir='ltr'>Surripuere</span> 
     </span>
     <span class='ocr_line' id='line_1_75' title="bbox 991 1389 1704 1431; baseline -0.001 -10"><span class='ocrx_word' id='word_1_343' title='bbox 991 1391 1093 1430; x_wconf 64' lang='lat' dir='ltr'>vii-0⁵,</span> <span class='ocrx_word' id='word_1_344' title='bbox 1110 1390 1292 1431; x_wconf 82' lang='lat' dir='ltr'>excisaque</span> <span class='ocrx_word' id='word_1_345' title='bbox 1319 1390 1453 1421; x_wconf 86' lang='lat' dir='ltr'>viscera</span> <span class='ocrx_word' id='word_1_346' title='bbox 1466 1389 1560 1421; x_wconf 88' lang='lat' dir='ltr'>ferro</span> <span class='ocrx_word' id='word_1_347' title='bbox 1576 1390 1618 1421; x_wconf 89' lang='lat' dir='ltr'>In</span> <span class='ocrx_word' id='word_1_348' title='bbox 1634 1390 1704 1421; x_wconf 82' lang='lat' dir='ltr'>Ve-</span> 
     </span>
     <span class='ocr_line' id='line_1_76' title="bbox 991 1441 1480 1481; baseline 0 -9"><span class='ocrx_word' id='word_1_349' title='bbox 991 1452 1106 1473; x_wconf 82' lang='lat' dir='ltr'>nerem</span> <span class='ocrx_word' id='word_1_350' title='bbox 1124 1441 1355 1481; x_wconf 78' lang='lat' dir='ltr'>f1·egere‚’&amp;c.</span> <span class='ocrx_word' id='word_1_351' title='bbox 1380 1441 1480 1472; x_wconf 81' lang='lat' dir='ltr'>Idem.</span> 
     </span>
    </p>

    <p class='ocr_par' dir='ltr' id='par_1_28' title="bbox 990 1491 1702 1727">
     <span class='ocr_line' id='line_1_77' title="bbox 1035 1491 1702 1532; baseline -0.003 -8"><span class='ocrx_word' id='word_1_352' title='bbox 1035 1495 1098 1524; x_wconf 82' lang='lat'>346</span> <span class='ocrx_word' id='word_1_353' title='bbox 1120 1493 1220 1523; x_wconf 87' lang='lat' dir='ltr'>Fama</span> <span class='ocrx_word' id='word_1_354' title='bbox 1235 1493 1323 1532; x_wconf 82' lang='lat' dir='ltr'>prius</span> <span class='ocrx_word' id='word_1_355' title='bbox 1340 1491 1425 1530; x_wconf 81' lang='lat' dir='ltr'>falso</span> <span class='ocrx_word' id='word_1_356' title='bbox 1442 1491 1570 1532; x_wconf 84' lang='lat' dir='ltr'>similis]</span> <span class='ocrx_word' id='word_1_357' title='bbox 1596 1491 1702 1522; x_wconf 78' lang='lat' dir='ltr'>Faesae</span> 
     </span>
     <span class='ocr_line' id='line_1_78' title="bbox 991 1541 1701 1584; baseline -0.001 -11"><span class='ocrx_word' id='word_1_358' title='bbox 991 1544 1086 1584; x_wconf 81' lang='lat' dir='ltr'>lego:</span> <span class='ocrx_word' id='word_1_359' title='bbox 1099 1553 1291 1584; x_wconf 85' lang='lat' dir='ltr'>quanquam</span> <span class='ocrx_word' id='word_1_360' title='bbox 1306 1543 1338 1573; x_wconf 92' lang='lat' dir='ltr'>in</span> <span class='ocrx_word' id='word_1_361' title='bbox 1352 1542 1528 1574; x_wconf 89' lang='lat' dir='ltr'>contraria</span> <span class='ocrx_word' id='word_1_362' title='bbox 1540 1541 1701 1573; x_wconf 87' lang='lat' dir='ltr'>euntibus</span> 
     </span>
     <span class='ocr_line' id='line_1_79' title="bbox 991 1593 1702 1634; baseline -0.003 -9"><span class='ocrx_word' id='word_1_363' title='bbox 991 1595 1208 1625; x_wconf 85' lang='lat' dir='ltr'>membranis.</span> <span class='ocrx_word' id='word_1_364' title='bbox 1248 1594 1328 1624; x_wconf 87' lang='lat' dir='ltr'>Pari</span> <span class='ocrx_word' id='word_1_365' title='bbox 1357 1594 1457 1625; x_wconf 88' lang='lat' dir='ltr'>modo</span> <span class='ocrx_word' id='word_1_366' title='bbox 1486 1593 1575 1634; x_wconf 86' lang='lat' dir='ltr'>apud</span> <span class='ocrx_word' id='word_1_367' title='bbox 1593 1593 1702 1624; x_wconf 83' lang='lat' dir='ltr'>Naso-</span> 
     </span>
     <span class='ocr_line' id='line_1_80' title="bbox 990 1643 1701 1686; baseline -0.003 -10"><span class='ocrx_word' id='word_1_368' title='bbox 990 1655 1069 1676; x_wconf 88' lang='lat' dir='ltr'>nem</span> <span class='ocrx_word' id='word_1_369' title='bbox 1099 1646 1131 1676; x_wconf 92' lang='lat' dir='ltr'>in</span> <span class='ocrx_word' id='word_1_370' title='bbox 1171 1646 1281 1676; x_wconf 83' lang='lat' dir='ltr'>Fastis</span> <span class='ocrx_word' id='word_1_371' title='bbox 1314 1645 1566 1686; x_wconf 81' lang='lat' dir='ltr'>castigavimus,</span> <span class='ocrx_word' id='word_1_372' title='bbox 1592 1644 1602 1661; x_wconf 87' lang='lat'>‘</span> <span class='ocrx_word' id='word_1_373' title='bbox 1620 1643 1701 1675; x_wconf 86' lang='lat' dir='ltr'>Vita</span> 
     </span>
     <span class='ocr_line' id='line_1_81' title="bbox 991 1696 1439 1727; baseline 0 -1"><span class='ocrx_word' id='word_1_374' title='bbox 991 1696 1074 1727; x_wconf 66' lang='lat' dir='ltr'>ferae</span> <span class='ocrx_word' id='word_1_375' title='bbox 1092 1696 1237 1727; x_wconf 66' lang='lat' dir='ltr'>similis!</span> <span class='ocrx_word' id='word_1_376' title='bbox 1262 1697 1306 1727; x_wconf 88' lang='lat' dir='ltr'>D.</span> <span class='ocrx_word' id='word_1_377' title='bbox 1326 1697 1439 1726; x_wconf 85' lang='lat' dir='ltr'>Heins.</span> 
     </span>
    </p>

    <p class='ocr_par' dir='ltr' id='par_1_29' title="bbox 990 1745 1699 1837">
     <span class='ocr_line' id='line_1_82' title="bbox 1034 1745 1699 1786; baseline -0.003 -8"><span class='ocrx_word' id='word_1_378' title='bbox 1034 1750 1097 1778; x_wconf 73' lang='lat'>348</span> <span class='ocrx_word' id='word_1_379' title='bbox 1126 1747 1229 1778; x_wconf 80' lang='lat' dir='ltr'>Veluti</span> <span class='ocrx_word' id='word_1_380' title='bbox 1266 1747 1467 1785; x_wconf 74' lang='lat' dir='ltr'>nigrantibus</span> <span class='ocrx_word' id='word_1_381' title='bbox 1498 1746 1572 1786; x_wconf 82' lang='lat' dir='ltr'>alis]</span> <span class='ocrx_word' id='word_1_382' title='bbox 1607 1745 1699 1777; x_wconf 75' lang='lat' dir='ltr'>Sicut</span> 
     </span>
     <span class='ocr_line' id='line_1_83' title="bbox 990 1795 1667 1837; baseline 0.001 -11"><span class='ocrx_word' id='word_1_383' title='bbox 990 1796 1110 1836; x_wconf 74' lang='lat' dir='ltr'>scripti</span> <span class='ocrx_word' id='word_1_384' title='bbox 1126 1796 1293 1837; x_wconf 87' lang='lat' dir='ltr'>plerique.</span> <span class='ocrx_word' id='word_1_385' title='bbox 1339 1796 1431 1827; x_wconf 89' lang='lat' dir='ltr'>Puto</span> <span class='ocrx_word' id='word_1_386' title='bbox 1448 1799 1481 1826; x_wconf 80' lang='lat' dir='ltr'><strong><em>ut</em></strong></span> <span class='ocrx_word' id='word_1_387' title='bbox 1493 1797 1531 1826; x_wconf 88' lang='lat' dir='ltr'>si.</span> <span class='ocrx_word' id='word_1_388' title='bbox 1557 1795 1667 1827; x_wconf 91' lang='lat' dir='ltr'>Idem.</span> 
     </span>
    </p>

    <p class='ocr_par' dir='ltr' id='par_1_30' title="bbox 991 1846 1701 2081">
     <span class='ocr_line' id='line_1_84' title="bbox 1034 1846 1700 1886; baseline 0.003 -10"><span class='ocrx_word' id='word_1_389' title='bbox 1034 1848 1097 1876; x_wconf 68' lang='lat'>349</span> <span class='ocrx_word' id='word_1_390' title='bbox 1123 1846 1222 1876; x_wconf 71' lang='lat' dir='ltr'>Corvo</span> <span class='ocrx_word' id='word_1_391' title='bbox 1253 1849 1390 1876; x_wconf 76' lang='lat' dir='ltr'>certante</span> <span class='ocrx_word' id='word_1_392' title='bbox 1425 1846 1583 1886; x_wconf 79' lang='lat' dir='ltr'>ligustris]</span> <span class='ocrx_word' id='word_1_393' title='bbox 1622 1846 1700 1878; x_wconf 88' lang='lat' dir='ltr'>Duo</span> 
     </span>
     <span class='ocr_line' id='line_1_85' title="bbox 992 1896 1701 1928; baseline 0.001 -1"><span class='ocrx_word' id='word_1_394' title='bbox 992 1897 1086 1927; x_wconf 87' lang='lat' dir='ltr'>corvi</span> <span class='ocrx_word' id='word_1_395' title='bbox 1105 1896 1172 1927; x_wconf 80' lang='lat' dir='ltr'>albi</span> <span class='ocrx_word' id='word_1_396' title='bbox 1189 1906 1256 1927; x_wconf 90' lang='lat' dir='ltr'>non</span> <span class='ocrx_word' id='word_1_397' title='bbox 1280 1896 1336 1927; x_wconf 89' lang='lat' dir='ltr'>diu</span> <span class='ocrx_word' id='word_1_398' title='bbox 1353 1901 1407 1927; x_wconf 88' lang='lat' dir='ltr'>est</span> <span class='ocrx_word' id='word_1_399' title='bbox 1430 1907 1506 1927; x_wconf 87' lang='lat' dir='ltr'>cnm</span> <span class='ocrx_word' id='word_1_400' title='bbox 1523 1897 1556 1927; x_wconf 88' lang='lat' dir='ltr'>in</span> <span class='ocrx_word' id='word_1_401' title='bbox 1574 1898 1701 1928; x_wconf 89' lang='lat' dir='ltr'>nostris</span> 
     </span>
     <span class='ocr_line' id='line_1_86' title="bbox 991 1947 1701 1988; baseline 0 -10"><span class='ocrx_word' id='word_1_402' title='bbox 991 1948 1041 1978; x_wconf 86' lang='lat' dir='ltr'>his</span> <span class='ocrx_word' id='word_1_403' title='bbox 1061 1948 1256 1988; x_wconf 80' lang='lat' dir='ltr'>regionibns</span> <span class='ocrx_word' id='word_1_404' title='bbox 1274 1947 1381 1985; x_wconf 84' lang='lat' dir='ltr'>fuere,</span> <span class='ocrx_word' id='word_1_405' title='bbox 1404 1947 1545 1978; x_wconf 84' lang='lat' dir='ltr'>infinitis</span> <span class='ocrx_word' id='word_1_406' title='bbox 1559 1947 1701 1978; x_wconf 87' lang='lat' dir='ltr'>homini-</span> 
     </span>
     <span class='ocr_line' id='line_1_87' title="bbox 993 1998 1700 2038; baseline -0.001 -9"><span class='ocrx_word' id='word_1_407' title='bbox 993 1998 1053 2029; x_wconf 87' lang='lat' dir='ltr'>bus</span> <span class='ocrx_word' id='word_1_408' title='bbox 1070 1998 1258 2038; x_wconf 81' lang='lat' dir='ltr'>conspecti,</span> <span class='ocrx_word' id='word_1_409' title='bbox 1276 1998 1417 2038; x_wconf 84' lang='lat' dir='ltr'>necjam</span> <span class='ocrx_word' id='word_1_410' title='bbox 1434 2008 1497 2038; x_wconf 87' lang='lat' dir='ltr'>pro</span> <span class='ocrx_word' id='word_1_411' title='bbox 1516 1998 1584 2029; x_wconf 90' lang='lat' dir='ltr'>ullo</span> <span class='ocrx_word' id='word_1_412' title='bbox 1600 1998 1700 2029; x_wconf 87' lang='lat' dir='ltr'>mira-</span> 
     </span>
     <span class='ocr_line' id='line_1_88' title="bbox 992 2049 1222 2081; baseline 0 -2"><span class='ocrx_word' id='word_1_413' title='bbox 992 2050 1080 2081; x_wconf 84' lang='lat' dir='ltr'>culo.</span> <span class='ocrx_word' id='word_1_414' title='bbox 1107 2049 1222 2080; x_wconf 86' lang='lat' dir='ltr'><strong><em>Barth.</em></strong></span> 
     </span>
    </p>

    <p class='ocr_par' dir='ltr' id='par_1_31' title="bbox 991 2097 1700 2239">
     <span class='ocr_line' id='line_1_89' title="bbox 1034 2097 1699 2138; baseline -0.002 -7"><span class='ocrx_word' id='word_1_415' title='bbox 1034 2102 1096 2131; x_wconf 81' lang='lat'>352</span> <span class='ocrx_word' id='word_1_416' title='bbox 1119 2100 1195 2130; x_wconf 88' lang='lat' dir='ltr'>Jam</span> <span class='ocrx_word' id='word_1_417' title='bbox 1234 2100 1357 2130; x_wconf 75' lang='lat' dir='ltr'>testudo</span> <span class='ocrx_word' id='word_1_418' title='bbox 1391 2098 1489 2138; x_wconf 78' lang='lat' dir='ltr'>colat]</span> <span class='ocrx_word' id='word_1_419' title='bbox 1532 2097 1699 2130; x_wconf 85' lang='lat' dir='ltr'>Absurdis</span> 
     </span>
     <span class='ocr_line' id='line_1_90' title="bbox 991 2147 1700 2189; baseline -0.001 -9"><span class='ocrx_word' id='word_1_420' title='bbox 991 2150 1063 2180; x_wconf 83' lang='lat' dir='ltr'>aliis</span> <span class='ocrx_word' id='word_1_421' title='bbox 1096 2149 1359 2188; x_wconf 81' lang='lat' dir='ltr'>narrationibus,</span> <span class='ocrx_word' id='word_1_422' title='bbox 1389 2158 1464 2189; x_wconf 88' lang='lat' dir='ltr'>quae</span> <span class='ocrx_word' id='word_1_423' title='bbox 1492 2147 1575 2189; x_wconf 85' lang='lat' dir='ltr'>fingi</span> <span class='ocrx_word' id='word_1_424' title='bbox 1597 2147 1700 2179; x_wconf 87' lang='lat' dir='ltr'>facile</span> 
     </span>
     <span class='ocr_line' id='line_1_91' title="bbox 991 2198 1700 2239; baseline -0.001 -10"><span class='ocrx_word' id='word_1_425' title='bbox 991 2199 1139 2239; x_wconf 83' lang='lat' dir='ltr'>possint,</span> <span class='ocrx_word' id='word_1_426' title='bbox 1151 2200 1265 2229; x_wconf 83' lang='lat' dir='ltr'>elevat</span> <span class='ocrx_word' id='word_1_427' title='bbox 1275 2198 1377 2229; x_wconf 88' lang='lat' dir='ltr'>fidem</span> <span class='ocrx_word' id='word_1_428' title='bbox 1392 2199 1581 2239; x_wconf 65' lang='lat' dir='ltr'>praesentis.</span> <span class='ocrx_word' id='word_1_429' title='bbox 1602 2198 1700 2229; x_wconf 84' lang='lat' dir='ltr'>Idem.</span> 
     </span>
    </p>

    <p class='ocr_par' dir='ltr' id='par_1_32' title="bbox 989 2248 1701 2441">
     <span class='ocr_line' id='line_1_92' title="bbox 1033 2248 1701 2289; baseline -0.001 -9"><span class='ocrx_word' id='word_1_430' title='bbox 1033 2252 1096 2280; x_wconf 77' lang='lat'>353</span> <span class='ocrx_word' id='word_1_431' title='bbox 1122 2250 1228 2279; x_wconf 89' lang='lat' dir='ltr'>Prona</span> <span class='ocrx_word' id='word_1_432' title='bbox 1250 2252 1360 2289; x_wconf 83' lang='lat' dir='ltr'>petunt</span> <span class='ocrx_word' id='word_1_433' title='bbox 1388 2252 1474 2279; x_wconf 81' lang='lat' dir='ltr'>retro</span> <span class='ocrx_word' id='word_1_434' title='bbox 1488 2248 1585 2289; x_wconf 69' lang='lat' dir='ltr'>fluvii</span> <span class='ocrx_word' id='word_1_435' title='bbox 1604 2248 1701 2289; x_wconf 73' lang='lat' dir='ltr'>vada]</span> 
     </span>
     <span class='ocr_line' id='line_1_93' title="bbox 989 2298 1699 2339; baseline -0.001 -10"><span class='ocrx_word' id='word_1_436' title='bbox 989 2301 1079 2339; x_wconf 73' lang='lat' dir='ltr'>daga</span> <span class='ocrx_word' id='word_1_437' title='bbox 1091 2299 1247 2330; x_wconf 85' lang='lat' dir='ltr'>meliores</span> <span class='ocrx_word' id='word_1_438' title='bbox 1258 2298 1464 2329; x_wconf 64' lang='lat' dir='ltr'>membranae</span> <span class='ocrx_word' id='word_1_439' title='bbox 1478 2303 1699 2331; x_wconf 87' lang='lat' dir='ltr'>constanter:</span> 
     </span>
     <span class='ocr_line' id='line_1_94' title="bbox 991 2349 1701 2392; baseline -0.001 -12"><span class='ocrx_word' id='word_1_440' title='bbox 991 2350 1158 2392; x_wconf 90' lang='lat' dir='ltr'>quomodo</span> <span class='ocrx_word' id='word_1_441' title='bbox 1175 2350 1218 2380; x_wconf 89' lang='lat' dir='ltr'>ad</span> <span class='ocrx_word' id='word_1_442' title='bbox 1236 2350 1383 2381; x_wconf 87' lang='lat' dir='ltr'>Statium</span> <span class='ocrx_word' id='word_1_443' title='bbox 1409 2349 1602 2381; x_wconf 85' lang='lat' dir='ltr'>Gronovius</span> <span class='ocrx_word' id='word_1_444' title='bbox 1626 2349 1701 2379; x_wconf 81' lang='lat' dir='ltr'>nos-</span> 
     </span>
     <span class='ocr_line' id='line_1_95' title="bbox 991 2397 1664 2441; baseline -0.004 -10"><span class='ocrx_word' id='word_1_445' title='bbox 991 2401 1125 2441; x_wconf 84' lang='lat' dir='ltr'>terjam</span> <span class='ocrx_word' id='word_1_446' title='bbox 1141 2401 1303 2439; x_wconf 80' lang='lat' dir='ltr'>correxit,</span> <span class='ocrx_word' id='word_1_447' title='bbox 1320 2410 1396 2440; x_wconf 87' lang='lat' dir='ltr'><strong><em>cap.</em></strong></span> <span class='ocrx_word' id='word_1_448' title='bbox 1413 2402 1465 2430; x_wconf 85' lang='lat'>30.</span> <span class='ocrx_word' id='word_1_449' title='bbox 1491 2400 1534 2429; x_wconf 91' lang='lat' dir='ltr'>D.</span> <span class='ocrx_word' id='word_1_450' title='bbox 1549 2397 1664 2429; x_wconf 78' lang='lat' dir='ltr'>Heius.</span> 
     </span>
    </p>

    <p class='ocr_par' dir='ltr' id='par_1_33' title="bbox 989 2448 1698 2581">
     <span class='ocr_line' id='line_1_96' title="bbox 1034 2448 1698 2491; baseline -0.003 -10"><span class='ocrx_word' id='word_1_451' title='bbox 1034 2452 1141 2481; x_wconf 82' lang='lat' dir='ltr'>Prona</span> <span class='ocrx_word' id='word_1_452' title='bbox 1165 2454 1278 2491; x_wconf 79' lang='lat' dir='ltr'>petunt</span> <span class='ocrx_word' id='word_1_453' title='bbox 1304 2454 1388 2480; x_wconf 83' lang='lat' dir='ltr'>retro</span> <span class='ocrx_word' id='word_1_454' title='bbox 1397 2450 1495 2490; x_wconf 78' lang='lat' dir='ltr'>flavii</span> <span class='ocrx_word' id='word_1_455' title='bbox 1509 2448 1603 2488; x_wconf 79' lang='lat' dir='ltr'>vada]</span> <span class='ocrx_word' id='word_1_456' title='bbox 1627 2449 1698 2480; x_wconf 88' lang='lat' dir='ltr'>Na-</span> 
     </span>
     <span class='ocr_line' id='line_1_97' title="bbox 991 2500 1696 2540; baseline -0.001 -9"><span class='ocrx_word' id='word_1_457' title='bbox 991 2506 1075 2532; x_wconf 81' lang='lat' dir='ltr'>turae</span> <span class='ocrx_word' id='word_1_458' title='bbox 1100 2501 1346 2531; x_wconf 81' lang='lat' dir='ltr'>contrariorum</span> <span class='ocrx_word' id='word_1_459' title='bbox 1376 2501 1439 2531; x_wconf 90' lang='lat' dir='ltr'>hoc</span> <span class='ocrx_word' id='word_1_460' title='bbox 1470 2500 1522 2530; x_wconf 86' lang='lat' dir='ltr'>vel</span> <span class='ocrx_word' id='word_1_461' title='bbox 1549 2500 1696 2540; x_wconf 89' lang='lat' dir='ltr'>primum</span> 
     </span>
     <span class='ocr_line' id='line_1_98' title="bbox 989 2550 1347 2581; baseline 0 -1"><span class='ocrx_word' id='word_1_462' title='bbox 989 2555 1206 2581; x_wconf 85' lang='lat' dir='ltr'>memoratur.</span> <span class='ocrx_word' id='word_1_463' title='bbox 1230 2550 1347 2580; x_wconf 88' lang='lat' dir='ltr'><strong><em>Barth.</em></strong></span> 
     </span>
    </p>

    <p class='ocr_par' dir='ltr' id='par_1_34' title="bbox 988 2599 1696 2787">
     <span class='ocr_line' id='line_1_99' title="bbox 1032 2599 1696 2639; baseline -0.002 -9"><span class='ocrx_word' id='word_1_464' title='bbox 1032 2603 1094 2631; x_wconf 76' lang='lat'>354</span> <span class='ocrx_word' id='word_1_465' title='bbox 1132 2600 1275 2630; x_wconf 81' lang='lat' dir='ltr'>Armenii</span> <span class='ocrx_word' id='word_1_466' title='bbox 1313 2603 1419 2630; x_wconf 69' lang='lat' dir='ltr'>texere</span> <span class='ocrx_word' id='word_1_467' title='bbox 1454 2599 1551 2639; x_wconf 69' lang='lat' dir='ltr'>diem]</span> <span class='ocrx_word' id='word_1_468' title='bbox 1601 2599 1696 2630; x_wconf 83' lang='lat' dir='ltr'>Unus</span> 
     </span>
     <span class='ocr_line' id='line_1_100' title="bbox 990 2649 1696 2681; baseline 0 0"><span class='ocrx_word' id='word_1_469' title='bbox 990 2651 1167 2681; x_wconf 80' lang='lat' dir='ltr'>Mediceus</span> <span class='ocrx_word' id='word_1_470' title='bbox 1205 2655 1240 2681; x_wconf 87' lang='lat' dir='ltr'>et</span> <span class='ocrx_word' id='word_1_471' title='bbox 1285 2650 1492 2681; x_wconf 84' lang='lat' dir='ltr'>Petavianus</span> <span class='ocrx_word' id='word_1_472' title='bbox 1529 2649 1696 2681; x_wconf 75' lang='lat' dir='ltr'>Carminii.</span> 
     </span>
     <span class='ocr_line' id='line_1_101' title="bbox 990 2699 1695 2741; baseline -0.003 -9"><span class='ocrx_word' id='word_1_473' title='bbox 990 2701 1330 2741; x_wconf 85' lang='lat' dir='ltr'>Rottendorphianus</span> <span class='ocrx_word' id='word_1_474' title='bbox 1359 2699 1507 2731; x_wconf 78' lang='lat' dir='ltr'>Arminii.</span> <span class='ocrx_word' id='word_1_475' title='bbox 1544 2699 1695 2730; x_wconf 87' lang='lat' dir='ltr'>Pricaea-</span> 
     </span>
     <span class='ocr_line' id='line_1_102' title="bbox 988 2749 1694 2787; baseline 0 -4"><span class='ocrx_word' id='word_1_476' title='bbox 988 2761 1051 2783; x_wconf 83' lang='lat' dir='ltr'>nus</span> <span class='ocrx_word' id='word_1_477' title='bbox 1090 2751 1282 2787; x_wconf 77' lang='lat' dir='ltr'>Quarmenii.</span> <span class='ocrx_word' id='word_1_478' title='bbox 1334 2751 1478 2783; x_wconf 83' lang='lat' dir='ltr'>Lucens.</span> <span class='ocrx_word' id='word_1_479' title='bbox 1528 2749 1694 2783; x_wconf 84' lang='lat' dir='ltr'>Germani.</span> 
     </span>
    </p>
   </div>
   <div class='ocr_carea' id='block_1_8' title="bbox 1841 179 1851 437">
    <p class='ocr_par' dir='ltr' id='par_1_35' title="bbox 1841 179 1851 437">
     <span class='ocr_line' id='line_1_103' title="bbox 1841 179 1851 437; textangle 90"><span class='ocrx_word' id='word_1_480' title='bbox 1841 341 1851 437; x_wconf 54' lang='lat' dir='ltr'><strong><em>...i-u.</em></strong></span> <span class='ocrx_word' id='word_1_481' title='bbox 1842 258 1851 328; x_wconf 40' lang='lat' dir='ltr'><strong><em>‘mn-..⁴</em></strong></span> <span class='ocrx_word' id='word_1_482' title='bbox 1844 222 1851 246; x_wconf 52' lang='lat' dir='ltr'>z..</span> <span class='ocrx_word' id='word_1_483' title='bbox 1844 179 1851 186; x_wconf 87' lang='lat'>.—</span> 
     </span>
    </p>
   </div>
  </div>
 </body>
</html>
