1851 3213
288 196 400 240 1458

287 302 427 334 serviles
443 300 540 334 fastis
562 305 794 343 opponantur,
821 308 905 340 quos
928 307 990 338 per

289 364 453 385 summum
469 353 630 385 honorem
644 352 817 391 intelligit.
840 350 992 390 Vulgata

288 410 403 436 tamen
430 405 534 436 lectio
557 414 621 434 nou
646 407 699 434 est
712 400 925 432 sollicitanda
942 404 992 430 te-

288 464 394 486 mere.
444 452 634 485 Praefectus
648 452 735 482 enim
750 450 909 491 Gynaecii
927 450 994 481 Au-

291 505 381 546 gusti
413 504 479 535 fuit
507 504 704 543 Eutropius,
734 502 795 533 lib.
820 511 861 534 11.
899 503 907 519 ‘
925 500 994 532 Hic

290 555 435 596 primum
455 554 593 585 thalami
617 553 777 584 claustris
803 552 930 583 delicta
946 555 995 583 te-

291 606 396 646 gebat
409 606 505 637 Clam
520 604 705 645 timideque
716 602 865 644 jubens!
886 602 995 641 Supra

291 656 386 697 ‘quis
403 656 494 687 enim
509 654 723 687 committere
740 653 844 684 vellet
862 652 992 683 Lenoni

290 706 511 738 thalamum?
539 706 677 744 Ejectus‚
704 702 871 744 quomodo
896 702 995 742 paulo

291 763 386 798 ante,
420 758 593 797 ‘undique
625 756 721 796 pulso
751 755 823 785 Per
853 758 997 784 cunctas

290 809 390 840 licuit
432 807 568 838 fraudes
600 806 738 846 impune
767 803 905 844 vagari!
950 803 996 834 D.

294 858 410 888 Heius.

338 910 399 938 157
426 906 527 942 Quam
544 905 632 946 bene]
669 905 802 936 Laudat
815 903 1000 945 providen-

293 957 377 988 tiam
392 956 553 995 divinam,
577 956 792 987 ordinantem
816 956 866 986 ita
882 959 917 985 et
933 964 1001 985 mo-

295 1007 474 1038 derantem
491 1017 544 1038 res
561 1007 720 1038 humanas
737 1011 774 1037 ut
790 1006 899 1047 prima
914 1005 1003 1036 mala

294 1057 497 1099 funestaque
515 1058 588 1089 aliis
606 1057 746 1088 consilia
762 1061 865 1098 caput
881 1060 1005 1096 petant

297 1109 460 1147 auctoris,
475 1112 510 1138 et
534 1107 576 1138 ab
593 1116 633 1137 eo
648 1107 815 1147 incipiant
841 1115 1005 1137 exercere

296 1152 366 1189 vini
384 1168 476 1188 suam
493 1158 526 1188 in
543 1162 703 1188 caeteros.
748 1156 893 1186 Hesiodi
905 1160 1004 1186 vetus

296 1214 332 1239 et
349 1207 522 1238 verissima
538 1206 707 1237 sententia
720 1210 794 1236 est:
818 1206 854 1236 Ἥ
872 1204 905 1235 δὲ
928 1204 1007 1241 κακὴ

298 1257 400 1293 βουλὴ
414 1258 458 1295 τῷ
476 1255 684 1292 βουλεύσαντι
696 1254 842 1292 κακίστη.

342 1306 551 1348 Βὶεροεὶειιηι]
576 1306 761 1348 Dispositio,
786 1303 929 1346 διάθεσις,
946 1305 1008 1335 δια-

297 1358 447 1390 τύπωσις.

346 1409 466 1449 Terrz's]
489 1408 605 1440 Rebus
621 1407 786 1440 humanis.
810 1407 930 1438 Barth.

343 1462 406 1491 159
431 1458 559 1499 Fluvio]
584 1459 701 1490 Nilum
731 1457 827 1489 dicit.
875 1456 1010 1487 Novem

302 1510 481 1541 continuos
509 1514 579 1541 tum
611 1519 716 1540 annos
734 1509 922 1549 AEgyptum
947 1507 1010 1538 sic-

301 1570 377 1591 cam
392 1559 494 1591 fnisse
509 1560 628 1591 scribit
644 1558 955 1600 Apollodorus‚lib.
972 1567 1011 1589 11.

303 1611 542 1642 Bibliothecae.
587 1610 655 1643 Qui
671 1609 762 1641 idem
781 1614 893 1640 vatem
911 1613 1012 1639 vocat

303 1661 496 1700 Thrasium,
513 1661 696 1702 Cyproque
714 1661 759 1691 ait
773 1660 963 1695 oriundum,
978 1659 1011 1689 in

306 1710 492 1751 AEgyptum
510 1711 654 1749 venisse,
670 1715 705 1741 et
716 1710 764 1740 ibi
778 1710 860 1741 dato
874 1710 1013 1739 oraculo

305 1761 348 1792 de
369 1760 503 1801 hospite
523 1761 704 1802 quotannis
732 1760 925 1798 mactando,
949 1760 1014 1799 pri-

304 1820 395 1842 mum
413 1810 568 1841 infelices
586 1820 662 1840 aras
680 1810 849 1839 imbui-se.
875 1809 971 1839 Idem.

350 1864 411 1892 161
437 1861 584 1892 Inventas
599 1861 732 1901 primus]
766 1861 843 1890 Non
871 1860 1015 1898 primum,

307 1912 448 1952 scripti:
475 1916 511 1942 et
539 1912 638 1952 paulo
662 1916 743 1941 ante
770 1910 930 1950 primoque
944 1909 1015 1946 sibi,

308 1971 375 1992 non
397 1962 601 2001 primumque.
637 1960 741 1992 Ovid.
765 1963 774 1977 ‘
794 1959 848 1990 Illi
864 1959 1015 1990 Busiris:

308 2011 387 2042 Fies
402 2012 496 2043 Jovis
521 2012 629 2042 hostia
654 2009 802 2051 primus?
850 2010 1016 2049 Sequenti

309 2071 410 2092 versu
427 2063 505 2102 quod
523 2062 648 2091 dixerat
666 2070 726 2101 pro
742 2060 794 2100 qui
811 2060 1016 2100 membranae

309 2112 469 2144 meliores
498 2112 677 2151 legendum
706 2111 874 2142 suadent:
901 2115 1016 2149 recte3

310 2167 348 2193 111
365 2163 527 2193 Barthius
544 2163 644 2193 enam
663 2160 907 2201 posterioribus
929 2160 1018 2191 curis

311 2214 453 2244 monuit.
490 2213 606 2244 Dicere
624 2212 760 2253 proprie
778 2217 890 2242 vatum
907 2222 914 2242 :
940 2211 1018 2242 hinc

303 2261 449 2299 fatidici,
474 2261 666 2302 μοιρολόγοι.
692 2262 838 2293 Ovidius
866 2261 900 2291 in
917 2261 1017 2292 Ibin:

311 2312 380 2343 ‘Et
412 2322 453 2342 ne
483 2314 573 2343 nulla
603 2323 662 2344 suo
688 2312 856 2353 praesagia
884 2312 1018 2342 diceret

313 2361 397 2393 ore.'
421 2363 510 2392 Met.
528 2371 590 2393 xv.
614 2364 622 2379 ‘
640 2363 797 2393 Oravere
815 2363 942 2400 Deum,
960 2361 1018 2402 qui

314 2422 468 2454 praesens
495 2412 616 2443 funera
641 2414 752 2453 gentis
781 2414 892 2444 Finiat
909 2413 1018 2444 Auso·

315 2463 396 2503 niae,
421 2469 531 2494 certas
554 2464 601 2493 ita
618 2463 733 2493 dicere
751 2468 858 2495 sortes
873 2462 894 2493 :’
919 2473 1019 2503 qnam

315 2524 433 2545 veram
464 2516 532 2545 illic·
571 2515 750 2545 lectionem
794 2519 1017 2554 praestamus:

316 2565 395 2596 hinc
426 2570 461 2596 et
492 2566 628 2596 indicere
660 2571 693 2595 et
720 2565 838 2595 edicere
873 2574 1018 2595 sacrum.

317 2615 497 2646 Adeautnr
514 2625 587 2656 quae
606 2621 759 2645 notamus
775 2615 817 2646 ad
836 2614 1020 2653 Nasonem,

318 2665 383 2706 Ep.
401 2675 431 2696 v.
450 2668 501 2696 33.
527 2666 584 2695 illo
605 2666 691 2700 loco,
719 2663 775 2703 qui
801 2663 901 2703 vulgo
930 2674 1020 2694 men-

320 2716 422 2748 dosus
462 2717 658 2757 legebatur:
697 2715 788 2746 ‘Ina
814 2714 885 2746 dies
917 2715 1020 2746 fatum

319 2767 453 2797 miserae
479 2766 561 2797 mihi
586 2765 698 2797 dixit.'
733 2765 851 2806 Virgil.
884 2767 893 2782 ⁶
909 2766 1022 2797 Multa

320 2817 410 2851 iuter
440 2826 514 2850 sese
541 2818 635 2850 vario
665 2826 820 2850 sermone
850 2817 1024 2858 serebant,

497 205 642 238 NOTAE
673 203 941 236 VARIORUM
973 202 1027 233 IN
1060 201 1136 234 ct..
1168 200 1352 233 GLAUD.
1385 199 1533 231 xv111.

1042 298 1151 331 Quem
1169 297 1294 329 socium
1319 294 1511 327 exanimum
1536 296 1644 335 vates,
1657 295 1747 337 quod

1042 358 1164 389 corpus
1211 347 1420 379 humandum
1470 345 1641 377 Diceret!
1699 346 1749 378 D.

1044 399 1157 430 Heius.

1088 452 1149 481 163
1175 448 1293 489 Opifex
1304 447 1405 487 tauri]
1429 446 1597 478 Perilaus.
1641 446 1752 477 Peril-

1045 501 1113 531 lum
1131 505 1253 531 vocant
1269 499 1336 530 alii.
1383 497 1551 529 Ovidius:
1574 496 1583 513 ‘
1601 498 1646 529 Et
1662 497 1753 528 Pha-

1044 552 1122 583 laris
1147 553 1257 583 Tauro
1284 551 1426 581 violenti
1451 549 1603 580 membra
1629 548 1753 580 Perilli

1044 603 1180 635 Torruit
1195 614 1204 642 ;
1234 602 1354 634 infelix
1370 601 1491 633 imbuit
1506 603 1625 631 auctor
1646 597 1753 641 opus.'

1045 654 1162 685 Barth.

1090 707 1151 735 167
1178 704 1242 738 Qui
1267 713 1298 734 se
1324 703 1457 743 protulit
1485 701 1573 742 ante]
1607 702 1753 733 Lucens.

1045 753 1196 794 praetulit.
1219 753 1361 783 Deli-ius
1370 752 1430 782 sibi
1444 751 1582 791 profuit:
1605 751 1756 790 frustra,

1049 804 1122 835 sola
1157 803 1380 835 distinctione
1428 802 1524 832 locus
1569 801 1755 842 juvandus.

1050 854 1211 894 Proferre,
1248 861 1468 894 promovere,
1503 851 1661 883 evehere.
1705 851 1753 882 D.

1051 903 1166 936 Heins.

1095 955 1136 986 Se
1146 954 1294 996 protulit]
1308 955 1480 985 Evexerat
1495 953 1616 993 ipsum.
1639 952 1758 983 Barth.

1097 1008 1158 1036 168
1182 1005 1333 1046 Direplas
1343 1003 1479 1044 possedit
1491 1001 1576 1043 opes]
1599 1001 1758 1033 Faculta-

1055 1055 1145 1087 tibus
1162 1055 1317 1086 omnibus
1333 1059 1367 1086 et
1384 1054 1551 1094 dignitate
1577 1051 1760 1094 spoliatum

1056 1106 1128 1136 sola
1143 1106 1320 1136 voluntate
1337 1104 1497 1144 Eutropii
1528 1102 1650 1134 scribit
1666 1102 1762 1133 Zosi-

1056 1165 1129 1186 mus
1158 1155 1339 1192 hominem,
1367 1155 1424 1195 qui
1451 1153 1530 1184 inde
1558 1163 1578 1184 a
1603 1153 1764 1185 Gratiani

1059 1206 1269 1246 temporibus
1306 1205 1409 1244 Reip.
1448 1205 1672 1243 militaverat,
1700 1203 1762 1235 sub

1057 1256 1247 1287 Theodosio
1266 1255 1428 1286 maximos
1443 1255 1586 1285 honores
1604 1255 1763 1296 adeptus,

1059 1310 1095 1336 et
1111 1306 1239 1337 Consul
1255 1305 1465 1345 designatus.
1493 1305 1591 1336 Idem.

1102 1359 1164 1387 170
1188 1355 1369 1395 Auctorem]
1386 1355 1637 1388 Promotorem.
1661 1355 1764 1388 Idem.

1104 1408 1271 1438 Auctorem
1284 1407 1430 1437 damnare
1444 1405 1547 1445 suum]
1572 1405 1665 1436 Cave
1679 1406 1766 1437 Fau·

1060 1461 1158 1489 iorem
1188 1458 1293 1498 legas.
1352 1456 1567 1496 Ammianus,
1596 1456 1656 1487 lib.
1687 1464 1765 1488 xxr.

1059 1510 1069 1526 ⁴
1086 1508 1229 1540 Auctori
1253 1513 1312 1539 tuo
1335 1507 1559 1539 reverentiam
1583 1507 1767 1548 rogamus?

1062 1560 1166 1592 Plura
1181 1560 1247 1590 hoc
1265 1560 1340 1590 loco
1357 1558 1529 1589 Bai-thius.
1567 1558 1611 1589 D.
1629 1557 1743 1589 Heius.

1106 1613 1164 1642 171
1184 1610 1319 1641 Semivir
1333 1609 1456 1640 sublacu
1470 1609 1520 1639 sin
1534 1606 1650 1647 arcem]
1675 1607 1769 1639 Allu-

1062 1662 1111 1693 dit
1129 1662 1171 1693 ad
1186 1661 1281 1701 {illud
1299 1660 1469 1699 Clearchi,
1492 1659 1582 1700 apud
1600 1658 1726 1690 Athen.
1745 1658 1769 1689 l.

1062 1722 1085 1744 1.
1124 1713 1308 1743 Eunuchus
1324 1715 1376 1742 est
1392 1709 1467 1750 ἀνήρ
1482 1721 1518 1740 τε
1533 1708 1585 1744 nul
1611 1707 1666 1739 οὐκ
1681 1707 1770 1748 ἀνὴρ,

1062 1763 1168 1802 virque
1181 1766 1210 1792 et
1224 1772 1283 1791 non
1300 1761 1359 1791 vir.
1394 1758 1607 1797 Maenander,
1622 1757 1770 1797 εὐνοῦχος

1064 1812 1147 1842 ἄλλο
1162 1811 1264 1851 θηρίον
1280 1810 1365 1841 ἐστὶν
1381 1810 1413 1841 ἐν
1435 1811 1478 1849 τῷ
1495 1808 1552 1848 βίῳ
1567 1820 1575 1840 :
1602 1809 1771 1841 Eunuchus

1064 1863 1128 1893 alia
1150 1864 1289 1902 quaedam
1306 1861 1379 1899 fera
1405 1864 1450 1891 est
1477 1862 1509 1891 in
1537 1861 1623 1890 rita.-
1647 1860 1769 1901 quibus

1066 1922 1246 1953 persuasus
1281 1911 1380 1943 Alex.
1413 1912 1556 1941 Severus
1583 1910 1673 1950 Aug.
1704 1920 1770 1941 nec

1065 1965 1235 1996 foemiuam
1250 1964 1395 2005 putabat
1409 1974 1417 2002 3
1435 1963 1512 1994 ideo
1528 1972 1660 1993 omnem
1673 1972 1771 1994 usum

1067 2016 1149 2047 viris
1175 2015 1313 2055 ademit,
1332 2020 1367 2045 et
1383 2014 1440 2044 vix
1455 2013 1618 2044 matronis
1631 2022 1773 2044 conces-

1068 2066 1122 2097 sit.
1170 2067 1300 2097 Noster
1315 2064 1418 2095 alibi:
1453 2064 1462 2080 ‘
1475 2063 1582 2094 nubas
1599 2063 1772 2104 ducasque

1067 2117 1199 2155 licebit,
1229 2116 1412 2156 Nunquam
1439 2118 1549 2145 mater
1581 2113 1661 2152 eris,
1689 2122 1774 2144 nun-

1068 2177 1169 2208 quam
1193 2166 1315 2207 pater.’
1360 2164 1504 2196 Semivir
1531 2173 1628 2203 ergo,
1654 2162 1689 2193 id
1705 2167 1772 2203 est,

1068 2216 1307 2254 effoeminatus‚
1322 2220 1358 2246 et
1382 2214 1424 2245 ad
1447 2214 1539 2245 bella
1561 2213 1702 2244 inutilis.
1719 2222 1771 2246 lv.

1068 2265 1199 2297 AEneid.
1228 2267 1237 2282 ‘
1254 2266 1300 2296 Et
1314 2275 1403 2295 1111ηο
1430 2265 1488 2295 1110
1513 2264 1613 2295 Paris
1630 2273 1706 2295 cum
1721 2273 1773 2296 se-

1068 2316 1190 2347 miviro
1204 2314 1391 2346 comitatu!
1417 2315 1492 2346 Liv.
1509 2323 1559 2345 ιν.
1576 2314 1666 2345 Dec.
1679 2313 1702 2344 1.
1716 2322 1773 2345 111.

1068 2367 1077 2383 ‘
1094 2368 1192 2398 simul
1219 2375 1335 2397 errare
1365 2365 1518 2396 homines
1535 2364 1590 2405 qui
1618 2358 1772 2394 atrocem

1069 2417 1199 2448 caedem
1225 2417 1397 2456 pertinere
1423 2414 1466 2445 ad
1491 2414 1564 2444 illos
1597 2413 1773 2444 semiviros

1069 2467 1251 2497 crederent
1265 2465 1285 2496 :’
1308 2470 1420 2495 tamen
1438 2464 1551 2494 Flacc.
1569 2461 1699 2502 Argon.
1715 2462 1775 2494 lib.

1069 2525 1094 2547 1.
1119 2519 1127 2532 ‘
1142 2516 1240 2546 simul
1258 2514 1403 2553 armiger
1419 2513 1491 2543 ibat
1504 2512 1649 2542 Semivir
1662 2511 1681 2550 ;’
1705 2512 1773 2543 alio

1071 2575 1168 2595 sensu
1199 2574 1298 2605 quam
1322 2564 1365 2594 de
1393 2562 1626 2594 sacerdotibus
1656 2562 1775 2593 matris

1071 2615 1171 2646 deum
1190 2615 1275 2645 dixit
1298 2613 1455 2646 Juvenal.
1481 2615 1551 2644 Sat.
1577 2621 1626 2644 VI.
1648 2612 1657 2630 ‘
1676 2612 1779 2645 etin.-

1072 2677 1153 2706 gens
1167 2666 1322 2696 Semivir.
1348 2665 1524 2705 Dempster.

1115 2720 1176 2748 172
1203 2718 1268 2747 Mc
1295 2720 1364 2746 rota
1387 2716 1470 2755 pati,
1493 2714 1680 2756 necfingere
1695 2723 1776 2745 som·

1071 2766 1139 2806 uia]
1154 2766 1389 2798 Proverbiales
1402 2769 1480 2796 sunt
1496 2764 1587 2796 modi
1604 2763 1779 2805 loquendi,

1072 2817 1081 2835 ‘
1097 2816 1186 2859 quod
1199 2825 1262 2849 nec
1275 2819 1396 2858 optare
1407 2813 1598 2857 audebam,’
1614 2815 1632 2852 .‘
1650 2814 1693 2846 de
1709 2824 1774 2857 quo
