1852 3182
507 215 556 244 ΙΝ
596 212 828 243 RUFINUM
867 213 956 242 LIB.
990 213 1042 242 ll.

47 312 234 343 imbellium
265 310 431 342 hominum
456 313 491 339 et
515 309 599 338 aulae
627 307 751 347 impro-

48 361 100 392 bae
117 363 209 394 velut
222 362 387 392 devictus.
434 358 661 389 Orientalium
676 358 747 387 lux-

47 421 85 442 us
101 417 137 442 et
167 411 325 443 mollities
350 413 442 448 nota,
470 413 504 438 et
527 408 606 438 alibi
631 412 746 438 nostro

47 463 230 501 exagitata.
274 461 397 490 Tamen
424 468 539 489 verum
565 458 666 488 etiam
693 462 746 488 est

43 512 187 543 mixtum
213 509 444 542 Orientalibus
465 508 630 539 militibus
647 518 745 539 exer-

44 563 150 594 citum
190 562 276 592 huuc
310 559 507 590 Stilichonis
540 557 654 597 fuisse,
686 559 743 599 qui

43 621 110 643 non
137 610 318 642 veniebant
339 610 483 650 primum
500 610 532 639 in
548 613 663 649 partes
680 608 743 639 Ar-

41 663 211 701 cadianas,
240 660 299 692 sed
331 660 499 691 redibant.
547 660 624 690 Hoc
655 660 743 690 libro

40 721 90 743 vs.
105 714 177 743 309.
189 712 236 742 ita
252 712 399 752 loquitur
413 712 508 742 miles
524 723 530 742 :
548 712 556 728 ‘
576 711 675 742 Unde
692 721 742 742 re—

39 763 86 794 dii
104 764 237 795 nescis?
261 764 414 804 patiarne
442 764 558 794 audire
589 764 741 802 satelles,

39 814 105 847 Qui
122 814 211 853 leges
228 814 300 844 aliis
315 814 575 855 libertatemque
590 815 707 845 reduxi
720 814 740 844 ,Ρ

39 865 226 905 Eugenium
256 865 344 895 enim
372 875 414 896 ex
441 866 601 905 magistro
629 859 742 896 litera-

38 925 111 946 rum
131 915 378 956 Imperatorem
397 915 460 946 boc
477 915 632 946 exercitu
650 915 741 946 devi—

37 970 132 996 cerat
161 966 379 996 Tlieodosius.
428 966 471 995 Et
489 965 618 996 Gallias
644 964 740 1005 Alpi-

34 1025 163 1057 nosque
182 1022 309 1048 tractus
331 1017 404 1056 ejus
422 1017 507 1056 jugo
523 1016 738 1047 liberaverat.

35 1067 225 1098 Videbatur
241 1077 321 1098 vero
340 1067 482 1098 Stilicho
499 1072 663 1097 caeterum
681 1067 739 1097 mi-

34 1117 128 1148 litem
142 1127 255 1147 secum
273 1117 460 1154 reduxisse,
474 1117 656 1156 Legionem
671 1127 738 1148 mo-

34 1166 78 1197 do
94 1167 228 1198 unicam
248 1167 281 1197 iu
300 1166 410 1197 Rufini
428 1167 566 1206 regione
584 1167 738 1208 reliquis-

33 1225 81 1256 se,
97 1225 139 1247 ex
156 1226 197 1248 eo
210 1225 309 1246 versu
326 1219 387 1247 257
399 1216 544 1247 dicitur:
570 1217 578 1233 ‘
598 1217 644 1248 Ut
662 1227 736 1248 sese

31 1266 120 1307 legio
151 1267 236 1298 vidit
265 1266 440 1306 disjuncta
470 1266 634 1308 relinqui!
668 1267 736 1298 Sed

30 1316 178 1348 Poetice
203 1317 284 1348 illud
303 1317 441 1357 dietum,
457 1327 534 1348 cum
552 1327 618 1347 nou
636 1327 736 1348 unam

31 1367 90 1398 sed
108 1368 222 1408 plures
238 1372 414 1407 agnoscat,
430 1376 479 1398 vs.
496 1370 568 1398 312.
584 1378 590 1397 :
609 1368 617 1384 ‘
634 1368 735 1399 Nunc

30 1418 160 1458 Epulas
177 1422 325 1458 tempus,
351 1418 448 1456 socii,
463 1427 550 1448 nunc
569 1417 663 1457 larga
680 1427 736 1458 pa-

31 1476 108 1498 rare
136 1468 293 1505 Munera,
339 1466 601 1507 donandumque
639 1468 734 1497 novis

29 1519 222 1559 legionibus
251 1518 392 1549 aurum.’
437 1519 657 1559 Suspicamur
689 1523 735 1548 ta-

30 1578 107 1600 men
130 1578 207 1599 vere
225 1578 287 1609 per
303 1569 602 1609 exprobrationem
620 1579 734 1609 quam-

27 1618 118 1659 piam
142 1619 311 1650 occultam
330 1619 428 1649 Eoum
445 1619 620 1659 appellare
637 1629 733 1649 suum

29 1669 183 1708 militem,
209 1669 314 1700 veluti
342 1669 384 1699 ab
408 1669 543 1699 homine
570 1668 732 1709 deinceps

28 1719 174 1750 molliori
214 1724 250 1750 et
293 1718 499 1750 effceniinato
533 1719 732 1759 regendum,

28 1770 169 1812 ejusque
180 1770 321 1811 imperio
334 1770 589 1801 assentientem.
630 1770 729 1801 Idem.

68 1823 132 1852 219
157 1821 327 1862 Contiguo]
365 1822 447 1852 Tam
471 1821 665 1862 propinquo
693 1826 730 1852 ut

27 1872 122 1903 velut
149 1881 249 1902 manu
274 1871 424 1912 contingi
446 1872 563 1913 possit.
607 1872 730 1912 Vir-gil.

26 1922 156 1954 ‘Hunc
187 1923 245 1954 ubi
277 1923 474 1962 contiguum
513 1923 623 1954 missae
655 1922 729 1954 fore

26 1972 321 2005 crediditliastae.'
361 1973 459 2004 Idem.

69 2026 132 2054 221
159 2021 328 2061 Ceraunia]
363 2022 459 2062 Epiri
474 2027 605 2053 montes
624 2022 729 2054 famo-

26 2074 54 2105 si
69 2071 253 2112 naufragiis
270 2076 306 2103 et
322 2071 594 2112 tempestatibus.
630 2073 728 2104 Unde

25 2124 181 2155 Lucanus
199 2135 206 2154 ε
231 2124 239 2140 ‘
256 2123 445 2163 Scopulosa
461 2123 630 2154 Ceraunia
651 2133 730 2154 nau-

25 2180 72 2207 tae
94 2175 231 2205 Summa
248 2173 390 2204 timent.’
437 2172 621 2203 Horatius:
647 2175 655 2189 ‘
672 2173 728 2204 In-

25 2224 141 2256 fameis
153 2225 310 2265 scopulos
325 2223 602 2254 Acroceraunia!
627 2223 727 2255 Idem.

66 2276 130 2305 222
154 2274 244 2304 Elisa
255 2274 393 2304 tonitrua
412 2273 517 2313 Coris]
552 2274 629 2304 Non
645 2273 727 2304 illisa

25 2324 167 2356 Lucens.
191 2329 226 2356 et
251 2324 391 2365 Gyrald.
415 2324 463 2355 sic
489 2323 564 2354 elisa
587 2325 668 2354 unda
684 2334 726 2354 ex

25 2375 160 2416 optimis
184 2374 390 2406 membranis
416 2383 520 2413 supra
536 2372 592 2404 lib.
622 2381 647 2404 1.
675 2382 724 2404 vs.

24 2427 98 2457 2⁷4.
115 2426 304 2457 habuimus.
330 2426 374 2456 D.
390 2425 502 2455 Heius.

65 2475 153 2507 laisa
188 2477 325 2507 tonitrua
359 2474 454 2514 coris]
490 2473 621 2505 Φυσικὸν
649 2473 724 2505 hoe.

28 2526 125 2558 Vento
147 2527 235 2558 enim
261 2527 354 2558 calor
378 2525 524 2564 humori,
548 2525 614 2556 imo
638 2525 724 2564 ignis

24 2575 191 2617 impactus
205 2576 304 2607 undae
321 2576 429 2617 gignit
445 2575 608 2607 tonitrua.
631 2575 724 2615 Lege

25 2626 162 2658 Lucret.
179 2626 236 2657 lib.
252 2636 302 2658 vr.
326 2626 445 2657 Barth.

66 2678 128 2707 223
154 2676 331 2716 Ereptaque
345 2675 473 2717 praelia]
511 2674 725 2707 Discedente

22 2726 222 2758 Stilichone.
251 2727 346 2758 Idem.

65 2777 128 2808 224
153 2775 290 2817 Populus
303 2775 443 2816 defendit
457 2776 600 2818 uterque]
622 2776 724 2809 Miles

1397 207 1416 245 1
1425 205 1509 247 283

808 310 876 337 tam
908 306 1122 337 Arcadianus
1150 315 1249 346 quam
1281 306 1509 341 Honorianus.

802 356 1034 387 Arcadianum
1059 361 1173 397 potest
1193 362 1229 387 ut
1247 366 1348 396 snpra
1372 367 1512 390 vocave-

803 408 847 438 rit
873 409 881 424 ‘
899 408 1004 438 Eoum
1038 407 1205 438 militem.’
1250 408 1305 437 Sic
1333 408 1509 448 ‘Utraque

801 458 929 489 castra'
944 459 1086 489 movisse
1096 458 1315 488 Stilichonem
1328 457 1409 488 dicit
1423 468 1509 490 vers.

800 511 871 539 10-1.
928 509 971 538 Et
999 509 1031 538 iu
1050 509 1189 549 querela
1210 507 1337 545 Rufini,
1367 518 1413 538 vs.
1434 511 1507 540 161.

796 558 804 574 ‘
823 559 930 589 Eoum
948 558 1101 589 militcm'
1121 560 1253 598 reposci
1273 558 1376 589 vides.
1407 559 1507 590 Unde

795 609 910 639 nescio
923 618 964 638 an
979 609 1134 648 superior
1148 618 1194 639 vs,
1211 611 1286 639 217.
1302 609 1507 648 interpreta-

797 659 846 689 tio
863 664 978 689 nostra
994 658 1076 689 satis
1094 659 1137 689 sit
1156 658 1346 697 commoda,
1362 667 1437 689 cum
1455 669 1505 689 re-

795 709 933 739 mittere
947 709 1056 739 Eoum
1075 708 1174 739 modo
1192 708 1333 739 militem
1360 709 1506 741 voluerit

796 759 950 789 Stilicho.
988 759 1088 789 Idem.

838 813 900 840 226
926 810 998 840 Non
1035 810 1184 840 illaudala
1214 809 1337 840 lacessit
1368 809 1505 850 Seditio]

795 862 940 892 Poterat
972 861 1038 892 alio
1071 861 1205 891 nominc
1234 861 1296 891 lioc
1326 866 1502 891 certamen

794 912 956 943 indicare.
981 912 1108 942 Verum
1124 911 1185 941 hoc
1200 910 1382 941 Poetarum
1397 911 1504 941 maxi-

794 972 924 992 morum
943 967 1007 1001 est,
1023 961 1150 1002 aliquid
1165 961 1372 991 contrarium
1387 970 1503 991 accer-

795 1022 882 1049 sere,
899 1017 933 1042 et
960 1012 1070 1051 ipsum
1095 1011 1189 1041 velut
1218 1011 1334 1041 vitium
1353 1011 1499 1051 (illudam

795 1062 923 1092 virtute
940 1071 1026 1091 nova
1043 1060 1193 1090 induere.
1218 1060 1315 1090 Idem.

832 1115 893 1143 227
922 1113 1062 1142 Clamore
1093 1109 1266 1148 morentur]
1319 1109 1499 1144 Queruntur

790 1161 894 1193 iidem
920 1162 1067 1193 Luceus.
1103 1165 1138 1191 et
1169 1159 1312 1199 Gyrald.
1339 1169 1415 1190 cum
1440 1169 1498 1190 ex-

790 1213 917 1253 cerptis
932 1211 1132 1252 Pomponii:
1151 1209 1269 1250 scripti
1290 1210 1422 1249 ca‘teri,
1438 1220 1499 1240 mo.

790 1266 899 1294 retur.-
916 1263 1013 1303 prim.
1025 1263 1106 1292 Vat.
1123 1263 1291 1291 unirentur.
1316 1261 1361 1291 D.
1377 1260 1498 1291 Heius.

831 1315 894 1343 228
917 1311 1075 1350 Lucet-iis]
1087 1309 1260 1349 Manibus,
1274 1310 1386 1350 potius
1398 1320 1497 1351 quam

788 1363 938 1394 lacertis.
955 1363 1086 1402 Estque
1108 1360 1150 1390 de
1168 1360 1243 1400 pilis
1261 1360 1403 1397 dictum,
1420 1371 1496 1402 quae

786 1412 1366 1445 extensislacertisexcutiebantur.
1381 1413 1497 1444 Barth.

829 1468 891 1496 230
915 1465 1014 1505 Leges
1051 1464 1170 1495 vibrato
1205 1465 1360 1504 imponere
1388 1463 1496 1505 sirro]

786 1517 840 1547 Sic
867 1526 943 1547 cum
969 1515 1138 1555 Isiugriuo
1156 1514 1288 1545 (Ilaver.
1306 1519 1342 1544 et
1360 1513 1494 1554 Rapbe-

785 1567 914 1606 lengius
931 1576 938 1596 :
968 1565 1057 1606 quod
1076 1564 1278 1595 confirmant
1296 1564 1442 1595 Lucens.
1459 1568 1495 1595 et

785 1618 883 1658 prim.
915 1617 1030 1648 Vatic.
1067 1616 1192 1646 Caeteri
1226 1625 1300 1646 cum
1331 1616 1492 1655 vulgatis,

782 1668 892 1698 stricto
918 1669 1000 1706 leg-es
1017 1665 1266 1705 impmzereserro
1281 1676 1290 1696 :
1309 1669 1491 1706 utrumque

783 1717 938 1757 probum.
986 1715 1076 1746 Illud
1113 1719 1228 1745 tamen
1260 1715 1349 1745 malo
1368 1725 1377 1752 ;
1412 1714 1494 1755 quia.

781 1767 790 1783 ‘
808 1767 945 1798 strictos
980 1765 1152 1805 deponere
1184 1764 1337 1804 cogimur
1369 1764 1492 1803 enses,'

775 1819 849 1860 jam
863 1817 1050 1858 praecessit.
1084 1818 1127 1848 D.
1146 1816 1259 1848 Heius.

823 1872 884 1901 231
910 1869 1110 1909 Inflammata
1138 1869 1230 1899 semel
1258 1868 1356 1899 nescit
1386 1868 1491 1900 mites-

780 1930 848 1952 cere
863 1920 977 1960 rirtus]
1015 1920 1091 1951 Nec
1114 1919 1204 1950 enim
1222 1920 1329 1950 virtus
1347 1919 1493 1960 philoso-

780 1971 881 2012 phica
896 1971 1063 2012 quaepiam
1094 1975 1153 2000 aut
1178 1970 1280 2000 animi
1303 1970 1492 2002 beatitudi-

780 2031 857 2052 nem
881 2030 1089 2053 concernens
1106 2021 1160 2051 hic
1178 2020 1403 2061 intelligenda
1415 2026 1490 2060 est;

780 2072 838 2103 sed
857 2072 1013 2102 militaris
1039 2071 1152 2111 potius
1177 2070 1307 2103 ferocia
1323 2077 1359 2103 et
1373 2073 1424 2103 ira
1439 2081 1490 2103 se·

780 2133 887 2164 quens
900 2123 1178 2162 mueronemjam
1195 2123 1362 2154 strictum.
1396 2124 1488 2157 Nam

779 2175 916 2206 virtutis
931 2175 1095 2206 vocabulo
1113 2175 1234 2206 Poeta*
1249 2175 1488 2207 fortitudinem

777 2226 974 2265 militarem,
1016 2226 1162 2256 animum
1200 2226 1305 2257 caedis
1342 2226 1486 2258 hosticae

778 2276 926 2315 avidum,
967 2281 1282 2317 contemtoremque
1306 2276 1402 2317 lucis,
1424 2286 1486 2308 sae-

777 2326 913 2366 pissime
931 2326 1096 2357 indicant.
1127 2326 1245 2358 Barth.

819 2378 882 2413 232
905 2375 1048 2414 Jamjam
1081 2376 1269 2418 barbaricos]
1304 2377 1381 2407 Jam
1407 2375 1486 2407 mihi

776 2425 884 2457 Aldus
901 2430 935 2456 et
952 2427 1073 2467 scripti
1091 2426 1246 2467 plerique
1264 2437 1273 2464 3
1298 2435 1358 2466 pro
1384 2427 1482 2456 altro-

776 2487 834 2517 que
851 2476 913 2507 Ed.
941 2477 1057 2509 Parm.
1078 2477 1222 2518 aliaeque
1239 2476 1422 2515 nonnullae,
1444 2483 1485 2507 ac

775 2528 966 2565 Puteanus,
979 2528 1157 2568 ultrixque.-
1180 2527 1271 2568 quod
1290 2526 1484 2567 Raphelen—

777 2579 852 2618 gius
869 2578 1266 2617 secutus,subscribente
1286 2582 1321 2607 et
1334 2575 1486 2607 Bai-thio.

775 2627 843 2659 Sed
860 2628 949 2669 quod
972 2628 1022 2658 vir
1034 2627 1091 2658 ille
1105 2626 1322 2658 doctissimus
1337 2623 1483 2655 affirmat

775 2678 969 2709 universum
1000 2677 1217 2717 Belgicorum
1234 2675 1389 2706 codicum
1405 2679 1480 2711 gre-

776 2737 851 2768 gem
880 2726 918 2758 τὸ
939 2727 1041 2757 ultrix
1068 2734 1265 2765 agnoscere,
1296 2722 1396 2753 aliter
1425 2729 1480 2752 res

776 2787 851 2810 sese
867 2777 981 2809 babet.
1025 2776 1082 2810 Illi
1103 2775 1193 2807 enim
1217 2774 1300 2805 ultro
1325 2774 1480 2805 constan-
