<?xml version="1.0" encoding="UTF-8"?>
<!DOCTYPE html PUBLIC "-//W3C//DTD XHTML 1.0 Transitional//EN"
    "http://www.w3.org/TR/xhtml1/DTD/xhtml1-transitional.dtd">
<html xmlns="http://www.w3.org/1999/xhtml" xml:lang="en" lang="en">
 <head>
  <title>
</title>
<meta http-equiv="Content-Type" content="text/html;charset=utf-8" />
  <meta name='ocr-system' content='tesseract 3.04.00' />
  <meta name='ocr-capabilities' content='ocr_page ocr_carea ocr_par ocr_line ocrx_word'/>
</head>
<body>
  <div class='ocr_page' id='page_1' title='image "./operaomniaexedit03clauuoft_0498.png"; bbox 0 0 1851 3213; ppageno 0'>
   <div class='ocr_carea' id='block_1_1' title="bbox 250 182 363 224">
    <p class='ocr_par' dir='ltr' id='par_1_1' title="bbox 250 182 363 224">
     <span class='ocr_line' id='line_1_1' title="bbox 250 182 363 224; baseline 0.009 -1"><span class='ocrx_word' id='word_1_1' title='bbox 250 182 363 224; x_wconf 82' lang='lat'>1470</span> 
     </span>
    </p>
   </div>
   <div class='ocr_carea' id='block_1_2' title="bbox 252 285 998 2802">
    <p class='ocr_par' dir='ltr' id='par_1_2' title="bbox 252 285 966 825">
     <span class='ocr_line' id='line_1_2' title="bbox 292 285 957 328; baseline -0.005 -10"><span class='ocrx_word' id='word_1_2' title='bbox 292 286 440 319; x_wconf 79' lang='lat' dir='ltr'>Juda&#39;icz‘s</span> <span class='ocrx_word' id='word_1_3' title='bbox 466 297 534 328; x_wconf 85' lang='lat' dir='ltr'>quae</span> <span class='ocrx_word' id='word_1_4' title='bbox 570 287 718 328; x_wconf 76' lang='lat' dir='ltr'><strong><em>pingitur</em></strong></span> <span class='ocrx_word' id='word_1_5' title='bbox 747 287 838 318; x_wconf 79' lang='lat' dir='ltr'>India</span> <span class='ocrx_word' id='word_1_6' title='bbox 867 285 957 325; x_wconf 76' lang='lat' dir='ltr'>velis]</span> 
     </span>
     <span class='ocr_line' id='line_1_3' title="bbox 253 336 958 378; baseline -0.006 -9"><span class='ocrx_word' id='word_1_7' title='bbox 253 336 375 369; x_wconf 85' lang='lat' dir='ltr'>Aulaea</span> <span class='ocrx_word' id='word_1_8' title='bbox 405 337 490 368; x_wconf 82' lang='lat' dir='ltr'>dicit</span> <span class='ocrx_word' id='word_1_9' title='bbox 519 337 682 377; x_wconf 75' lang='lat' dir='ltr'>Jiida‘l&#39;ca,</span> <span class='ocrx_word' id='word_1_10' title='bbox 713 338 832 378; x_wconf 76' lang='lat' dir='ltr'>quibus</span> <span class='ocrx_word' id='word_1_11' title='bbox 864 337 958 375; x_wconf 68' lang='lat' dir='ltr'>mirae</span> 
     </span>
     <span class='ocr_line' id='line_1_4' title="bbox 252 388 960 429; baseline -0.003 -10"><span class='ocrx_word' id='word_1_12' title='bbox 252 388 371 419; x_wconf 84' lang='lat' dir='ltr'>formae</span> <span class='ocrx_word' id='word_1_13' title='bbox 389 398 559 429; x_wconf 87' lang='lat' dir='ltr'>expressae</span> <span class='ocrx_word' id='word_1_14' title='bbox 577 389 774 419; x_wconf 88' lang='lat' dir='ltr'>Indicorum</span> <span class='ocrx_word' id='word_1_15' title='bbox 795 392 960 418; x_wconf 87' lang='lat' dir='ltr'>monstro-</span> 
     </span>
     <span class='ocr_line' id='line_1_5' title="bbox 253 439 960 479; baseline -0.001 -10"><span class='ocrx_word' id='word_1_16' title='bbox 253 449 338 471; x_wconf 87' lang='lat' dir='ltr'>rum.</span> <span class='ocrx_word' id='word_1_17' title='bbox 391 439 456 470; x_wconf 90' lang='lat' dir='ltr'>Vel</span> <span class='ocrx_word' id='word_1_18' title='bbox 483 444 518 470; x_wconf 90' lang='lat' dir='ltr'>et</span> <span class='ocrx_word' id='word_1_19' title='bbox 547 439 712 479; x_wconf 81' lang='lat' dir='ltr'>AEgyptia</span> <span class='ocrx_word' id='word_1_20' title='bbox 739 439 871 478; x_wconf 86' lang='lat' dir='ltr'>tapetia</span> <span class='ocrx_word' id='word_1_21' title='bbox 901 439 960 470; x_wconf 85' lang='lat' dir='ltr'>Ju-</span> 
     </span>
     <span class='ocr_line' id='line_1_6' title="bbox 253 489 961 531; baseline -0.004 -9"><span class='ocrx_word' id='word_1_22' title='bbox 253 490 354 522; x_wconf 79' lang='lat' dir='ltr'>da&#39;ica</span> <span class='ocrx_word' id='word_1_23' title='bbox 371 490 559 531; x_wconf 85' lang='lat' dir='ltr'>appellavit</span> <span class='ocrx_word' id='word_1_24' title='bbox 586 489 804 526; x_wconf 83' lang='lat' dir='ltr'><strong>Claudianus,</strong></span> <span class='ocrx_word' id='word_1_25' title='bbox 829 494 868 519; x_wconf 90' lang='lat' dir='ltr'>ut</span> <span class='ocrx_word' id='word_1_26' title='bbox 889 499 961 519; x_wconf 83' lang='lat' dir='ltr'>eas-</span> 
     </span>
     <span class='ocr_line' id='line_1_7' title="bbox 254 540 961 582; baseline -0.004 -9"><span class='ocrx_word' id='word_1_27' title='bbox 254 541 333 573; x_wconf 88' lang='lat' dir='ltr'>dem</span> <span class='ocrx_word' id='word_1_28' title='bbox 351 542 485 582; x_wconf 88' lang='lat' dir='ltr'>species</span> <span class='ocrx_word' id='word_1_29' title='bbox 504 545 583 581; x_wconf 81' lang='lat' dir='ltr'>post</span> <span class='ocrx_word' id='word_1_30' title='bbox 599 540 688 571; x_wconf 89' lang='lat' dir='ltr'>idem</span> <span class='ocrx_word' id='word_1_31' title='bbox 707 545 825 571; x_wconf 80' lang='lat' dir='ltr'>auctor</span> <span class='ocrx_word' id='word_1_32' title='bbox 846 550 864 571; x_wconf 91' lang='lat' dir='ltr'>a</span> <span class='ocrx_word' id='word_1_33' title='bbox 881 540 961 571; x_wconf 88' lang='lat' dir='ltr'>Nilo</span> 
     </span>
     <span class='ocr_line' id='line_1_8' title="bbox 254 590 962 633; baseline -0.003 -10"><span class='ocrx_word' id='word_1_34' title='bbox 254 593 382 633; x_wconf 82' lang='lat' dir='ltr'>petitas</span> <span class='ocrx_word' id='word_1_35' title='bbox 413 592 542 623; x_wconf 88' lang='lat' dir='ltr'>scribit.</span> <span class='ocrx_word' id='word_1_36' title='bbox 587 590 821 622; x_wconf 87' lang='lat' dir='ltr'>Alexandrina</span> <span class='ocrx_word' id='word_1_37' title='bbox 848 596 962 621; x_wconf 74' lang='lat' dir='ltr'>autem</span> 
     </span>
     <span class='ocr_line' id='line_1_9' title="bbox 255 641 964 684; baseline -0.004 -10"><span class='ocrx_word' id='word_1_38' title='bbox 255 642 386 684; x_wconf 84' lang='lat' dir='ltr'>tapetia</span> <span class='ocrx_word' id='word_1_39' title='bbox 410 642 570 674; x_wconf 82' lang='lat' dir='ltr'>celebria.</span> <span class='ocrx_word' id='word_1_40' title='bbox 610 641 738 673; x_wconf 85' lang='lat' dir='ltr'>Aulaeis</span> <span class='ocrx_word' id='word_1_41' title='bbox 762 646 874 672; x_wconf 80' lang='lat' dir='ltr'>autem</span> <span class='ocrx_word' id='word_1_42' title='bbox 893 641 964 671; x_wconf 90' lang='lat' dir='ltr'>tali-</span> 
     </span>
     <span class='ocr_line' id='line_1_10' title="bbox 255 691 966 733; baseline -0.003 -9"><span class='ocrx_word' id='word_1_43' title='bbox 255 693 317 724; x_wconf 88' lang='lat' dir='ltr'>bus</span> <span class='ocrx_word' id='word_1_44' title='bbox 360 693 524 724; x_wconf 85' lang='lat' dir='ltr'>mirandae</span> <span class='ocrx_word' id='word_1_45' title='bbox 565 693 698 733; x_wconf 78' lang='lat' dir='ltr'>species</span> <span class='ocrx_word' id='word_1_46' title='bbox 735 691 966 732; x_wconf 82' lang='lat' dir='ltr'>impingeban-</span> 
     </span>
     <span class='ocr_line' id='line_1_11' title="bbox 256 742 962 783; baseline -0.004 -9"><span class='ocrx_word' id='word_1_47' title='bbox 256 748 327 783; x_wconf 90' lang='lat' dir='ltr'>tur,</span> <span class='ocrx_word' id='word_1_48' title='bbox 343 742 432 774; x_wconf 87' lang='lat' dir='ltr'>unde</span> <span class='ocrx_word' id='word_1_49' title='bbox 448 743 581 773; x_wconf 82' lang='lat' dir='ltr'>belluata</span> <span class='ocrx_word' id='word_1_50' title='bbox 599 743 743 773; x_wconf 89' lang='lat' dir='ltr'>Plautus</span> <span class='ocrx_word' id='word_1_51' title='bbox 761 742 860 772; x_wconf 88' lang='lat' dir='ltr'>dixit.</span> <span class='ocrx_word' id='word_1_52' title='bbox 878 742 962 772; x_wconf 84' lang='lat' dir='ltr'>Bur-</span> 
     </span>
     <span class='ocr_line' id='line_1_12' title="bbox 257 794 353 825; baseline 0.01 -1"><span class='ocrx_word' id='word_1_53' title='bbox 257 794 353 825; x_wconf 85' lang='lat' dir='ltr'>thius.</span> 
     </span>
    </p>

    <p class='ocr_par' dir='ltr' id='par_1_3' title="bbox 259 842 972 1237">
     <span class='ocr_line' id='line_1_13' title="bbox 300 842 966 883; baseline -0.002 -9"><span class='ocrx_word' id='word_1_54' title='bbox 300 846 364 874; x_wconf 84' lang='lat'>358</span> <span class='ocrx_word' id='word_1_55' title='bbox 389 842 510 874; x_wconf 74' lang='lat' dir='ltr'>Mixtis</span> <span class='ocrx_word' id='word_1_56' title='bbox 535 843 667 883; x_wconf 76' lang='lat' dir='ltr'>salibus]</span> <span class='ocrx_word' id='word_1_57' title='bbox 695 844 781 876; x_wconf 85' lang='lat' dir='ltr'>Quae</span> <span class='ocrx_word' id='word_1_58' title='bbox 809 843 888 874; x_wconf 91' lang='lat' dir='ltr'>hinc</span> <span class='ocrx_word' id='word_1_59' title='bbox 916 852 966 873; x_wconf 88' lang='lat' dir='ltr'>se-</span> 
     </span>
     <span class='ocr_line' id='line_1_14' title="bbox 259 893 968 935; baseline 0 -11"><span class='ocrx_word' id='word_1_60' title='bbox 259 898 408 935; x_wconf 90' lang='lat' dir='ltr'>quuntur</span> <span class='ocrx_word' id='word_1_61' title='bbox 424 894 569 925; x_wconf 86' lang='lat' dir='ltr'>Veneris</span> <span class='ocrx_word' id='word_1_62' title='bbox 584 894 689 924; x_wconf 85' lang='lat' dir='ltr'>verba</span> <span class='ocrx_word' id='word_1_63' title='bbox 705 897 795 934; x_wconf 82' lang='lat' dir='ltr'>sunt,</span> <span class='ocrx_word' id='word_1_64' title='bbox 809 893 968 934; x_wconf 82' lang='lat' dir='ltr'>ambigue</span> 
     </span>
     <span class='ocr_line' id='line_1_15' title="bbox 259 944 969 985; baseline 0 -10"><span class='ocrx_word' id='word_1_65' title='bbox 259 945 406 985; x_wconf 85' lang='lat' dir='ltr'>prolata,</span> <span class='ocrx_word' id='word_1_66' title='bbox 428 950 467 975; x_wconf 90' lang='lat' dir='ltr'>ut</span> <span class='ocrx_word' id='word_1_67' title='bbox 496 945 675 976; x_wconf 84' lang='lat' dir='ltr'>videantur</span> <span class='ocrx_word' id='word_1_68' title='bbox 700 945 907 984; x_wconf 86' lang='lat' dir='ltr'>communia,</span> <span class='ocrx_word' id='word_1_69' title='bbox 934 944 969 975; x_wconf 88' lang='lat' dir='ltr'>in</span> 
     </span>
     <span class='ocr_line' id='line_1_16' title="bbox 259 995 968 1036; baseline -0.001 -10"><span class='ocrx_word' id='word_1_70' title='bbox 259 995 335 1026; x_wconf 85' lang='lat' dir='ltr'>sinu</span> <span class='ocrx_word' id='word_1_71' title='bbox 363 999 477 1026; x_wconf 85' lang='lat' dir='ltr'>autem</span> <span class='ocrx_word' id='word_1_72' title='bbox 507 1005 617 1026; x_wconf 83' lang='lat' dir='ltr'>meras</span> <span class='ocrx_word' id='word_1_73' title='bbox 650 995 807 1026; x_wconf 85' lang='lat' dir='ltr'>lascivias</span> <span class='ocrx_word' id='word_1_74' title='bbox 833 999 968 1036; x_wconf 82' lang='lat' dir='ltr'>gerunt,</span> 
     </span>
     <span class='ocr_line' id='line_1_17' title="bbox 260 1045 969 1087; baseline 0 -11"><span class='ocrx_word' id='word_1_75' title='bbox 260 1055 344 1087; x_wconf 86' lang='lat' dir='ltr'>quas</span> <span class='ocrx_word' id='word_1_76' title='bbox 376 1046 487 1077; x_wconf 87' lang='lat' dir='ltr'>obiter</span> <span class='ocrx_word' id='word_1_77' title='bbox 525 1046 626 1077; x_wconf 88' lang='lat' dir='ltr'>modo</span> <span class='ocrx_word' id='word_1_78' title='bbox 662 1050 854 1086; x_wconf 81' lang='lat' dir='ltr'>tangemus.</span> <span class='ocrx_word' id='word_1_79' title='bbox 913 1045 969 1076; x_wconf 87' lang='lat' dir='ltr'>Sic</span> 
     </span>
     <span class='ocr_line' id='line_1_18' title="bbox 261 1096 970 1136; baseline 0 -10"><span class='ocrx_word' id='word_1_80' title='bbox 261 1105 342 1127; x_wconf 88' lang='lat' dir='ltr'>vero</span> <span class='ocrx_word' id='word_1_81' title='bbox 372 1101 408 1127; x_wconf 90' lang='lat' dir='ltr'>et</span> <span class='ocrx_word' id='word_1_82' title='bbox 444 1097 581 1128; x_wconf 89' lang='lat' dir='ltr'>levioris</span> <span class='ocrx_word' id='word_1_83' title='bbox 612 1097 740 1136; x_wconf 85' lang='lat' dir='ltr'>ingenii</span> <span class='ocrx_word' id='word_1_84' title='bbox 781 1096 970 1127; x_wconf 89' lang='lat' dir='ltr'>hominibus</span> 
     </span>
     <span class='ocr_line' id='line_1_19' title="bbox 261 1146 972 1186; baseline -0.001 -9"><span class='ocrx_word' id='word_1_85' title='bbox 261 1146 479 1186; x_wconf 85' lang='lat' dir='ltr'>displicuisse</span> <span class='ocrx_word' id='word_1_86' title='bbox 507 1151 622 1177; x_wconf 88' lang='lat' dir='ltr'>tamen</span> <span class='ocrx_word' id='word_1_87' title='bbox 647 1146 802 1177; x_wconf 89' lang='lat' dir='ltr'>omnibus</span> <span class='ocrx_word' id='word_1_88' title='bbox 833 1147 895 1177; x_wconf 87' lang='lat' dir='ltr'>hos</span> <span class='ocrx_word' id='word_1_89' title='bbox 923 1146 972 1177; x_wconf 88' lang='lat' dir='ltr'>ait</span> 
     </span>
     <span class='ocr_line' id='line_1_20' title="bbox 263 1196 735 1237; baseline -0.004 -9"><span class='ocrx_word' id='word_1_90' title='bbox 263 1197 424 1237; x_wconf 88' lang='lat' dir='ltr'>Eutropii</span> <span class='ocrx_word' id='word_1_91' title='bbox 440 1201 596 1227; x_wconf 78' lang='lat' dir='ltr'>conatus.</span> <span class='ocrx_word' id='word_1_92' title='bbox 636 1196 735 1226; x_wconf 83' lang='lat' dir='ltr'><strong><em>Idem.</em></strong></span> 
     </span>
    </p>

    <p class='ocr_par' dir='ltr' id='par_1_4' title="bbox 267 1244 974 1328">
     <span class='ocr_line' id='line_1_21' title="bbox 306 1244 974 1286; baseline -0.001 -9"><span class='ocrx_word' id='word_1_93' title='bbox 306 1250 370 1278; x_wconf 81' lang='lat'>359</span> <span class='ocrx_word' id='word_1_94' title='bbox 394 1247 431 1277; x_wconf 86' lang='lat' dir='ltr'>In</span> <span class='ocrx_word' id='word_1_95' title='bbox 451 1245 590 1286; x_wconf 80' lang='lat' dir='ltr'><em>pectore]</em></span> <span class='ocrx_word' id='word_1_96' title='bbox 616 1245 882 1276; x_wconf 83' lang='lat' dir='ltr'>Obseoenissime</span> <span class='ocrx_word' id='word_1_97' title='bbox 905 1244 974 1276; x_wconf 87' lang='lat' dir='ltr'>dic-</span> 
     </span>
     <span class='ocr_line' id='line_1_22' title="bbox 267 1302 350 1328; baseline 0 0"><span class='ocrx_word' id='word_1_98' title='bbox 267 1302 350 1328; x_wconf 88' lang='lat' dir='ltr'>tum.</span> 
     </span>
    </p>

    <p class='ocr_par' dir='ltr' id='par_1_5' title="bbox 266 1346 976 1440">
     <span class='ocr_line' id='line_1_23' title="bbox 308 1346 976 1387; baseline -0.001 -9"><span class='ocrx_word' id='word_1_99' title='bbox 308 1347 479 1387; x_wconf 82' lang='lat' dir='ltr'>Magnum]</span> <span class='ocrx_word' id='word_1_100' title='bbox 533 1348 679 1379; x_wconf 86' lang='lat' dir='ltr'>Plautus</span> <span class='ocrx_word' id='word_1_101' title='bbox 717 1347 862 1378; x_wconf 89' lang='lat' dir='ltr'>Casina:</span> <span class='ocrx_word' id='word_1_102' title='bbox 902 1346 976 1378; x_wconf 84' lang='lat' dir='ltr'>‘ita</span> 
     </span>
     <span class='ocr_line' id='line_1_24' title="bbox 266 1397 932 1440; baseline -0.003 -10"><span class='ocrx_word' id='word_1_103' title='bbox 266 1398 428 1440; x_wconf 88' lang='lat' dir='ltr'>quicquid</span> <span class='ocrx_word' id='word_1_104' title='bbox 442 1402 515 1430; x_wconf 91' lang='lat' dir='ltr'>erat</span> <span class='ocrx_word' id='word_1_105' title='bbox 530 1398 658 1440; x_wconf 85' lang='lat' dir='ltr'>grande</span> <span class='ocrx_word' id='word_1_106' title='bbox 675 1397 775 1429; x_wconf 86' lang='lat' dir='ltr'>erat.’</span> <span class='ocrx_word' id='word_1_107' title='bbox 813 1398 932 1428; x_wconf 81' lang='lat' dir='ltr'><strong><em>Barth.</em></strong></span> 
     </span>
    </p>

    <p class='ocr_par' dir='ltr' id='par_1_6' title="bbox 267 1448 976 1532">
     <span class='ocr_line' id='line_1_25' title="bbox 309 1448 976 1490; baseline -0.003 -9"><span class='ocrx_word' id='word_1_108' title='bbox 309 1453 372 1481; x_wconf 85' lang='lat'>360</span> <span class='ocrx_word' id='word_1_109' title='bbox 401 1450 504 1490; x_wconf 80' lang='lat' dir='ltr'>Nova]</span> <span class='ocrx_word' id='word_1_110' title='bbox 544 1450 660 1481; x_wconf 87' lang='lat' dir='ltr'>Instar</span> <span class='ocrx_word' id='word_1_111' title='bbox 686 1448 976 1480; x_wconf 87' lang='lat' dir='ltr'>libidinosissima-</span> 
     </span>
     <span class='ocr_line' id='line_1_26' title="bbox 267 1500 547 1532; baseline 0 0"><span class='ocrx_word' id='word_1_112' title='bbox 267 1510 342 1532; x_wconf 87' lang='lat' dir='ltr'>rum</span> <span class='ocrx_word' id='word_1_113' title='bbox 358 1500 547 1532; x_wconf 77' lang='lat' dir='ltr'>mulierum.</span> 
     </span>
    </p>

    <p class='ocr_par' dir='ltr' id='par_1_7' title="bbox 270 1551 979 1634">
     <span class='ocr_line' id='line_1_27' title="bbox 314 1551 979 1593; baseline 0 -12"><span class='ocrx_word' id='word_1_114' title='bbox 314 1551 475 1591; x_wconf 75' lang='lat' dir='ltr'>Grandia]</span> <span class='ocrx_word' id='word_1_115' title='bbox 511 1551 746 1593; x_wconf 84' lang='lat' dir='ltr'>Sesquipedali</span> <span class='ocrx_word' id='word_1_116' title='bbox 777 1561 837 1582; x_wconf 89' lang='lat' dir='ltr'>suo</span> <span class='ocrx_word' id='word_1_117' title='bbox 878 1554 979 1582; x_wconf 82' lang='lat' dir='ltr'>notus</span> 
     </span>
     <span class='ocr_line' id='line_1_28' title="bbox 270 1601 612 1634; baseline 0.006 -2"><span class='ocrx_word' id='word_1_118' title='bbox 270 1601 454 1632; x_wconf 83' lang='lat' dir='ltr'>Martialis.</span> <span class='ocrx_word' id='word_1_119' title='bbox 494 1602 612 1634; x_wconf 80' lang='lat' dir='ltr'><strong><em>Barth.</em></strong></span> 
     </span>
    </p>

    <p class='ocr_par' dir='ltr' id='par_1_8' title="bbox 313 1651 964 1694">
     <span class='ocr_line' id='line_1_29' title="bbox 313 1651 964 1694; baseline 0 -12"><span class='ocrx_word' id='word_1_120' title='bbox 313 1654 375 1682; x_wconf 80' lang='lat'>362</span> <span class='ocrx_word' id='word_1_121' title='bbox 403 1652 521 1692; x_wconf 82' lang='lat' dir='ltr'>Timet]</span> <span class='ocrx_word' id='word_1_122' title='bbox 547 1654 627 1684; x_wconf 90' lang='lat' dir='ltr'>Non</span> <span class='ocrx_word' id='word_1_123' title='bbox 645 1653 745 1684; x_wconf 90' lang='lat' dir='ltr'>timet</span> <span class='ocrx_word' id='word_1_124' title='bbox 760 1653 840 1694; x_wconf 90' lang='lat' dir='ltr'>quia</span> <span class='ocrx_word' id='word_1_125' title='bbox 856 1651 964 1693; x_wconf 87' lang='lat' dir='ltr'>cupit.</span> 
     </span>
    </p>

    <p class='ocr_par' dir='ltr' id='par_1_9' title="bbox 316 1702 643 1741">
     <span class='ocr_line' id='line_1_30' title="bbox 316 1702 643 1741; baseline 0.006 -9"><span class='ocrx_word' id='word_1_126' title='bbox 316 1703 343 1733; x_wconf 83' lang='lat' dir='ltr'><strong><em>A</em></strong></span> <span class='ocrx_word' id='word_1_127' title='bbox 361 1702 462 1741; x_wconf 80' lang='lat' dir='ltr'>tergo]</span> <span class='ocrx_word' id='word_1_128' title='bbox 487 1702 643 1734; x_wconf 88' lang='lat' dir='ltr'>Nefarie.</span> 
     </span>
    </p>

    <p class='ocr_par' dir='ltr' id='par_1_10' title="bbox 272 1752 983 1934">
     <span class='ocr_line' id='line_1_31' title="bbox 320 1752 982 1793; baseline -0.002 -10"><span class='ocrx_word' id='word_1_129' title='bbox 320 1752 480 1792; x_wconf 80' lang='lat' dir='ltr'>Undique]</span> <span class='ocrx_word' id='word_1_130' title='bbox 497 1753 551 1783; x_wconf 90' lang='lat' dir='ltr'>Ne</span> <span class='ocrx_word' id='word_1_131' title='bbox 565 1753 646 1793; x_wconf 89' lang='lat' dir='ltr'>quid</span> <span class='ocrx_word' id='word_1_132' title='bbox 665 1753 881 1793; x_wconf 83' lang='lat' dir='ltr'>inexpertum</span> <span class='ocrx_word' id='word_1_133' title='bbox 896 1752 982 1782; x_wconf 85' lang='lat' dir='ltr'>frus-</span> 
     </span>
     <span class='ocr_line' id='line_1_32' title="bbox 273 1801 982 1842; baseline -0.003 -9"><span class='ocrx_word' id='word_1_134' title='bbox 273 1807 328 1834; x_wconf 89' lang='lat' dir='ltr'>tra</span> <span class='ocrx_word' id='word_1_135' title='bbox 355 1802 540 1832; x_wconf 84' lang='lat' dir='ltr'>moriturus</span> <span class='ocrx_word' id='word_1_136' title='bbox 563 1802 744 1842; x_wconf 81' lang='lat' dir='ltr'>relinquat,</span> <span class='ocrx_word' id='word_1_137' title='bbox 759 1808 798 1832; x_wconf 90' lang='lat' dir='ltr'>ut</span> <span class='ocrx_word' id='word_1_138' title='bbox 825 1802 868 1832; x_wconf 90' lang='lat' dir='ltr'>de</span> <span class='ocrx_word' id='word_1_139' title='bbox 889 1801 982 1842; x_wconf 86' lang='lat' dir='ltr'>paris</span> 
     </span>
     <span class='ocr_line' id='line_1_33' title="bbox 272 1851 983 1893; baseline -0.003 -9"><span class='ocrx_word' id='word_1_140' title='bbox 272 1851 517 1893; x_wconf 83' lang='lat' dir='ltr'>flagitiositatis</span> <span class='ocrx_word' id='word_1_141' title='bbox 544 1852 686 1883; x_wconf 87' lang='lat' dir='ltr'>muliere</span> <span class='ocrx_word' id='word_1_142' title='bbox 708 1852 878 1883; x_wconf 81' lang='lat' dir='ltr'>Ausonius</span> <span class='ocrx_word' id='word_1_143' title='bbox 903 1851 983 1883; x_wconf 89' lang='lat' dir='ltr'>scri-</span> 
     </span>
     <span class='ocr_line' id='line_1_34' title="bbox 278 1902 341 1934; baseline -0.016 0"><span class='ocrx_word' id='word_1_144' title='bbox 278 1902 341 1934; x_wconf 91' lang='lat' dir='ltr'>bit.</span> 
     </span>
    </p>

    <p class='ocr_par' dir='ltr' id='par_1_11' title="bbox 275 1952 986 2147">
     <span class='ocr_line' id='line_1_35' title="bbox 321 1952 984 1994; baseline 0.002 -11"><span class='ocrx_word' id='word_1_145' title='bbox 321 1952 430 1993; x_wconf 76' lang='lat' dir='ltr'>Curis]</span> <span class='ocrx_word' id='word_1_146' title='bbox 469 1953 662 1985; x_wconf 85' lang='lat' dir='ltr'>Amoribus.</span> <span class='ocrx_word' id='word_1_147' title='bbox 707 1953 923 1994; x_wconf 77' lang='lat' dir='ltr'>Propertius,</span> <span class='ocrx_word' id='word_1_148' title='bbox 947 1953 984 1984; x_wconf 90' lang='lat' dir='ltr'>li-</span> 
     </span>
     <span class='ocr_line' id='line_1_36' title="bbox 275 2003 985 2044; baseline 0.001 -10"><span class='ocrx_word' id='word_1_149' title='bbox 275 2003 339 2035; x_wconf 89' lang='lat' dir='ltr'>bro</span> <span class='ocrx_word' id='word_1_150' title='bbox 354 2013 410 2034; x_wconf 86' lang='lat'>111.</span> <span class='ocrx_word' id='word_1_151' title='bbox 437 2005 445 2021; x_wconf 92' lang='lat'>‘</span> <span class='ocrx_word' id='word_1_152' title='bbox 465 2005 598 2036; x_wconf 81' lang='lat' dir='ltr'>Crescit</span> <span class='ocrx_word' id='word_1_153' title='bbox 621 2005 710 2036; x_wconf 87' lang='lat' dir='ltr'>enim</span> <span class='ocrx_word' id='word_1_154' title='bbox 730 2004 871 2036; x_wconf 85' lang='lat' dir='ltr'>adsidue</span> <span class='ocrx_word' id='word_1_155' title='bbox 889 2013 985 2044; x_wconf 86' lang='lat' dir='ltr'>spec-</span> 
     </span>
     <span class='ocr_line' id='line_1_37' title="bbox 279 2054 986 2096; baseline 0 -11"><span class='ocrx_word' id='word_1_156' title='bbox 279 2054 383 2085; x_wconf 87' lang='lat' dir='ltr'>tando</span> <span class='ocrx_word' id='word_1_157' title='bbox 410 2056 501 2086; x_wconf 91' lang='lat' dir='ltr'>Cura</span> <span class='ocrx_word' id='word_1_158' title='bbox 527 2056 688 2096; x_wconf 87' lang='lat' dir='ltr'>puellam,</span> <span class='ocrx_word' id='word_1_159' title='bbox 712 2055 792 2096; x_wconf 87' lang='lat' dir='ltr'>Ipse</span> <span class='ocrx_word' id='word_1_160' title='bbox 823 2055 986 2086; x_wconf 87' lang='lat' dir='ltr'>alimenta</span> 
     </span>
     <span class='ocr_line' id='line_1_38' title="bbox 277 2105 950 2147; baseline 0.003 -11"><span class='ocrx_word' id='word_1_161' title='bbox 277 2105 341 2137; x_wconf 80' lang='lat' dir='ltr'>sibi</span> <span class='ocrx_word' id='word_1_162' title='bbox 358 2107 502 2137; x_wconf 78' lang='lat' dir='ltr'>maxima</span> <span class='ocrx_word' id='word_1_163' title='bbox 519 2107 651 2147; x_wconf 68' lang='lat' dir='ltr'>proebet</span> <span class='ocrx_word' id='word_1_164' title='bbox 669 2106 795 2138; x_wconf 88' lang='lat' dir='ltr'>Amor.&#39;</span> <span class='ocrx_word' id='word_1_165' title='bbox 834 2106 950 2138; x_wconf 77' lang='lat' dir='ltr'>Barth.</span> 
     </span>
    </p>

    <p class='ocr_par' dir='ltr' id='par_1_12' title="bbox 322 2157 803 2197">
     <span class='ocr_line' id='line_1_39' title="bbox 322 2157 803 2197; baseline 0 -10"><span class='ocrx_word' id='word_1_166' title='bbox 322 2159 385 2188; x_wconf 78' lang='lat'>363</span> <span class='ocrx_word' id='word_1_167' title='bbox 410 2157 522 2196; x_wconf 75' lang='lat' dir='ltr'>Patet]</span> <span class='ocrx_word' id='word_1_168' title='bbox 547 2158 803 2197; x_wconf 72' lang='lat' dir='ltr'>Turpissimum.</span> 
     </span>
    </p>

    <p class='ocr_par' dir='ltr' id='par_1_13' title="bbox 282 2209 989 2348">
     <span class='ocr_line' id='line_1_40' title="bbox 326 2209 987 2250; baseline -0.002 -10"><span class='ocrx_word' id='word_1_169' title='bbox 326 2209 459 2249; x_wconf 81' lang='lat' dir='ltr'>Facilis]</span> <span class='ocrx_word' id='word_1_170' title='bbox 499 2209 552 2240; x_wconf 80' lang='lat' dir='ltr'>Ad</span> <span class='ocrx_word' id='word_1_171' title='bbox 577 2210 757 2240; x_wconf 84' lang='lat' dir='ltr'>scelestam</span> <span class='ocrx_word' id='word_1_172' title='bbox 789 2209 987 2250; x_wconf 81' lang='lat' dir='ltr'>nequitiam.</span> 
     </span>
     <span class='ocr_line' id='line_1_41' title="bbox 282 2257 989 2299; baseline 0.001 -10"><span class='ocrx_word' id='word_1_173' title='bbox 282 2257 446 2289; x_wconf 81' lang='lat' dir='ltr'>Horatius</span> <span class='ocrx_word' id='word_1_174' title='bbox 463 2271 470 2289; x_wconf 90' lang='lat'>:</span> <span class='ocrx_word' id='word_1_175' title='bbox 490 2261 498 2276; x_wconf 90' lang='lat'>‘</span> <span class='ocrx_word' id='word_1_176' title='bbox 515 2260 700 2299; x_wconf 85' lang='lat' dir='ltr'>parabilem</span> <span class='ocrx_word' id='word_1_177' title='bbox 719 2270 793 2290; x_wconf 87' lang='lat' dir='ltr'>amo</span> <span class='ocrx_word' id='word_1_178' title='bbox 807 2260 989 2298; x_wconf 84' lang='lat' dir='ltr'>Venerem,</span> 
     </span>
     <span class='ocr_line' id='line_1_42' title="bbox 283 2307 517 2348; baseline 0 -10"><span class='ocrx_word' id='word_1_179' title='bbox 283 2307 517 2348; x_wconf 67' lang='lat' dir='ltr'>facilemque!</span> 
     </span>
    </p>

    <p class='ocr_par' dir='ltr' id='par_1_14' title="bbox 283 2357 990 2441">
     <span class='ocr_line' id='line_1_43' title="bbox 328 2357 990 2397; baseline 0.002 -9"><span class='ocrx_word' id='word_1_180' title='bbox 328 2357 466 2397; x_wconf 73' lang='lat' dir='ltr'>Met-eri]</span> <span class='ocrx_word' id='word_1_181' title='bbox 484 2358 596 2389; x_wconf 83' lang='lat' dir='ltr'>Etiam</span> <span class='ocrx_word' id='word_1_182' title='bbox 610 2360 674 2389; x_wconf 85' lang='lat' dir='ltr'>hoc</span> <span class='ocrx_word' id='word_1_183' title='bbox 689 2360 881 2391; x_wconf 84' lang='lat' dir='ltr'>scelestum.</span> <span class='ocrx_word' id='word_1_184' title='bbox 905 2360 990 2390; x_wconf 80' lang='lat' dir='ltr'>Bar-</span> 
     </span>
     <span class='ocr_line' id='line_1_44' title="bbox 283 2410 381 2441; baseline -0.01 0"><span class='ocrx_word' id='word_1_185' title='bbox 283 2410 381 2441; x_wconf 81' lang='lat' dir='ltr'>thius.</span> 
     </span>
    </p>

    <p class='ocr_par' dir='ltr' id='par_1_15' title="bbox 285 2459 998 2802">
     <span class='ocr_line' id='line_1_45' title="bbox 329 2459 993 2499; baseline 0.002 -9"><span class='ocrx_word' id='word_1_186' title='bbox 329 2462 393 2490; x_wconf 80' lang='lat'>364</span> <span class='ocrx_word' id='word_1_187' title='bbox 430 2459 631 2490; x_wconf 62' lang='lat' dir='ltr'>filonis-simus</span> <span class='ocrx_word' id='word_1_188' title='bbox 660 2460 724 2499; x_wconf 83' lang='lat' dir='ltr'>ira]</span> <span class='ocrx_word' id='word_1_189' title='bbox 771 2461 857 2491; x_wconf 71' lang='lat' dir='ltr'>Haec</span> <span class='ocrx_word' id='word_1_190' title='bbox 889 2460 993 2491; x_wconf 82' lang='lat' dir='ltr'>dictio</span> 
     </span>
     <span class='ocr_line' id='line_1_46' title="bbox 285 2510 993 2549; baseline -0.001 -7"><span class='ocrx_word' id='word_1_191' title='bbox 285 2510 353 2542; x_wconf 85' lang='lat' dir='ltr'>etsi</span> <span class='ocrx_word' id='word_1_192' title='bbox 380 2510 594 2541; x_wconf 74' lang='lat' dir='ltr'>clementiam</span> <span class='ocrx_word' id='word_1_193' title='bbox 631 2510 812 2549; x_wconf 79' lang='lat' dir='ltr'>designare</span> <span class='ocrx_word' id='word_1_194' title='bbox 844 2511 993 2549; x_wconf 89' lang='lat' dir='ltr'>videtur,</span> 
     </span>
     <span class='ocr_line' id='line_1_47' title="bbox 287 2560 993 2598; baseline -0.004 -6"><span class='ocrx_word' id='word_1_195' title='bbox 287 2566 403 2592; x_wconf 85' lang='lat' dir='ltr'>tamen</span> <span class='ocrx_word' id='word_1_196' title='bbox 431 2566 529 2590; x_wconf 85' lang='lat' dir='ltr'>aceto</span> <span class='ocrx_word' id='word_1_197' title='bbox 561 2560 669 2590; x_wconf 90' lang='lat' dir='ltr'>diluta</span> <span class='ocrx_word' id='word_1_198' title='bbox 697 2565 770 2590; x_wconf 79' lang='lat' dir='ltr'>est:</span> <span class='ocrx_word' id='word_1_199' title='bbox 798 2560 878 2598; x_wconf 74' lang='lat' dir='ltr'>quid</span> <span class='ocrx_word' id='word_1_200' title='bbox 907 2561 993 2590; x_wconf 85' lang='lat' dir='ltr'>euim</span> 
     </span>
     <span class='ocr_line' id='line_1_48' title="bbox 289 2610 993 2648; baseline -0.003 -6"><span class='ocrx_word' id='word_1_201' title='bbox 289 2611 454 2642; x_wconf 85' lang='lat' dir='ltr'>Eunucho</span> <span class='ocrx_word' id='word_1_202' title='bbox 473 2611 602 2640; x_wconf 81' lang='lat' dir='ltr'>mollius</span> <span class='ocrx_word' id='word_1_203' title='bbox 617 2611 627 2640; x_wconf 90' lang='lat'>?</span> <span class='ocrx_word' id='word_1_204' title='bbox 642 2610 727 2641; x_wconf 91' lang='lat' dir='ltr'>Utut</span> <span class='ocrx_word' id='word_1_205' title='bbox 744 2610 800 2647; x_wconf 81' lang='lat' dir='ltr'>sit,</span> <span class='ocrx_word' id='word_1_206' title='bbox 819 2611 993 2648; x_wconf 78' lang='lat' dir='ltr'>imperium</span> 
     </span>
     <span class='ocr_line' id='line_1_49' title="bbox 289 2659 995 2697; baseline -0.001 -5"><span class='ocrx_word' id='word_1_207' title='bbox 289 2661 526 2692; x_wconf 76' lang='lat' dir='ltr'>inchoantibus</span> <span class='ocrx_word' id='word_1_208' title='bbox 552 2660 646 2690; x_wconf 87' lang='lat' dir='ltr'>utilis</span> <span class='ocrx_word' id='word_1_209' title='bbox 673 2664 736 2697; x_wconf 88' lang='lat' dir='ltr'>est,</span> <span class='ocrx_word' id='word_1_210' title='bbox 759 2665 794 2690; x_wconf 88' lang='lat' dir='ltr'>ut</span> <span class='ocrx_word' id='word_1_211' title='bbox 821 2660 868 2690; x_wconf 88' lang='lat' dir='ltr'>ait</span> <span class='ocrx_word' id='word_1_212' title='bbox 884 2659 995 2691; x_wconf 76' lang='lat' dir='ltr'>Tacit.</span> 
     </span>
     <span class='ocr_line' id='line_1_50' title="bbox 292 2709 996 2750; baseline -0.003 -9"><span class='ocrx_word' id='word_1_213' title='bbox 292 2711 481 2742; x_wconf 86' lang='lat' dir='ltr'>clementiae</span> <span class='ocrx_word' id='word_1_214' title='bbox 498 2709 610 2748; x_wconf 81' lang='lat' dir='ltr'>fan1a3</span> <span class='ocrx_word' id='word_1_215' title='bbox 635 2714 738 2750; x_wconf 86' lang='lat' dir='ltr'>atque</span> <span class='ocrx_word' id='word_1_216' title='bbox 762 2710 858 2740; x_wconf 88' lang='lat' dir='ltr'>initia</span> <span class='ocrx_word' id='word_1_217' title='bbox 876 2710 996 2749; x_wconf 83' lang='lat' dir='ltr'>magis-</span> 
     </span>
     <span class='ocr_line' id='line_1_51' title="bbox 293 2759 998 2802; baseline 0.001 -11"><span class='ocrx_word' id='word_1_218' title='bbox 293 2763 443 2792; x_wconf 84' lang='lat' dir='ltr'>tratuum</span> <span class='ocrx_word' id='word_1_219' title='bbox 469 2759 540 2792; x_wconf 90' lang='lat' dir='ltr'>fere</span> <span class='ocrx_word' id='word_1_220' title='bbox 563 2760 715 2802; x_wconf 88' lang='lat' dir='ltr'>meliora,</span> <span class='ocrx_word' id='word_1_221' title='bbox 728 2760 785 2791; x_wconf 86' lang='lat' dir='ltr'>sed</span> <span class='ocrx_word' id='word_1_222' title='bbox 807 2759 884 2792; x_wconf 90' lang='lat' dir='ltr'>finis</span> <span class='ocrx_word' id='word_1_223' title='bbox 899 2760 998 2793; x_wconf 86' lang='lat' dir='ltr'>incli-</span> 
     </span>
    </p>
   </div>
   <div class='ocr_carea' id='block_1_3' title="bbox 458 189 1507 223">
    <p class='ocr_par' dir='ltr' id='par_1_16' title="bbox 458 189 1507 223">
     <span class='ocr_line' id='line_1_52' title="bbox 458 189 1507 223; baseline -0.003 0"><span class='ocrx_word' id='word_1_224' title='bbox 458 192 602 223; x_wconf 85' lang='lat' dir='ltr'>NoTAE</span> <span class='ocrx_word' id='word_1_225' title='bbox 635 191 904 222; x_wconf 82' lang='lat' dir='ltr'><strong>VARIORUM</strong></span> <span class='ocrx_word' id='word_1_226' title='bbox 941 189 991 219; x_wconf 86' lang='grc' dir='ltr'>ΙΝ</span> <span class='ocrx_word' id='word_1_227' title='bbox 1025 189 1101 221; x_wconf 86' lang='lat' dir='ltr'>CL.</span> <span class='ocrx_word' id='word_1_228' title='bbox 1136 190 1322 221; x_wconf 87' lang='lat' dir='ltr'>CLAUD.</span> <span class='ocrx_word' id='word_1_229' title='bbox 1356 190 1507 221; x_wconf 82' lang='lat' dir='ltr'><strong>XVIII.</strong></span> 
     </span>
    </p>
   </div>
   <div class='ocr_carea' id='block_1_4' title="bbox 1011 286 1754 2802">
    <p class='ocr_par' dir='ltr' id='par_1_17' title="bbox 1011 286 1326 325">
     <span class='ocr_line' id='line_1_53' title="bbox 1011 286 1326 325; baseline 0.003 -10"><span class='ocrx_word' id='word_1_230' title='bbox 1011 288 1082 325; x_wconf 88' lang='lat' dir='ltr'>nat,</span> <span class='ocrx_word' id='word_1_231' title='bbox 1100 287 1163 317; x_wconf 86' lang='lat' dir='ltr'>&amp;c.</span> <span class='ocrx_word' id='word_1_232' title='bbox 1203 286 1326 317; x_wconf 79' lang='lat' dir='ltr'>Clarer.</span> 
     </span>
    </p>

    <p class='ocr_par' dir='ltr' id='par_1_18' title="bbox 1013 334 1723 469">
     <span class='ocr_line' id='line_1_54' title="bbox 1055 334 1719 377; baseline 0 -10"><span class='ocrx_word' id='word_1_233' title='bbox 1055 339 1117 368; x_wconf 82' lang='lat'>365</span> <span class='ocrx_word' id='word_1_234' title='bbox 1143 337 1201 368; x_wconf 86' lang='lat' dir='ltr'>Nil</span> <span class='ocrx_word' id='word_1_235' title='bbox 1230 336 1340 377; x_wconf 81' lang='lat' dir='ltr'>negat]</span> <span class='ocrx_word' id='word_1_236' title='bbox 1392 335 1582 368; x_wconf 84' lang='lat' dir='ltr'>Martialis:</span> <span class='ocrx_word' id='word_1_237' title='bbox 1621 334 1632 353; x_wconf 88' lang='lat'>‘</span> <span class='ocrx_word' id='word_1_238' title='bbox 1649 336 1719 368; x_wconf 89' lang='lat' dir='ltr'>Ne-</span> 
     </span>
     <span class='ocr_line' id='line_1_55' title="bbox 1013 386 1723 429; baseline 0.001 -12"><span class='ocrx_word' id='word_1_239' title='bbox 1013 396 1095 426; x_wconf 85' lang='lat' dir='ltr'>gare</span> <span class='ocrx_word' id='word_1_240' title='bbox 1126 387 1226 428; x_wconf 86' lang='lat' dir='ltr'>jussi,</span> <span class='ocrx_word' id='word_1_241' title='bbox 1268 397 1459 429; x_wconf 80' lang='lat' dir='ltr'>pernegare</span> <span class='ocrx_word' id='word_1_242' title='bbox 1505 397 1573 419; x_wconf 87' lang='lat' dir='ltr'>non</span> <span class='ocrx_word' id='word_1_243' title='bbox 1608 386 1723 429; x_wconf 69' lang='lat' dir='ltr'>jussi!</span> 
     </span>
     <span class='ocr_line' id='line_1_56' title="bbox 1014 438 1134 469; baseline 0.008 -1"><span class='ocrx_word' id='word_1_244' title='bbox 1014 438 1134 469; x_wconf 82' lang='lat' dir='ltr'>Barth.</span> 
     </span>
    </p>

    <p class='ocr_par' dir='ltr' id='par_1_19' title="bbox 1014 489 1726 825">
     <span class='ocr_line' id='line_1_57' title="bbox 1056 489 1722 531; baseline 0 -11"><span class='ocrx_word' id='word_1_245' title='bbox 1056 492 1119 520; x_wconf 83' lang='grc'>366</span> <span class='ocrx_word' id='word_1_246' title='bbox 1135 490 1298 525; x_wconf 81' lang='lat' dir='ltr'>Quodlibet</span> <span class='ocrx_word' id='word_1_247' title='bbox 1315 490 1454 531; x_wconf 82' lang='lat' dir='ltr'>ingenio]</span> <span class='ocrx_word' id='word_1_248' title='bbox 1469 489 1628 525; x_wconf 81' lang='lat' dir='ltr'>Quidlibet</span> <span class='ocrx_word' id='word_1_249' title='bbox 1644 499 1722 521; x_wconf 89' lang='lat' dir='ltr'>cum</span> 
     </span>
     <span class='ocr_line' id='line_1_58' title="bbox 1014 541 1726 582; baseline 0.001 -12"><span class='ocrx_word' id='word_1_250' title='bbox 1014 541 1181 571; x_wconf 80' lang='lat' dir='ltr'>nonnullis</span> <span class='ocrx_word' id='word_1_251' title='bbox 1195 542 1334 581; x_wconf 87' lang='lat' dir='ltr'>scriptis</span> <span class='ocrx_word' id='word_1_252' title='bbox 1347 541 1541 582; x_wconf 74' lang='lat' dir='ltr'>legendum.</span> <span class='ocrx_word' id='word_1_253' title='bbox 1572 541 1643 572; x_wconf 89' lang='lat' dir='ltr'>Pro</span> <span class='ocrx_word' id='word_1_254' title='bbox 1659 543 1726 572; x_wconf 83' lang='lat' dir='ltr'>tra-</span> 
     </span>
     <span class='ocr_line' id='line_1_59' title="bbox 1014 592 1725 634; baseline 0.001 -12"><span class='ocrx_word' id='word_1_255' title='bbox 1014 593 1119 632; x_wconf 82' lang='lat' dir='ltr'>ditque</span> <span class='ocrx_word' id='word_1_256' title='bbox 1133 592 1316 632; x_wconf 81' lang='lat' dir='ltr'>fruendum,</span> <span class='ocrx_word' id='word_1_257' title='bbox 1343 593 1398 624; x_wconf 89' lang='lat' dir='ltr'>alii</span> <span class='ocrx_word' id='word_1_258' title='bbox 1427 594 1585 634; x_wconf 72' lang='lat' dir='ltr'>traditque</span> <span class='ocrx_word' id='word_1_259' title='bbox 1615 602 1725 624; x_wconf 82' lang='lat' dir='ltr'>nocen-</span> 
     </span>
     <span class='ocr_line' id='line_1_60' title="bbox 1015 642 1725 680; baseline 0 -6"><span class='ocrx_word' id='word_1_260' title='bbox 1015 644 1088 674; x_wconf 89' lang='lat' dir='ltr'>dum</span> <span class='ocrx_word' id='word_1_261' title='bbox 1120 644 1171 674; x_wconf 79' lang='lat' dir='ltr'>vel</span> <span class='ocrx_word' id='word_1_262' title='bbox 1198 643 1372 680; x_wconf 77' lang='lat' dir='ltr'>nefandum.</span> <span class='ocrx_word' id='word_1_263' title='bbox 1422 644 1536 674; x_wconf 89' lang='lat' dir='ltr'>Multa</span> <span class='ocrx_word' id='word_1_264' title='bbox 1566 643 1601 674; x_wconf 91' lang='lat' dir='ltr'>in</span> <span class='ocrx_word' id='word_1_265' title='bbox 1632 642 1725 674; x_wconf 81' lang='lat' dir='ltr'>hisce</span> 
     </span>
     <span class='ocr_line' id='line_1_61' title="bbox 1017 693 1725 733; baseline 0 -10"><span class='ocrx_word' id='word_1_266' title='bbox 1017 693 1142 724; x_wconf 85' lang='lat' dir='ltr'>salibus</span> <span class='ocrx_word' id='word_1_267' title='bbox 1168 697 1350 733; x_wconf 89' lang='lat' dir='ltr'>corrupta:</span> <span class='ocrx_word' id='word_1_268' title='bbox 1375 693 1499 732; x_wconf 77' lang='lat' dir='ltr'>ingenio</span> <span class='ocrx_word' id='word_1_269' title='bbox 1523 693 1637 724; x_wconf 83' lang='lat' dir='ltr'>subicit</span> <span class='ocrx_word' id='word_1_270' title='bbox 1658 702 1725 723; x_wconf 92' lang='lat' dir='ltr'>non</span> 
     </span>
     <span class='ocr_line' id='line_1_62' title="bbox 1016 743 1725 785; baseline 0.001 -11"><span class='ocrx_word' id='word_1_271' title='bbox 1016 744 1135 782; x_wconf 80' lang='lat' dir='ltr'>subigit</span> <span class='ocrx_word' id='word_1_272' title='bbox 1163 743 1261 783; x_wconf 88' lang='lat' dir='ltr'>prim.</span> <span class='ocrx_word' id='word_1_273' title='bbox 1294 748 1330 774; x_wconf 87' lang='lat' dir='ltr'>et</span> <span class='ocrx_word' id='word_1_274' title='bbox 1354 746 1437 774; x_wconf 85' lang='lat' dir='ltr'>tert.</span> <span class='ocrx_word' id='word_1_275' title='bbox 1459 743 1571 775; x_wconf 83' lang='lat' dir='ltr'>vatic.</span> <span class='ocrx_word' id='word_1_276' title='bbox 1600 743 1725 785; x_wconf 84' lang='lat' dir='ltr'>aliique</span> 
     </span>
     <span class='ocr_line' id='line_1_63' title="bbox 1019 793 1341 825; baseline -0.006 -1"><span class='ocrx_word' id='word_1_277' title='bbox 1019 794 1131 825; x_wconf 89' lang='lat' dir='ltr'>multi.</span> <span class='ocrx_word' id='word_1_278' title='bbox 1162 794 1207 825; x_wconf 91' lang='lat' dir='ltr'>D.</span> <span class='ocrx_word' id='word_1_279' title='bbox 1226 793 1341 824; x_wconf 76' lang='lat' dir='ltr'>Heius.</span> 
     </span>
    </p>

    <p class='ocr_par' dir='ltr' id='par_1_20' title="bbox 1022 843 1729 927">
     <span class='ocr_line' id='line_1_64' title="bbox 1065 843 1729 885; baseline 0 -9"><span class='ocrx_word' id='word_1_280' title='bbox 1065 845 1193 885; x_wconf 77' lang='lat' dir='ltr'>Tradit]</span> <span class='ocrx_word' id='word_1_281' title='bbox 1217 845 1312 876; x_wconf 86' lang='lat' dir='ltr'>Dare</span> <span class='ocrx_word' id='word_1_282' title='bbox 1339 844 1431 874; x_wconf 87' lang='lat' dir='ltr'>inter</span> <span class='ocrx_word' id='word_1_283' title='bbox 1456 843 1602 876; x_wconf 88' lang='lat' dir='ltr'>Veneris</span> <span class='ocrx_word' id='word_1_284' title='bbox 1629 854 1729 876; x_wconf 89' lang='lat' dir='ltr'>voca-</span> 
     </span>
     <span class='ocr_line' id='line_1_65' title="bbox 1022 896 1114 927; baseline -0.011 0"><span class='ocrx_word' id='word_1_285' title='bbox 1022 896 1114 927; x_wconf 83' lang='lat' dir='ltr'>bula.</span> 
     </span>
    </p>

    <p class='ocr_par' dir='ltr' id='par_1_21' title="bbox 1020 944 1733 1228">
     <span class='ocr_line' id='line_1_66' title="bbox 1064 944 1729 985; baseline -0.003 -7"><span class='ocrx_word' id='word_1_286' title='bbox 1064 945 1258 985; x_wconf 81' lang='lat' dir='ltr'>Fruendum]</span> <span class='ocrx_word' id='word_1_287' title='bbox 1297 945 1386 976; x_wconf 87' lang='lat' dir='ltr'>Haee</span> <span class='ocrx_word' id='word_1_288' title='bbox 1424 954 1489 976; x_wconf 83' lang='lat' dir='ltr'>vox</span> <span class='ocrx_word' id='word_1_289' title='bbox 1519 945 1562 976; x_wconf 93' lang='lat' dir='ltr'>ad</span> <span class='ocrx_word' id='word_1_290' title='bbox 1593 944 1729 976; x_wconf 87' lang='lat' dir='ltr'>Amoris</span> 
     </span>
     <span class='ocr_line' id='line_1_67' title="bbox 1021 995 1731 1038; baseline -0.003 -10"><span class='ocrx_word' id='word_1_291' title='bbox 1021 995 1185 1028; x_wconf 81' lang='lat' dir='ltr'>effectum</span> <span class='ocrx_word' id='word_1_292' title='bbox 1211 995 1375 1037; x_wconf 77' lang='lat' dir='ltr'>pertinet,</span> <span class='ocrx_word' id='word_1_293' title='bbox 1402 1006 1468 1038; x_wconf 93' lang='lat' dir='ltr'>quo</span> <span class='ocrx_word' id='word_1_294' title='bbox 1485 995 1553 1026; x_wconf 91' lang='lat' dir='ltr'>frui</span> <span class='ocrx_word' id='word_1_295' title='bbox 1575 995 1731 1035; x_wconf 82' lang='lat' dir='ltr'>aetatula,</span> 
     </span>
     <span class='ocr_line' id='line_1_68' title="bbox 1020 1046 1733 1087; baseline -0.003 -9"><span class='ocrx_word' id='word_1_296' title='bbox 1020 1046 1089 1078; x_wconf 87' lang='lat' dir='ltr'>frui</span> <span class='ocrx_word' id='word_1_297' title='bbox 1107 1047 1271 1087; x_wconf 83' lang='lat' dir='ltr'>temporis</span> <span class='ocrx_word' id='word_1_298' title='bbox 1288 1046 1337 1077; x_wconf 84' lang='lat' dir='ltr'>sui</span> <span class='ocrx_word' id='word_1_299' title='bbox 1354 1046 1604 1087; x_wconf 85' lang='lat' dir='ltr'>jucundissima</span> <span class='ocrx_word' id='word_1_300' title='bbox 1619 1050 1733 1087; x_wconf 70' lang='lat' dir='ltr'>parte,</span> 
     </span>
     <span class='ocr_line' id='line_1_69' title="bbox 1022 1095 1731 1138; baseline -0.003 -10"><span class='ocrx_word' id='word_1_301' title='bbox 1022 1096 1264 1138; x_wconf 84' lang='lat' dir='ltr'>opinabantur.</span> <span class='ocrx_word' id='word_1_302' title='bbox 1301 1097 1506 1128; x_wconf 87' lang='lat' dir='ltr'>Petronius:</span> <span class='ocrx_word' id='word_1_303' title='bbox 1540 1097 1548 1113; x_wconf 89' lang='lat'>‘</span> <span class='ocrx_word' id='word_1_304' title='bbox 1569 1095 1731 1137; x_wconf 89' lang='lat' dir='ltr'>fruorque</span> 
     </span>
     <span class='ocr_line' id='line_1_70' title="bbox 1023 1144 1732 1187; baseline 0 -10"><span class='ocrx_word' id='word_1_305' title='bbox 1023 1147 1110 1178; x_wconf 87' lang='lat' dir='ltr'>votis</span> <span class='ocrx_word' id='word_1_306' title='bbox 1138 1147 1255 1187; x_wconf 79' lang='lat' dir='ltr'>Usque</span> <span class='ocrx_word' id='word_1_307' title='bbox 1288 1147 1330 1177; x_wconf 90' lang='lat' dir='ltr'>ad</span> <span class='ocrx_word' id='word_1_308' title='bbox 1358 1147 1518 1178; x_wconf 87' lang='lat' dir='ltr'>invidiam</span> <span class='ocrx_word' id='word_1_309' title='bbox 1549 1144 1732 1177; x_wconf 68' lang='lat' dir='ltr'>felicibus!</span> 
     </span>
     <span class='ocr_line' id='line_1_71' title="bbox 1024 1197 1146 1228; baseline -0.016 0"><span class='ocrx_word' id='word_1_310' title='bbox 1024 1197 1146 1228; x_wconf 82' lang='lat' dir='ltr'>Barth.</span> 
     </span>
    </p>

    <p class='ocr_par' dir='ltr' id='par_1_22' title="bbox 1028 1245 1742 1784">
     <span class='ocr_line' id='line_1_72' title="bbox 1068 1245 1735 1287; baseline -0.003 -9"><span class='ocrx_word' id='word_1_311' title='bbox 1068 1250 1130 1278; x_wconf 82' lang='lat'>367</span> <span class='ocrx_word' id='word_1_312' title='bbox 1158 1246 1317 1286; x_wconf 79' lang='lat' dir='ltr'>Quicquid</span> <span class='ocrx_word' id='word_1_313' title='bbox 1329 1256 1426 1287; x_wconf 80' lang='lat' dir='ltr'>umus,</span> <span class='ocrx_word' id='word_1_314' title='bbox 1441 1246 1528 1277; x_wconf 82' lang='lat' dir='ltr'>dabit</span> <span class='ocrx_word' id='word_1_315' title='bbox 1544 1246 1597 1277; x_wconf 78' lang='lat' dir='ltr'>illa</span> <span class='ocrx_word' id='word_1_316' title='bbox 1612 1245 1735 1286; x_wconf 82' lang='lat' dir='ltr'>manus]</span> 
     </span>
     <span class='ocr_line' id='line_1_73' title="bbox 1028 1297 1736 1337; baseline 0 -9"><span class='ocrx_word' id='word_1_317' title='bbox 1028 1297 1132 1328; x_wconf 81' lang='lat' dir='ltr'>Dabit</span> <span class='ocrx_word' id='word_1_318' title='bbox 1148 1297 1199 1328; x_wconf 85' lang='lat' dir='ltr'>ille</span> <span class='ocrx_word' id='word_1_319' title='bbox 1211 1306 1320 1328; x_wconf 84' lang='lat' dir='ltr'>manus</span> <span class='ocrx_word' id='word_1_320' title='bbox 1337 1301 1456 1337; x_wconf 82' lang='lat' dir='ltr'>argute</span> <span class='ocrx_word' id='word_1_321' title='bbox 1473 1301 1508 1328; x_wconf 86' lang='lat' dir='ltr'>et</span> <span class='ocrx_word' id='word_1_322' title='bbox 1521 1306 1600 1328; x_wconf 89' lang='lat' dir='ltr'>vere</span> <span class='ocrx_word' id='word_1_323' title='bbox 1616 1300 1736 1328; x_wconf 85' lang='lat' dir='ltr'>noster</span> 
     </span>
     <span class='ocr_line' id='line_1_74' title="bbox 1029 1347 1736 1389; baseline -0.001 -10"><span class='ocrx_word' id='word_1_324' title='bbox 1029 1348 1241 1379; x_wconf 85' lang='lat' dir='ltr'>Gronovius:</span> <span class='ocrx_word' id='word_1_325' title='bbox 1267 1348 1315 1379; x_wconf 87' lang='lat' dir='ltr'>sic</span> <span class='ocrx_word' id='word_1_326' title='bbox 1338 1347 1426 1389; x_wconf 87' lang='lat' dir='ltr'>apud</span> <span class='ocrx_word' id='word_1_327' title='bbox 1448 1347 1623 1379; x_wconf 88' lang='lat' dir='ltr'>Valerium</span> <span class='ocrx_word' id='word_1_328' title='bbox 1640 1347 1736 1378; x_wconf 84' lang='lat' dir='ltr'>Flac-</span> 
     </span>
     <span class='ocr_line' id='line_1_75' title="bbox 1028 1398 1738 1438; baseline -0.003 -8"><span class='ocrx_word' id='word_1_329' title='bbox 1028 1409 1116 1438; x_wconf 88' lang='lat' dir='ltr'>cum,</span> <span class='ocrx_word' id='word_1_330' title='bbox 1139 1399 1198 1430; x_wconf 92' lang='lat' dir='ltr'>lib.</span> <span class='ocrx_word' id='word_1_331' title='bbox 1227 1408 1252 1430; x_wconf 85' lang='lat'>1.</span> <span class='ocrx_word' id='word_1_332' title='bbox 1275 1409 1341 1430; x_wconf 90' lang='lat' dir='ltr'>non</span> <span class='ocrx_word' id='word_1_333' title='bbox 1366 1400 1464 1438; x_wconf 87' lang='lat' dir='ltr'>longe</span> <span class='ocrx_word' id='word_1_334' title='bbox 1481 1398 1524 1429; x_wconf 85' lang='lat' dir='ltr'>ab</span> <span class='ocrx_word' id='word_1_335' title='bbox 1541 1398 1638 1429; x_wconf 88' lang='lat' dir='ltr'>initio</span> <span class='ocrx_word' id='word_1_336' title='bbox 1655 1398 1738 1429; x_wconf 84' lang='lat' dir='ltr'>scri-</span> 
     </span>
     <span class='ocr_line' id='line_1_76' title="bbox 1028 1449 1737 1481; baseline -0.003 0"><span class='ocrx_word' id='word_1_337' title='bbox 1028 1450 1198 1481; x_wconf 87' lang='lat' dir='ltr'>bendum:</span> <span class='ocrx_word' id='word_1_338' title='bbox 1223 1450 1232 1466; x_wconf 89' lang='lat'>‘</span> <span class='ocrx_word' id='word_1_339' title='bbox 1250 1449 1351 1481; x_wconf 86' lang='lat' dir='ltr'>Hanc</span> <span class='ocrx_word' id='word_1_340' title='bbox 1367 1449 1447 1480; x_wconf 88' lang='lat' dir='ltr'>mihi</span> <span class='ocrx_word' id='word_1_341' title='bbox 1464 1449 1619 1480; x_wconf 89' lang='lat' dir='ltr'>militiam</span> <span class='ocrx_word' id='word_1_342' title='bbox 1642 1452 1737 1480; x_wconf 89' lang='lat' dir='ltr'>vete-</span> 
     </span>
     <span class='ocr_line' id='line_1_77' title="bbox 1029 1498 1739 1541; baseline -0.004 -10"><span class='ocrx_word' id='word_1_343' title='bbox 1029 1510 1102 1531; x_wconf 85' lang='lat' dir='ltr'>rum</span> <span class='ocrx_word' id='word_1_344' title='bbox 1125 1510 1201 1541; x_wconf 79' lang='lat' dir='ltr'>quae</span> <span class='ocrx_word' id='word_1_345' title='bbox 1226 1500 1401 1540; x_wconf 84' lang='lat' dir='ltr'>pulchrior</span> <span class='ocrx_word' id='word_1_346' title='bbox 1417 1500 1515 1540; x_wconf 87' lang='lat' dir='ltr'>actis,</span> <span class='ocrx_word' id='word_1_347' title='bbox 1531 1498 1664 1539; x_wconf 90' lang='lat' dir='ltr'>Annue,</span> <span class='ocrx_word' id='word_1_348' title='bbox 1680 1498 1739 1530; x_wconf 87' lang='lat' dir='ltr'>da.-</span> 
     </span>
     <span class='ocr_line' id='line_1_78' title="bbox 1031 1551 1739 1592; baseline -0.001 -10"><span class='ocrx_word' id='word_1_349' title='bbox 1031 1561 1097 1592; x_wconf 91' lang='lat' dir='ltr'>que</span> <span class='ocrx_word' id='word_1_350' title='bbox 1113 1561 1247 1581; x_wconf 89' lang='lat' dir='ltr'>manum</span> <span class='ocrx_word' id='word_1_351' title='bbox 1262 1551 1282 1582; x_wconf 79' lang='lat'>2’</span> <span class='ocrx_word' id='word_1_352' title='bbox 1305 1561 1381 1581; x_wconf 90' lang='lat' dir='ltr'>cum</span> <span class='ocrx_word' id='word_1_353' title='bbox 1397 1552 1495 1591; x_wconf 83' lang='lat' dir='ltr'>daque</span> <span class='ocrx_word' id='word_1_354' title='bbox 1510 1551 1646 1581; x_wconf 83' lang='lat' dir='ltr'>animum</span> <span class='ocrx_word' id='word_1_355' title='bbox 1661 1559 1739 1591; x_wconf 86' lang='lat' dir='ltr'>per-</span> 
     </span>
     <span class='ocr_line' id='line_1_79' title="bbox 1032 1601 1741 1643; baseline -0.004 -10"><span class='ocrx_word' id='word_1_356' title='bbox 1032 1612 1150 1643; x_wconf 85' lang='lat' dir='ltr'>peram</span> <span class='ocrx_word' id='word_1_357' title='bbox 1182 1611 1271 1632; x_wconf 83' lang='lat' dir='ltr'>nunc</span> <span class='ocrx_word' id='word_1_358' title='bbox 1307 1602 1453 1642; x_wconf 84' lang='lat' dir='ltr'>legatur.</span> <span class='ocrx_word' id='word_1_359' title='bbox 1512 1601 1621 1632; x_wconf 92' lang='lat' dir='ltr'>Paulo</span> <span class='ocrx_word' id='word_1_360' title='bbox 1659 1603 1741 1641; x_wconf 88' lang='lat' dir='ltr'>post</span> 
     </span>
     <span class='ocr_line' id='line_1_80' title="bbox 1031 1651 1742 1693; baseline -0.001 -10"><span class='ocrx_word' id='word_1_361' title='bbox 1031 1653 1235 1693; x_wconf 83' lang='lat' dir='ltr'>meritumque</span> <span class='ocrx_word' id='word_1_362' title='bbox 1265 1653 1403 1683; x_wconf 83' lang='lat' dir='ltr'>laborum</span> <span class='ocrx_word' id='word_1_363' title='bbox 1427 1653 1563 1683; x_wconf 78' lang='lat' dir='ltr'>videtur</span> <span class='ocrx_word' id='word_1_364' title='bbox 1589 1651 1742 1683; x_wconf 81' lang='lat' dir='ltr'>scriben-</span> 
     </span>
     <span class='ocr_line' id='line_1_81' title="bbox 1033 1701 1741 1743; baseline -0.001 -10"><span class='ocrx_word' id='word_1_365' title='bbox 1033 1703 1126 1741; x_wconf 88' lang='lat' dir='ltr'>dum,</span> <span class='ocrx_word' id='word_1_366' title='bbox 1142 1712 1208 1733; x_wconf 92' lang='lat' dir='ltr'>non</span> <span class='ocrx_word' id='word_1_367' title='bbox 1233 1703 1422 1743; x_wconf 81' lang='lat' dir='ltr'>meritoque.-</span> <span class='ocrx_word' id='word_1_368' title='bbox 1446 1702 1575 1743; x_wconf 85' lang='lat' dir='ltr'>accipit</span> <span class='ocrx_word' id='word_1_369' title='bbox 1603 1701 1741 1733; x_wconf 78' lang='lat' dir='ltr'>trabeas</span> 
     </span>
     <span class='ocr_line' id='line_1_82' title="bbox 1033 1753 1589 1784; baseline 0 -1"><span class='ocrx_word' id='word_1_370' title='bbox 1033 1753 1192 1783; x_wconf 89' lang='lat' dir='ltr'>meritum</span> <span class='ocrx_word' id='word_1_371' title='bbox 1208 1754 1372 1784; x_wconf 88' lang='lat' dir='ltr'>laborum.</span> <span class='ocrx_word' id='word_1_372' title='bbox 1411 1754 1457 1784; x_wconf 89' lang='lat' dir='ltr'>D.</span> <span class='ocrx_word' id='word_1_373' title='bbox 1476 1753 1589 1784; x_wconf 76' lang='lat' dir='ltr'>Heius.</span> 
     </span>
    </p>

    <p class='ocr_par' dir='ltr' id='par_1_23' title="bbox 1035 1803 1742 1893">
     <span class='ocr_line' id='line_1_83' title="bbox 1079 1803 1742 1844; baseline 0.002 -11"><span class='ocrx_word' id='word_1_374' title='bbox 1079 1803 1208 1843; x_wconf 85' lang='lat' dir='ltr'>Manus]</span> <span class='ocrx_word' id='word_1_375' title='bbox 1236 1803 1324 1834; x_wconf 82' lang='lat' dir='ltr'>Haec</span> <span class='ocrx_word' id='word_1_376' title='bbox 1354 1813 1487 1844; x_wconf 86' lang='lat' dir='ltr'>quoque</span> <span class='ocrx_word' id='word_1_377' title='bbox 1517 1813 1583 1834; x_wconf 80' lang='lat' dir='ltr'>vox</span> <span class='ocrx_word' id='word_1_378' title='bbox 1609 1803 1742 1844; x_wconf 75' lang='grc' dir='ltr'><em>ἄῤῥητον</em></span> 
     </span>
     <span class='ocr_line' id='line_1_84' title="bbox 1035 1852 1425 1893; baseline 0.003 -11"><span class='ocrx_word' id='word_1_379' title='bbox 1035 1852 1115 1893; x_wconf 86' lang='lat' dir='ltr'>quid</span> <span class='ocrx_word' id='word_1_380' title='bbox 1133 1853 1284 1884; x_wconf 84' lang='lat' dir='ltr'>denotat.</span> <span class='ocrx_word' id='word_1_381' title='bbox 1309 1854 1425 1883; x_wconf 78' lang='lat' dir='ltr'>Barth¹</span> 
     </span>
    </p>

    <p class='ocr_par' dir='ltr' id='par_1_24' title="bbox 1079 1904 1676 1945">
     <span class='ocr_line' id='line_1_85' title="bbox 1079 1904 1676 1945; baseline 0.003 -12"><span class='ocrx_word' id='word_1_382' title='bbox 1079 1906 1142 1934; x_wconf 81' lang='lat'>368</span> <span class='ocrx_word' id='word_1_383' title='bbox 1168 1904 1291 1945; x_wconf 83' lang='lat' dir='ltr'>Officio]</span> <span class='ocrx_word' id='word_1_384' title='bbox 1316 1904 1394 1935; x_wconf 83' lang='lat' dir='ltr'>Hoc</span> <span class='ocrx_word' id='word_1_385' title='bbox 1410 1913 1544 1944; x_wconf 83' lang='lat' dir='ltr'>quoque</span> <span class='ocrx_word' id='word_1_386' title='bbox 1562 1908 1676 1944; x_wconf 87' lang='lat' dir='ltr'>turpe.</span> 
     </span>
    </p>

    <p class='ocr_par' dir='ltr' id='par_1_25' title="bbox 1038 1953 1748 2145">
     <span class='ocr_line' id='line_1_86' title="bbox 1082 1953 1745 1996; baseline 0.002 -12"><span class='ocrx_word' id='word_1_387' title='bbox 1082 1953 1281 1994; x_wconf 84' lang='lat' dir='ltr'>Guudetque]</span> <span class='ocrx_word' id='word_1_388' title='bbox 1305 1953 1442 1984; x_wconf 86' lang='lat' dir='ltr'>Gaudia</span> <span class='ocrx_word' id='word_1_389' title='bbox 1465 1959 1543 1984; x_wconf 87' lang='lat' dir='ltr'>sunt</span> <span class='ocrx_word' id='word_1_390' title='bbox 1567 1963 1642 1994; x_wconf 89' lang='lat' dir='ltr'>quae</span> <span class='ocrx_word' id='word_1_391' title='bbox 1668 1962 1745 1996; x_wconf 86' lang='lat' dir='ltr'>pro·</span> 
     </span>
     <span class='ocr_line' id='line_1_87' title="bbox 1038 2003 1744 2044; baseline 0.001 -10"><span class='ocrx_word' id='word_1_392' title='bbox 1038 2003 1133 2044; x_wconf 82' lang='lat' dir='ltr'>pinat</span> <span class='ocrx_word' id='word_1_393' title='bbox 1149 2003 1255 2034; x_wconf 88' lang='lat' dir='ltr'>Amor</span> <span class='ocrx_word' id='word_1_394' title='bbox 1272 2003 1409 2035; x_wconf 80' lang='lat' dir='ltr'>effectu.</span> <span class='ocrx_word' id='word_1_395' title='bbox 1446 2004 1622 2043; x_wconf 91' lang='lat' dir='ltr'>Horatius,</span> <span class='ocrx_word' id='word_1_396' title='bbox 1645 2004 1666 2034; x_wconf 94' lang='grc'>1.</span> <span class='ocrx_word' id='word_1_397' title='bbox 1688 2012 1744 2036; x_wconf 85' lang='lat'>111.</span> 
     </span>
     <span class='ocr_line' id='line_1_88' title="bbox 1040 2054 1748 2096; baseline 0.003 -11"><span class='ocrx_word' id='word_1_398' title='bbox 1040 2054 1108 2085; x_wconf 93' lang='lat' dir='ltr'>Od.</span> <span class='ocrx_word' id='word_1_399' title='bbox 1125 2058 1155 2085; x_wconf 83' lang='lat'>6.</span> <span class='ocrx_word' id='word_1_400' title='bbox 1181 2057 1189 2072; x_wconf 83' lang='lat'><em>⁴</em></span> <span class='ocrx_word' id='word_1_401' title='bbox 1205 2064 1267 2086; x_wconf 90' lang='lat' dir='ltr'>nec</span> <span class='ocrx_word' id='word_1_402' title='bbox 1293 2055 1391 2096; x_wconf 83' lang='lat' dir='ltr'>eligit</span> <span class='ocrx_word' id='word_1_403' title='bbox 1412 2055 1475 2086; x_wconf 91' lang='lat' dir='ltr'>Cui</span> <span class='ocrx_word' id='word_1_404' title='bbox 1503 2055 1607 2086; x_wconf 86' lang='lat' dir='ltr'>donet</span> <span class='ocrx_word' id='word_1_405' title='bbox 1626 2054 1748 2096; x_wconf 82' lang='lat' dir='ltr'>imper-</span> 
     </span>
     <span class='ocr_line' id='line_1_89' title="bbox 1039 2105 1448 2145; baseline 0.002 -10"><span class='ocrx_word' id='word_1_406' title='bbox 1039 2105 1137 2136; x_wconf 83' lang='lat' dir='ltr'>missa</span> <span class='ocrx_word' id='word_1_407' title='bbox 1154 2105 1275 2145; x_wconf 88' lang='lat' dir='ltr'>raptim</span> <span class='ocrx_word' id='word_1_408' title='bbox 1290 2105 1448 2137; x_wconf 66' lang='lat' dir='ltr'>Gaudia!</span> 
     </span>
    </p>

    <p class='ocr_par' dir='ltr' id='par_1_26' title="bbox 1042 2153 1754 2802">
     <span class='ocr_line' id='line_1_90' title="bbox 1084 2153 1748 2196; baseline -0.002 -9"><span class='ocrx_word' id='word_1_409' title='bbox 1084 2159 1147 2187; x_wconf 82' lang='lat'>369</span> <span class='ocrx_word' id='word_1_410' title='bbox 1172 2156 1241 2186; x_wconf 82' lang='lat' dir='ltr'>Hoc</span> <span class='ocrx_word' id='word_1_411' title='bbox 1256 2165 1370 2196; x_wconf 85' lang='lat' dir='ltr'>quoque</span> <span class='ocrx_word' id='word_1_412' title='bbox 1385 2155 1537 2195; x_wconf 83' lang='lat' dir='ltr'>consiliis]</span> <span class='ocrx_word' id='word_1_413' title='bbox 1560 2156 1601 2186; x_wconf 91' lang='lat' dir='ltr'>V.</span> <span class='ocrx_word' id='word_1_414' title='bbox 1619 2155 1670 2186; x_wconf 89' lang='lat' dir='ltr'>Cl.</span> <span class='ocrx_word' id='word_1_415' title='bbox 1687 2153 1748 2186; x_wconf 84' lang='lat' dir='ltr'>Al-</span> 
     </span>
     <span class='ocr_line' id='line_1_91' title="bbox 1042 2206 1748 2247; baseline -0.003 -9"><span class='ocrx_word' id='word_1_416' title='bbox 1042 2207 1159 2238; x_wconf 79' lang='lat' dir='ltr'>bertus</span> <span class='ocrx_word' id='word_1_417' title='bbox 1176 2208 1349 2238; x_wconf 86' lang='lat' dir='ltr'>Rubenius</span> <span class='ocrx_word' id='word_1_418' title='bbox 1373 2206 1503 2247; x_wconf 87' lang='lat' dir='ltr'>optime</span> <span class='ocrx_word' id='word_1_419' title='bbox 1527 2206 1613 2237; x_wconf 91' lang='lat' dir='ltr'>vidit</span> <span class='ocrx_word' id='word_1_420' title='bbox 1634 2214 1748 2237; x_wconf 84' lang='lat' dir='ltr'>emen-</span> 
     </span>
     <span class='ocr_line' id='line_1_92' title="bbox 1043 2257 1749 2298; baseline -0.003 -9"><span class='ocrx_word' id='word_1_421' title='bbox 1043 2258 1190 2289; x_wconf 83' lang='lat' dir='ltr'>dandum</span> <span class='ocrx_word' id='word_1_422' title='bbox 1220 2258 1367 2296; x_wconf 78' lang='lat' dir='ltr'>conciliis,</span> <span class='ocrx_word' id='word_1_423' title='bbox 1389 2267 1465 2298; x_wconf 83' lang='lat' dir='ltr'>qnae</span> <span class='ocrx_word' id='word_1_424' title='bbox 1488 2257 1645 2297; x_wconf 87' lang='lat' dir='ltr'>ambigua</span> <span class='ocrx_word' id='word_1_425' title='bbox 1669 2265 1749 2296; x_wconf 86' lang='lat' dir='ltr'>vox,</span> 
     </span>
     <span class='ocr_line' id='line_1_93' title="bbox 1042 2306 1750 2348; baseline -0.003 -9"><span class='ocrx_word' id='word_1_426' title='bbox 1042 2314 1081 2339; x_wconf 90' lang='lat' dir='ltr'>ut</span> <span class='ocrx_word' id='word_1_427' title='bbox 1103 2309 1304 2339; x_wconf 76' lang='lat' dir='ltr'>lenocinium</span> <span class='ocrx_word' id='word_1_428' title='bbox 1327 2308 1375 2338; x_wconf 91' lang='lat' dir='ltr'>illi</span> <span class='ocrx_word' id='word_1_429' title='bbox 1391 2308 1543 2348; x_wconf 71' lang='lat' dir='ltr'>objiciat.</span> <span class='ocrx_word' id='word_1_430' title='bbox 1583 2306 1750 2338; x_wconf 85' lang='lat' dir='ltr'>Concilia-</span> 
     </span>
     <span class='ocr_line' id='line_1_94' title="bbox 1044 2356 1750 2390; baseline -0.003 -1"><span class='ocrx_word' id='word_1_431' title='bbox 1044 2364 1136 2390; x_wconf 85' lang='lat' dir='ltr'>tores</span> <span class='ocrx_word' id='word_1_432' title='bbox 1164 2359 1253 2390; x_wconf 89' lang='lat' dir='ltr'>enim</span> <span class='ocrx_word' id='word_1_433' title='bbox 1282 2359 1383 2390; x_wconf 82' lang='lat' dir='ltr'>iidem</span> <span class='ocrx_word' id='word_1_434' title='bbox 1416 2358 1605 2389; x_wconf 76' lang='lat' dir='ltr'>lenonibus.</span> <span class='ocrx_word' id='word_1_435' title='bbox 1653 2356 1750 2388; x_wconf 84' lang='lat' dir='ltr'>Glos-</span> 
     </span>
     <span class='ocr_line' id='line_1_95' title="bbox 1044 2408 1750 2451; baseline -0.001 -9"><span class='ocrx_word' id='word_1_436' title='bbox 1044 2421 1089 2442; x_wconf 84' lang='lat' dir='ltr'>sae</span> <span class='ocrx_word' id='word_1_437' title='bbox 1115 2411 1291 2451; x_wconf 81' lang='lat' dir='ltr'>Stephani,</span> <span class='ocrx_word' id='word_1_438' title='bbox 1312 2411 1504 2447; x_wconf 78' lang='lat' dir='ltr'>conciliator,</span> <span class='ocrx_word' id='word_1_439' title='bbox 1523 2408 1750 2447; x_wconf 78' lang='grc' dir='ltr'>συμβιβαστής.</span> 
     </span>
     <span class='ocr_line' id='line_1_96' title="bbox 1049 2460 1752 2500; baseline -0.003 -8"><span class='ocrx_word' id='word_1_440' title='bbox 1049 2462 1175 2492; x_wconf 82' lang='lat' dir='ltr'>Noster</span> <span class='ocrx_word' id='word_1_441' title='bbox 1189 2461 1278 2492; x_wconf 85' lang='lat' dir='ltr'>infra</span> <span class='ocrx_word' id='word_1_442' title='bbox 1293 2471 1301 2490; x_wconf 91' lang='lat'><strong>:</strong></span> <span class='ocrx_word' id='word_1_443' title='bbox 1326 2463 1335 2478; x_wconf 90' lang='lat'>‘</span> <span class='ocrx_word' id='word_1_444' title='bbox 1349 2462 1396 2491; x_wconf 86' lang='lat' dir='ltr'>Te</span> <span class='ocrx_word' id='word_1_445' title='bbox 1414 2461 1528 2497; x_wconf 61' lang='lat' dir='ltr'>mauis,</span> <span class='ocrx_word' id='word_1_446' title='bbox 1543 2461 1582 2490; x_wconf 84' lang='lat' dir='ltr'>ab</span> <span class='ocrx_word' id='word_1_447' title='bbox 1599 2460 1752 2500; x_wconf 87' lang='lat' dir='ltr'>demens,</span> 
     </span>
     <span class='ocr_line' id='line_1_97' title="bbox 1046 2509 1751 2550; baseline -0.001 -8"><span class='ocrx_word' id='word_1_448' title='bbox 1046 2517 1197 2542; x_wconf 82' lang='lat' dir='ltr'>veterem</span> <span class='ocrx_word' id='word_1_449' title='bbox 1213 2511 1240 2541; x_wconf 92' lang='lat' dir='ltr'>si</span> <span class='ocrx_word' id='word_1_450' title='bbox 1260 2510 1398 2550; x_wconf 80' lang='lat' dir='ltr'>respicis</span> <span class='ocrx_word' id='word_1_451' title='bbox 1414 2514 1534 2543; x_wconf 69' lang='lat' dir='ltr'>artem,</span> <span class='ocrx_word' id='word_1_452' title='bbox 1557 2509 1751 2541; x_wconf 72' lang='lat' dir='ltr'>Conciliare</span> 
     </span>
     <span class='ocr_line' id='line_1_98' title="bbox 1048 2559 1753 2600; baseline 0.001 -10"><span class='ocrx_word' id='word_1_453' title='bbox 1048 2561 1173 2592; x_wconf 54' lang='lat' dir='ltr'>decet?</span> <span class='ocrx_word' id='word_1_454' title='bbox 1206 2561 1371 2591; x_wconf 70' lang='lat' dir='ltr'>Ovidius:</span> <span class='ocrx_word' id='word_1_455' title='bbox 1398 2562 1406 2576; x_wconf 89' lang='lat'>‘</span> <span class='ocrx_word' id='word_1_456' title='bbox 1425 2560 1500 2590; x_wconf 66' lang='lat' dir='ltr'>Mn.</span> <span class='ocrx_word' id='word_1_457' title='bbox 1529 2570 1579 2589; x_wconf 71' lang='lat' dir='ltr'>ine</span> <span class='ocrx_word' id='word_1_458' title='bbox 1607 2559 1753 2600; x_wconf 85' lang='lat' dir='ltr'>nupsisti</span> 
     </span>
     <span class='ocr_line' id='line_1_99' title="bbox 1047 2609 1752 2641; baseline 0.001 -1"><span class='ocrx_word' id='word_1_459' title='bbox 1047 2611 1252 2641; x_wconf 85' lang='lat' dir='ltr'>conciliante</span> <span class='ocrx_word' id='word_1_460' title='bbox 1278 2610 1372 2640; x_wconf 62' lang='lat' dir='ltr'>seni?</span> <span class='ocrx_word' id='word_1_461' title='bbox 1408 2610 1480 2640; x_wconf 80' lang='lat' dir='ltr'>Lib.</span> <span class='ocrx_word' id='word_1_462' title='bbox 1498 2619 1521 2640; x_wconf 88' lang='lat'>1.</span> <span class='ocrx_word' id='word_1_463' title='bbox 1540 2610 1624 2641; x_wconf 72' lang='lat' dir='ltr'>Met.</span> <span class='ocrx_word' id='word_1_464' title='bbox 1647 2614 1656 2627; x_wconf 78' lang='lat'>⁸</span> <span class='ocrx_word' id='word_1_465' title='bbox 1675 2609 1752 2641; x_wconf 87' lang='lat' dir='ltr'>Hoc</span> 
     </span>
     <span class='ocr_line' id='line_1_100' title="bbox 1047 2660 1754 2692; baseline 0.003 -2"><span class='ocrx_word' id='word_1_466' title='bbox 1047 2660 1127 2690; x_wconf 87' lang='lat' dir='ltr'>mihi</span> <span class='ocrx_word' id='word_1_467' title='bbox 1142 2661 1320 2690; x_wconf 73' lang='lat' dir='ltr'>concilium</span> <span class='ocrx_word' id='word_1_468' title='bbox 1347 2664 1458 2691; x_wconf 73' lang='lat' dir='ltr'>tecum</span> <span class='ocrx_word' id='word_1_469' title='bbox 1485 2660 1612 2691; x_wconf 73' lang='lat' dir='ltr'>dixisse</span> <span class='ocrx_word' id='word_1_470' title='bbox 1637 2669 1754 2692; x_wconf 86' lang='lat' dir='ltr'>mane-</span> 
     </span>
     <span class='ocr_line' id='line_1_101' title="bbox 1050 2709 1751 2753; baseline 0.001 -12"><span class='ocrx_word' id='word_1_471' title='bbox 1050 2710 1120 2741; x_wconf 68' lang='lat' dir='ltr'>bit!</span> <span class='ocrx_word' id='word_1_472' title='bbox 1162 2711 1219 2741; x_wconf 91' lang='lat' dir='ltr'>Sic</span> <span class='ocrx_word' id='word_1_473' title='bbox 1246 2710 1503 2750; x_wconf 79' lang='lat' dir='ltr'>corrigendum:</span> <span class='ocrx_word' id='word_1_474' title='bbox 1528 2721 1605 2743; x_wconf 90' lang='lat' dir='ltr'>nam</span> <span class='ocrx_word' id='word_1_475' title='bbox 1629 2709 1751 2753; x_wconf 76' lang='lat' dir='ltr'>scripti</span> 
     </span>
     <span class='ocr_line' id='line_1_102' title="bbox 1048 2760 1560 2802; baseline 0.002 -10"><span class='ocrx_word' id='word_1_476' title='bbox 1048 2761 1220 2793; x_wconf 77' lang='lat' dir='ltr'>consilium.</span> <span class='ocrx_word' id='word_1_477' title='bbox 1242 2761 1354 2802; x_wconf 84' lang='lat' dir='ltr'>Vulgo</span> <span class='ocrx_word' id='word_1_478' title='bbox 1369 2760 1560 2802; x_wconf 78' lang='lat' dir='ltr'>colloquium.</span> 
     </span>
    </p>
   </div>
  </div>
 </body>
</html>
