1852 3182
550 209 597 238 ΙΝ
637 206 866 237 ΚΠΠΙΝΌΜ
904 207 995 236 [ΑΒ.
1029 208 1082 238 11.

89 307 165 338 cula
188 306 289 337 sedo:
335 303 502 334 Arnobins
531 302 649 332 codem
680 301 786 331 libro:

86 359 95 375 ‘
110 368 175 399 quo
187 357 318 388 sat-ilius
333 355 427 386 exsui
439 353 669 393 corporalibus
684 353 789 392 possit

90 418 109 439 e
125 406 288 438 vinculis.’
334 405 386 434 Sic
405 412 577 433 carcerem
599 402 717 432 animm.
737 411 790 431 vo-

95 464 173 489 cant
187 455 379 488 nobilissimi
393 458 546 484 auctores
560 463 695 493 corpus.
726 453 790 482 Ln-

86 519 206 546 canns,
240 507 294 537 lib.
328 514 377 535 vr.
417 506 425 521 ‘
446 503 606 543 Adspicit
640 503 790 533 adstanti

92 557 237 600 projecti
258 554 410 595 corporis
433 554 582 583 umbram
612 553 790 583 Exanimes

92 602 196 645 artus,
227 605 400 645 invisaque
429 605 575 635 claustra
602 604 791 641 timentem,

92 656 244 689 Carceris
270 654 423 695 antiqui.’
471 655 640 694 Compages
657 653 792 692 elegan-

90 708 213 740 tissime
226 706 377 747 appellat
392 706 510 736 Cicero
528 705 569 735 de
583 706 766 734 Senectute
784 714 791 734 :

87 759 97 777 ‘
112 759 200 790 Nam
219 758 296 788 dnm
315 767 427 788 sumus
445 757 478 786 in
498 756 549 786 liis
569 755 686 786 inclusi
704 764 792 785 coni-

90 808 232 850 pagibns
251 808 403 848 corporis
420 816 556 837 munere
573 805 718 846 quodam
736 814 791 834 nc-

89 859 259 891 cessitatis
291 864 325 889 et
358 858 451 898 gravi
481 866 585 898 opere
618 855 791 896 perfungi-

90 909 184 940 mur!

135 959 336 990 Truculentos
352 957 484 997 ingerit]
512 958 645 995 Dogma
674 957 794 987 Socra-

91 1010 235 1041 ticorum
258 1015 291 1040 et
319 1009 488 1039 Platonis.
536 1008 623 1038 Vide
652 1007 794 1038 Pliaedo-

91 1071 181 1099 nem,
198 1066 232 1091 ct
250 1061 322 1100 ejus
350 1060 516 1090 doctrina=
532 1060 624 1090 alios.

140 1111 245 1150 Ursis]
267 1110 355 1141 Quia
384 1109 705 1147 truculentissimnm
733 1108 796 1138 lioc

93 1160 230 1197 animal,
245 1158 325 1190 feris
344 1158 562 1199 barbarisque
578 1158 726 1189 moribus
739 1158 796 1188 ho-

91 1210 199 1240 mines
217 1213 295 1250 post
317 1209 421 1239 vitam
447 1209 532 1240 lianc
550 1209 584 1239 in
613 1209 710 1248 liujus
733 1208 798 1238 for-

94 1269 180 1291 mam
199 1260 252 1290 vel
270 1269 393 1299 corpus
412 1259 555 1289 transire
574 1259 772 1290 censebant.

135 1312 198 1340 484
223 1309 449 1348 Praedonesque
481 1309 576 1348 lupis]
614 1308 796 1338 Boethius:

93 1362 100 1376 ‘
115 1358 259 1390 avaritia
271 1358 380 1389 fervet
392 1359 573 1389 alienarum
587 1369 688 1399 opum
703 1368 799 1397 erep-

96 1411 172 1442 tor?
198 1410 341 1440 similem
373 1411 452 1450 lupo
481 1410 632 1440 dixeris)
681 1411 723 1440 Et
753 1410 800 1440 sie

96 1460 296 1491 molliuntur
327 1460 454 1491 tradita
484 1461 540 1490 illa
568 1460 732 1498 Platonis,
765 1464 800 1489 nt

97 1520 157 1551 pro
183 1511 261 1550 lupo
288 1511 386 1540 bomo
421 1520 536 1550 rapax,
563 1520 622 1550 pro
654 1519 713 1540 sne
742 1510 800 1539 im-

96 1561 251 1600 mundus,
270 1571 329 1600 pro
348 1561 444 1591 leone
464 1560 556 1591 ferus
575 1561 798 1601 intelligatur.

140 1612 280 1642 fallaces
296 1612 435 1651 vulpibus
461 1613 564 1652 addit]
599 1613 703 1643 Velut
720 1624 800 1645 con-

94 1662 190 1702 jugio
205 1663 374 1703 quopiam.
401 1662 515 1692 Barth.

146 1712 293 1752 Vulpibws
319 1712 423 1751 addit]
448 1711 595 1744 Quidam
621 1711 707 1743 abdit
725 1723 797 1744 cor-

98 1763 232 1803 rigunt:
251 1763 370 1803 scripti
383 1763 595 1802 nonjnvant.
627 1763 672 1795 D.
688 1764 800 1796 Heius.

141 1816 202 1845 485
227 1816 269 1844 At
293 1814 346 1854 qui
369 1814 488 1844 desidia
511 1813 643 1854 semper]
689 1815 802 1846 Somrw

98 1863 179 1895 Put.
203 1870 239 1895 et
270 1872 332 1905 pro
354 1864 488 1895 diversa
512 1865 659 1896 lectione
677 1867 802 1906 primus

99 1915 305 1945 Vaticanus:
333 1914 434 1954 forte,
461 1916 578 1946 desidia
599 1917 707 1947 somni.
745 1918 803 1948 Se-

101 1974 204 2005 quens
232 1975 348 1996 versus
377 1966 458 1995 nihil
484 1966 661 1996 Claudiani
688 1967 802 1998 habet.

101 2014 192 2045 Puto
228 2015 491 2054 interpolatores
526 2016 579 2046 liic
611 2023 801 2057 grassatos:

102 2073 163 2103 pro
186 2065 316 2103 pingues
341 2068 439 2104 ανιιιε,
456 2074 540 2096 unus
559 2066 654 2097 Med.
687 2067 804 2107 pigros.

105 2115 150 2145 D.
169 2115 287 2145 Heins.

145 2165 277 2195 Desidia
293 2166 427 2206 semper]
444 2165 548 2197 Asino
565 2167 654 2198 bunc.
671 2177 807 2209 aequare

103 2219 251 2256 poterat,
279 2226 377 2255 quein
405 2216 522 2246 mirum
541 2218 665 2255 omitti,
690 2228 765 2248 cnm
788 2228 806 2248 a

104 2266 235 2297 caeteris
263 2265 335 2297 fere
360 2267 436 2297 huie
467 2267 616 2298 ferorum
651 2269 807 2311 catalogo

103 2324 337 2348 accenseatur.
385 2319 499 2350 Barth.

147 2369 210 2398 488
234 2368 414 2408 Arcanaque
428 2371 524 2400 suevit
546 2371 694 2411 Prodere]
732 2372 808 2402 Hoc

106 2416 198 2448 inter
228 2418 369 2449 crimina
399 2429 524 2450 snnnna
554 2422 807 2452 constituerunt

106 2467 141 2506 ii,
166 2469 222 2508 qni
239 2469 352 2498 Vitam
381 2469 573 2511 politicam,
595 2476 630 2502 et
657 2472 807 2512 inprimis

108 2517 353 2556 Monarcliiain‚
375 2521 582 2551 constituere
603 2523 708 2561 poenis
733 2528 807 2562 post

108 2574 250 2599 mortem
264 2569 404 2599 sancitis
422 2571 610 2601 voluerunt.
636 2572 808 2612 Quicquid

110 2619 198 2649 enim
222 2620 273 2650 vel
291 2620 436 2658 Patriae,
453 2621 504 2650 vel
524 2621 642 2661 Regio,
659 2631 808 2653 nonnun-

111 2677 209 2708 quam
226 2674 261 2699 et
273 2671 462 2711 tyrannico,
479 2672 648 2702 contraire
662 2672 810 2713 Imperio

112 2717 253 2760 videbis,
266 2719 300 2750 id
315 2721 462 2762 reperies
480 2722 514 2753 in
529 2723 810 2765 Philosophorum

1426 200 1539 242 1303

839 306 874 331 et
891 301 1076 331 Poetarum
1106 299 1274 339 figmentis
1300 301 1388 341 apud
1406 303 1538 335 Inferos

840 351 1052 382 atrocissime
1082 351 1249 391 pnnitum.
1295 351 1349 381 Sic
1376 353 1437 383 hoc
1464 355 1538 385 loco

841 403 987 442 proditio
1012 411 1209 432 arcanorum
1247 405 1375 432 mterno
1408 403 1541 435 silentio

843 452 991 491 punitur.
1036 452 1091 482 Sic
1107 451 1223 481 subdit
1250 461 1416 481 summum
1433 454 1540 483 scelus

841 503 930 542 apud
954 501 1078 532 inferos
1105 512 1179 533 esse
1196 501 1392 532 refixionem
1411 507 1445 532 et
1463 513 1542 533 ven-

843 553 1005 583 ditionem
1024 554 1170 591 Legum:
1197 557 1232 583 et
1262 553 1353 583 talia.
1403 552 1543 592 Sapien-

844 610 895 635 ter
926 615 1008 643 ergo
1039 604 1197 644 prm-ipit
1226 604 1403 641 Horatius,
1431 604 1487 634 lib.
1520 614 1543 635 r.

844 655 953 695 Epist.
971 658 1020 686 18.
1051 656 1059 671 ‘
1087 654 1257 685 Arcanum
1279 659 1437 695 nequetu
1455 664 1545 686 seru-

844 706 969 737 taberis
998 706 1096 736 ullius
1124 715 1284 746 unquam,
1307 706 1544 737 Commissum-

844 766 908 797 que
927 761 1018 796 teges
1033 761 1066 787 et
1084 757 1160 787 vino
1176 761 1284 787 tortus
1301 761 1334 787 et
1349 756 1421 786 ira?
1446 756 1543 787 Idem.

887 810 948 837 :190
973 808 1101 837 AEterna
1116 808 1243 837 stantia
1264 807 1379 846 rocem]
1426 807 1544 839 Pisces

845 858 937 888 aiunt
955 867 1070 888 omncs
1089 863 1196 887 mutos
1220 867 1305 888 esse.
1354 858 1542 888 Horatius:

843 914 851 923 ⁴
872 907 901 937 Ο
922 908 1022 937 nmtis
1039 917 1172 947 quoque
1190 906 1348 946 piscibus,
1365 908 1547 939 Donatum

846 957 968 996 Cygni,
984 957 1009 987 si
1028 957 1145 995 libeat,
1160 958 1300 988 sonum.'
1348 959 1442 990 Idem.

888 1010 945 1037 491
969 1008 1031 1037 ΡΜ·
1048 1008 1148 1038 varios
1163 1018 1269 1045 (ninus,
1291 1019 1346 1048 per
1362 1009 1444 1039 mille
1457 1009 1547 1050 fign-

847 1058 911 1096 ras]
949 1058 1038 1087 Mille
1066 1064 1178 1088 antem
1194 1058 1321 1098 figuras
1342 1059 1440 1098 (lixit,
1456 1059 1546 1099 quod

848 1116 1016 1146 nunquam
1035 1107 1178 1137 animam
1196 1108 1454 1146 quiescere‚sed
1468 1108 1546 1139 hinc

847 1157 925 1186 inde
954 1157 985 1186 in
1010 1161 1045 1186 et
1063 1165 1124 1197 per
1141 1156 1296 1186 animalia
1313 1157 1402 1187 varia
1419 1157 1548 1196 venire,

848 1206 1009 1237 sciverint
1024 1206 1255 1246 Pythagorici.
1291 1207 1458 1237 Periotlos
1474 1207 1548 1238 illas

849 1257 1095 1298 l’ytltagoricas
1113 1267 1277 1297 pcrannos
1295 1258 1461 1297 intellige,
1473 1267 1550 1298 quae

850 1308 1006 1348 quoniam
1024 1308 1123 1338 variae
1141 1314 1175 1338 et
1192 1317 1257 1338 non
1273 1309 1368 1338 unius
1382 1309 1481 1349 spatii
1495 1309 1550 1340 ha-

851 1358 1030 1397 bebantur,
1049 1358 1156 1388 varios
1174 1368 1276 1388 annos
1299 1358 1464 1390 eruditius
1479 1359 1551 1390 dix-

851 1409 888 1447 it,
903 1409 1037 1449 quinon
1062 1408 1103 1438 ad
1121 1419 1253 1439 cursum
1270 1409 1356 1440 Solis
1381 1414 1440 1440 aut
1456 1410 1551 1441 Side-

852 1469 934 1498 rum,
948 1458 1006 1489 sed
1025 1469 1084 1489 sna
1099 1459 1236 1499 propria
1254 1459 1471 1498 proportione
1487 1464 1553 1490 ter·

851 1510 1070 1540 minarentur.
1118 1510 1161 1539 Et
1185 1509 1233 1539 sic
1250 1507 1396 1539 fatorum
1415 1509 1551 1549 quidem

853 1561 980 1599 Legem
1009 1560 1041 1589 in
1060 1559 1298 1599 Pythagoricis
1326 1559 1376 1588 his
1401 1559 1552 1589 transmi-

853 1610 1063 1650 grationibus
1081 1614 1209 1640 certam
1227 1619 1312 1647 esse,
1329 1609 1418 1649 ipsas
1437 1614 1551 1640 antem

853 1661 978 1691 animas
997 1661 1087 1690 varie
1106 1661 1409 1700 multipliciterque
1431 1662 1553 1693 mutari

853 1712 973 1742 scribit
999 1711 1240 1749 Philostratus,
1268 1710 1327 1742 lib.
1344 1720 1425 1742 vui.
1452 1710 1554 1751 Apol-

852 1763 914 1793 lon.
938 1772 1012 1802 cap.
1028 1764 1058 1792 3.
1077 1761 1221 1792 transire
1244 1761 1276 1790 in
1294 1761 1460 1801 volucres,
1488 1767 1555 1794 ter-

854 1817 988 1851 restres,
1000 1816 1034 1842 et
1047 1811 1192 1842 marinas
1203 1811 1390 1842 animantes
1404 1812 1556 1854 AEgyptii

853 1863 1050 1901 tradebant,
1067 1867 1141 1903 post
1169 1862 1201 1892 in
1223 1862 1389 1893 hominem
1416 1864 1557 1905 reverti,

855 1919 892 1945 ut
911 1919 1030 1944 auctor
1047 1911 1216 1943 Herodot.
1234 1912 1293 1943 lib.
1315 1921 1353 1943 Π.
1400 1913 1498 1944 Idem.

898 1965 963 1995 Per
979 1964 1079 1994 varios
1100 1972 1207 2001 annos,
1231 1973 1288 2002 per
1312 1964 1396 1994 mille
1416 1964 1558 2005 figuras]

853 2014 1078 2046 Scribendnm
1095 2024 1169 2044 cum
1188 2014 1333 2044 Lucensi
1357 2019 1392 2045 et
1414 2015 1558 2056 Gyrald.

855 2074 909 2105 per
925 2064 1027 2095 carias
1042 2064 1131 2094 armis
1147 2068 1194 2094 ter
1215 2064 1297 2094 mille
1314 2064 1452 2105 figuras,
1466 2066 1558 2106 qnod

857 2120 891 2146 et
907 2115 1046 2145 Bartliio
1074 2115 1106 2144 in
1131 2119 1279 2144 mentem
1305 2115 1418 2145 venit:
1448 2125 1558 2156 neque

857 2166 957 2196 aliter
975 2166 1101 2206 primns
1118 2165 1305 2196 Vaticanus
1332 2176 1351 2195 a
1374 2176 1473 2196 mann
1489 2167 1557 2207 pri-

859 2227 932 2254 n1a3
959 2216 1022 2246 nisi
1039 2215 1128 2256 qnod
1143 2217 1176 2246 in
1194 2224 1233 2246 eo
1248 2226 1303 2255 per
1321 2225 1381 2255 pro
1398 2220 1466 2247 ter:
1492 2221 1558 2247 ter-

859 2269 923 2299 tius
946 2268 1059 2298 Vatic.
1098 2266 1207 2296 Varios
1236 2266 1354 2296 «mimos
1378 2276 1434 2306 per
1460 2267 1560 2298 mille:

859 2323 895 2349 et
908 2316 1250 2354 emen‹latum‚varz’11s
1276 2316 1405 2346 animas.
1451 2317 1560 2347 Miror

839 2368 1016 2403 ¹secundis
1037 2367 1126 2397 curis
1154 2366 1331 2396 Bartliium
1359 2366 1400 2396 (le
1427 2367 1560 2407 conjec—

860 2424 936 2449 tura
954 2427 1013 2448 sna
1029 2416 1215 2447 dubitasse.
1255 2415 1309 2446 Ad
1323 2417 1559 2457 AEgyptiornm

860 2468 1082 2509 'l'beologiam
1111 2467 1183 2497 haec
1216 2465 1321 2496 refert
1347 2467 1379 2496 in
1408 2467 1560 2506 Euterpe

861 2519 1067 2550 Herodotus.
1114 2517 1346 2554 Lovaniensis,
1379 2517 1561 2557 pervarias,

860 2580 953 2601 annos
976 2572 1044 2609 post
1070 2569 1163 2608 mille,
1179 2567 1323 2608 figuras:
1347 2567 1447 2597 etiam
1466 2568 1561 2606 bene,

861 2626 896 2652 et
923 2630 964 2651 ex
983 2619 1116 2658 Virgilii
1144 2619 1333 2648 sententia:
1359 2619 1367 2633 ⁴
1388 2617 1442 2646 ubi
1472 2616 1560 2646 mille

862 2677 972 2702 rotam
993 2670 1130 2701 volvere
1161 2677 1223 2708 per
1250 2675 1364 2704 annos,
1386 2665 1560 2695 Lethaeum

862 2722 906 2754 ad
923 2720 1060 2753 fluvium
1078 2719 1172 2750 Deus
1189 2715 1331 2748 evocat!
1355 2714 1448 2746 Mine
1463 2714 1562 2747 lustra
