1851 3213
309 209 424 251 1174
765 221 840 251 οι.
871 220 1154 252 cLAumAM
1189 219 1328 250 xcvi.

308 314 370 356 Ut
390 328 469 356 nos
489 315 738 368 subriperes
757 315 865 365 leto,
886 319 1157 369 mortemque
1178 314 1356 366 fugares

309 382 455 423 Morte
475 385 574 423 tua:
605 394 712 422 mox
734 382 936 422 aetherias
957 386 1137 422 evectus
1157 382 1201 423 in
1223 393 1371 429 auras,

308 449 505 503 Purgata
519 450 684 503 repetis
703 450 855 489 laetum
875 449 1030 488 tellure
1051 452 1296 502 parentem.

308 515 563 570 Augustum
583 517 753 566 foveas,
776 516 902 557 festis
922 521 975 556 ut
997 529 1118 569 saepe
1141 516 1301 556 diebus
1720 512 1777 554 20

308 583 470 625 Annua
489 585 646 625 sinceri
667 585 855 625 celebret
869 584 1037 638 jejunia
1060 584 1191 624 sacri.

310 692 341 714 es
356 693 464 714 nomen
478 684 572 722 sert-i,
586 687 616 713 et
636 684 768 720 vincula,
782 686 817 714 ut
831 683 980 714 liberares
994 693 1047 713 nos
1073 692 1092 712 a
1118 685 1227 721 morte,
1252 685 1281 712 et
1297 681 1463 721 expelleres
1479 682 1608 710 mortem
1625 681 1776 710 nostram

312 729 411 756 morte
424 729 498 756 tua.-
524 731 559 756 at
575 725 683 756 deinde
701 730 736 756 tu
751 727 850 756 elatus
865 726 898 755 in
911 727 997 755 sedes
1011 726 1156 764 caelestes,
1172 725 1282 755 mundo
1299 726 1473 764 expurgato
1488 723 1570 754 redis
1586 721 1627 752 ad
1645 721 1778 752 Putrem

308 769 506 806 gaudentem.
531 768 562 799 O
581 768 727 805 Christe,
742 777 898 798 conserves
914 767 1138 806 Imperatorem
1154 767 1344 807 Augustum,
1366 769 1401 796 ut
1417 775 1496 807 saepe
1513 766 1547 796 iu
1562 764 1669 796 diebus
1679 763 1780 803 festis

312 810 449 842 observet
464 810 585 848 jejunia
599 810 680 840 sacri
696 810 821 840 sinceri.

923 860 1159 872 eeeeeeeeeeee

311 915 519 958 conjiciebat
560 915 680 946 Heius.
713 914 840 946 subistis
877 915 1027 946 Florent.
1065 914 1150 946 Cod.
1193 914 1473 945 Bartholin.-17
1497 914 1672 954 subriperes
1704 913 1783 947 Pai.

311 960 445 999 eriperes
460 963 529 990 tres
540 959 638 989 Vatt.
651 958 843 989 Bartholin.
860 958 950 989 Prie.
964 958 1063 989 Rott.
1086 958 1193 988 Oisel.
1211 958 1364 988 Florent.
1379 956 1474 988 Med.
1493 966 1563 987 sec.
1580 957 1645 988 inc.
1658 956 1780 990 Heius.

311 1002 393 1032 Put.
423 1002 490 1032 duo
519 1002 642 1032 Petav.
670 1002 801 1032 Bonon.
830 1000 950 1032 Ambr.
978 1005 1059 1031 tert.
1091 1001 1218 1031 Moret.
1245 1010 1296 1040 pr,
1322 1000 1434 1031 Oxon.
1458 1009 1526 1030 sec.
1545 999 1677 1030 Buslid.
1695 999 1781 1032 cod.

312 1045 430 1085 Epigr.
449 1043 565 1075 Ambr.
582 1045 667 1074 Exc.
685 1044 807 1075 Petav.
823 1048 933 1084 quart.
949 1044 1091 1074 Lucens.
1109 1053 1161 1083 pr.
1179 1047 1214 1073 et
1231 1042 1417 1074 Laeti.—1s
1440 1042 1472 1072 in
1488 1051 1578 1072 aures
1606 1042 1688 1074 Vat.
1713 1052 1782 1074 sec.

311 1089 398 1118 —19
418 1090 587 1127 purgatam
603 1087 755 1117 Florem.
782 1092 850 1117 tres
866 1086 961 1117 Med.
999 1090 1139 1127 repetens
1167 1091 1313 1126 quatuor
1340 1086 1434 1116 Vatt.
1462 1085 1537 1115 Pal.
1566 1084 1659 1116 Pric.
1686 1085 1781 1117 Rott.

313 1129 420 1161 Oisel.
445 1129 558 1161 Oxou.
586 1139 654 1160 sec.
672 1129 756 1161 Cod.
772 1129 962 1160 Bartholin.
981 1130 1066 1159 Exc.
1083 1129 1183 1159 Laeti.
1220 1130 1326 1158 loetum
1350 1128 1465 1159 Oxon.
1487 1137 1556 1158 sec.
1572 1128 1654 1158 Vat.
1671 1127 1781 1159 Livin.

312 1173 407 1203 lotum
424 1173 547 1203 Moser.
565 1182 617 1212 pr.
654 1172 758 1202 loetam
781 1173 914 1203 Bonou.
949 1173 1108 1203 loetantem
1123 1172 1208 1202 Exc.
1228 1171 1348 1202 Petav.
1361 1175 1474 1211 quart.
1511 1171 1585 1200 Ioeta
1604 1170 1684 1200 Vat.
1700 1174 1782 1201 tert.

313 1214 381 1246 duo
397 1215 492 1246 Med.
509 1214 589 1246 Ald.
626 1216 699 1245 loeta
714 1218 745 1245 te
772 1215 894 1245 Petav.
912 1224 980 1245 sec.
999 1214 1120 1245 Ambr.
1136 1219 1218 1244 tert.
1244 1214 1325 1244 Var.
1345 1214 1412 1244 LL.
1436 1222 1454 1243 e
1478 1222 1580 1252 marg.
1599 1213 1715 1244 Parm.
1752 1216 1782 1244 te

313 1258 378 1288 luce
395 1263 540 1298 quatuor
556 1258 652 1288 Vatt.
679 1258 754 1288 Pal.
784 1257 868 1288 Cod.
893 1257 1083 1288 Barthoiin.
1106 1256 1199 1286 Prie.
1219 1256 1317 1287 Rott.
1338 1255 1445 1287 Oisel.
1463 1255 1573 1286 Oxon.
1600 1264 1669 1286 sec.
1695 1255 1783 1286 Exc.

313 1300 416 1339 Laeti,
432 1301 548 1331 Parm.
566 1300 799 1340 Junt.1singr.
811 1300 944 1339 Gryph.
983 1301 1055 1330 laeta
1071 1301 1107 1329 de
1123 1300 1186 1329 luce
1202 1302 1361 1338 parentem
1379 1298 1597 1329 Buslid.-—20
1620 1296 1787 1337 Augustus

314 1342 475 1373 Pam-21
499 1342 651 1373 celebrent
669 1343 764 1373 Med.
778 1352 846 1373 sec.
864 1342 1025 1372 Heinsius
1049 1348 1126 1380 post
1150 1342 1214 1372 hoc
1230 1350 1366 1371 carmen
1384 1350 1484 1370 manu
1501 1350 1562 1370 sua
1574 1340 1784 1381 ascripserat

315 1385 420 1423 aliud,
434 1385 523 1425 quod
555 1385 588 1414 in
609 1384 731 1415 Petav.
762 1394 813 1424 pr.
844 1393 946 1415 manu
976 1384 1107 1415 recenti
1132 1384 1277 1423 margini
1296 1383 1482 1422 ascriptum
1499 1381 1690 1414 offenderat
1706 1392 1782 1413 cum

314 1427 378 1457 hac
406 1426 650 1467 Inscriptione,
688 1435 887 1459 EUGLERIUS
920 1435 1051 1457 comas.
1088 1427 1117 1456 Ο
1148 1426 1247 1457 Pater
1283 1424 1475 1465 omnipotens
1504 1424 1577 1455 celsi
1610 1425 1787 1456 dominator

318 1469 458 1510 Olympi,
467 1471 520 1510 ‘⁴5⁶⁰-
548 1469 607 1500 ubi
623 1469 657 1501 in
673 1480 723 1501 vs.
739 1473 769 1502 6.
791 1474 868 1502 erat
882 1469 999 1509 Dirige
1011 1469 1078 1501 vela
1092 1471 1156 1500 tuo.
1172 1479 1266 1500 curvo
1281 1468 1429 1500 deducere
1439 1471 1566 1500 rectum.
1588 1467 1648 1499 sed
1665 1466 1788 1509 edidit,

316 1512 436 1552 Dirige
451 1513 517 1543 vela
527 1521 649 1553 precor.

958 1758 1154 1817 XCVI.

754 1931 827 1972 46.
887 1931 966 1969 ΕΙΣ
992 1929 1103 1969 TON
1134 1931 1354 1973 ΣΩΤΗΡΑ.

420 2038 470 2076 ἶΩ
488 2040 595 2089 πυρὸς
615 2041 768 2078 ἀενάοιο
789 2043 906 2090 σοφὴν
926 2038 1038 2076 ὠδῖνα
1058 2040 1274 2090 φυλάσσων,

428 2102 650 2154 Έμβεβαὼς
670 2106 822 2154 κόσμοιο
842 2101 1113 2147 παλινδίνητον
1133 2104 1319 2151 ἀνάγκην,

811 2215 869 2252 IN
901 2215 1286 2252 SERVATOREM.

736 2311 1126 2343 INTERPRETATIO
1153 2309 1362 2342 POETICA

584 2374 675 2414 Ignis
698 2376 879 2406 inexhausti
902 2379 1013 2414 custos,
1035 2379 1206 2416 partusque
1228 2374 1362 2415 sagacis,

588 2418 652 2452 Qui
674 2417 786 2458 refluos
809 2420 917 2449 mundi
938 2418 1060 2449 voluisti
1083 2418 1208 2448 haurire
1231 2418 1361 2457 labores,

766 2501 1157 2534 INTERPRETATIO
1183 2502 1338 2534 PROSA

370 2566 401 2597 Ο
433 2565 486 2606 qui
513 2564 602 2605 ignis
633 2565 754 2595 aeterni
786 2566 975 2606 sapientem
1007 2571 1144 2607 partum
1172 2567 1205 2598 in
1236 2570 1266 2598 te
1296 2576 1424 2605 servas,
1460 2568 1634 2608 ingressus
1672 2569 1790 2602 mundi

985 2662 1130 2693 NOTAE

370 2722 420 2755 Eis
435 2721 490 2754 τὸν
505 2722 643 2764 σωτῆρα]
666 2722 753 2754 Haec
776 2723 1033 2765 Epigrammata
1088 2724 1274 2764 codicibus,
1291 2730 1328 2756 et
1341 2724 1415 2755 haec
1438 2734 1505 2756 non
1529 2725 1648 2765 solum,
1670 2724 1731 2757 sed
1754 2729 1792 2757 et

328 2776 452 2808 Graeca
481 2785 548 2807 non
575 2775 793 2817 reperiuntur
822 2775 857 2807 in
887 2776 1032 2808 vetustis
1085 2775 1237 2808 carmina
1263 2775 1466 2818 sequentia:
1499 2785 1543 2807 ex
1557 2775 1699 2810 Joannis
1726 2774 1790 2808 ca-

1847 2391 1851 2398 .
1844 2352 1851 2377 Α,
1846 2180 1851 2341 -ωκμ

1844 2714 1851 2757 '1
