1851 3213
271 200 387 247 12:34

269 304 404 344 nenias,
419 303 623 335 autminima
637 303 805 344 quaepiam
817 302 976 341 frustilla,

269 355 342 386 sive
369 354 513 394 ἀτόμους,
543 365 619 395 qnae
648 355 832 395 primorum
856 353 976 390 instar,

270 410 375 446 atque
401 410 582 445 compacta
606 404 735 434 faciant
756 412 853 433 omne
869 412 976 442 genus

269 466 461 497 corporum.
519 456 605 488 Quae
634 455 754 494 virgil.
780 454 898 492 Eclog.
926 461 976 482 vt.

268 507 452 548 expressit,
467 506 644 547 inquiens:
670 506 679 522 ‘
698 505 854 545 Namque
880 513 978 534 cane-

267 558 328 589 bat
359 559 408 588 uti
440 567 594 594 mas-,uum
630 565 692 596 per
722 557 822 586 inane
855 560 976 586 coacta

265 608 403 640 Semina
434 612 671 647 terrarumque
690 606 880 646 animaeque
907 615 974 636 ma-

266 658 381 700 risque
407 657 565 697 fuissent,
603 659 649 688 Et
677 657 797 698 liquidi
815 657 911 687 simul
926 657 974 697 ig-

267 709 343 748 nis3
369 709 471 739 uthis
487 708 631 739 exordia
645 707 760 747 primis
778 708 923 738 Omnia'

310 761 349 790 17
377 758 630 798 Nomsfigmus]
657 757 773 787 Rudes
795 758 882 796 illas,
899 767 973 797 quae

268 818 402 840 sursum
416 814 452 838 ct
465 808 623 838 deorsum
636 807 892 846 pervolantibus
903 811 974 837 ato-

266 860 328 890 mis
345 862 508 896 reguntur
531 862 566 887 et
581 857 668 887 fiunt
684 855 839 893 fortuito,
858 865 976 887 secun-

269 908 350 939 ‹lum
378 907 611 938 stultissimam
638 905 825 937 Atlieorum
850 906 975 937 doctri-

266 968 359 989 nam.

312 1010 374 1040 Per
394 1008 502 1048 inane]
527 1006 618 1040 Quid
650 1006 694 1038 sit
719 1006 783 1038 hoc
814 1005 973 1047 spatium,

264 1058 368 1089 docet
381 1067 440 1088 nos
458 1068 499 1088 ex
518 1057 677 1097 opinione
696 1057 856 1096 principis
873 1055 973 1095 hujus

263 1114 370 1140 sectae
396 1108 518 1140 Galen.
546 1107 607 1138 lib.
639 1115 664 1137 1.
695 1106 738 1137 de
771 1106 971 1138 Elementis.

264 1160 383 1192 Bai-cli.

309 1214 348 1241 is
376 1209 440 1245 Qui
460 1209 590 1240 ηιιηιίηα
620 1212 720 1239 censet
737 1207 897 1247 ambigua,
926 1207 974 1237 rel

263 1263 345 1294 mella
370 1265 477 1302 putat,
509 1262 555 1291 tel
585 1260 685 1291 nescia
713 1259 794 1298 reri]
831 1257 973 1298 Optime

263 1313 331 1343 ΜΞ.
361 1322 454 1343 mens
480 1310 620 1342 Codex:
652 1310 705 1349 qui
731 1309 858 1339 nwnimt
884 1316 974 1338 sensu

262 1364 432 1403 Ambiguo,
448 1363 492 1393 cel
509 1363 593 1392 nulla
608 1363 711 1400 indat,
724 1360 770 1389 vel
783 1359 884 1389 nescia
896 1358 972 1389 veri.

264 1415 426 1453 Dempst.

307 1467 347 1495 19
373 1463 488 1494 Nescia
505 1462 617 1502 nostri]
651 1460 755 1492 Multi
772 1463 907 1491 veteres
924 1469 973 1489 ve-

261 1514 300 1545 ri.
325 1514 461 1544 Primus
475 1513 663 1543 Vaticanus
675 1516 854 1551 utramque
867 1509 971 1549 scrip-

264 1570 375 1596 turam
392 1564 513 1604 refert,
531 1564 596 1594 reri
621 1564 669 1593 rel
691 1562 801 1593 nostri.
847 1561 972 1601 Vulga-

262 1622 332 1647 tam
364 1616 487 1647 merito
527 1620 644 1646 tuctur
684 1615 774 1645 curis
814 1612 972 1645 secundis

263 1667 438 1697 Bartliius.
462 1667 495 1697 D
513 1665 628 1696 Heius.

303 1720 345 1747 20
370 1716 549 1755 Tumultus]
588 1716 652 1746 Est
684 1714 779 1755 quasi
805 1713 971 1745 dissiden-

263 1768 347 1800 tium
379 1767 626 1807 cogitationum
658 1765 814 1805 quaedam
845 1774 970 1805 pugna.

303 1821 343 1849 21
368 1816 587 1856 Absolvitqne]
611 1816 709 1847 Intra
727 1816 971 1855 cogitationem

261 1868 420 1899 nimirum
451 1866 670 1898 testimantis:
704 1875 779 1896 nam
801 1865 970 1905 judicium

260 1917 428 1960 quoddam
441 1917 641 1955 advocat-at,
659 1916 755 1947 taciti
771 1916 870 1946 animi
883 1916 971 1947 libra

260 1977 491 2011 pei-pensurus
521 1968 676 1998 Deorum
705 1976 868 1997 caussam.
914 1967 969 1998 Sic

259 2028 379 2049 caussa
406 2018 559 2048 Deorum
598 2017 722 2057 saepius
759 2018 971 2057 disceptatur

260 2079 278 2098 a
294 2067 533 2109 stupidissimis
546 2067 712 2108 sophistis
729 2076 834 2108 penes
847 2067 968 2098 Lucia·

260 2128 350 2150 num.
377 2119 428 2150 Id.

300 2170 352 2201 Ad
365 2170 498 2201 culmina
514 2169 632 2209 rerum]
665 2169 834 2200 Summam
853 2173 973 2200 aueto-·

258 2220 395 2252 ritatem
410 2222 728 2261 magistratumque.
756 2221 871 2251 Barth.

302 2273 343 2302 22
369 2272 531 2302 Tollantur
560 2273 593 2302 in
614 2273 725 2310 altum,
750 2270 820 2310 ξω]
843 2270 968 2303 Minut.

257 2321 356 2353 Felix
374 2320 541 2352 Octavio:
566 2322 574 2337 ‘
595 2322 669 2352 Nisi
687 2319 779 2351 sorte
803 2330 861 2351 vos
879 2320 968 2351 deci-

258 2372 322 2412 pit,
351 2370 441 2412 quod
470 2372 581 2402 Deum
613 2371 819 2402 nescienteis
838 2371 967 2401 divitiis

258 2420 412 2459 affluant,
437 2420 618 2451 honoribus
640 2420 798 2460 floreant,
816 2421 968 2461 polleant

258 2470 500 2513 potestatibus.
549 2470 690 2501 Miseri!
715 2471 749 2500 in
764 2471 827 2501 hoc
845 2471 967 2503 tollun-

258 2527 313 2554 tur
345 2523 459 2561 altius,
500 2526 538 2552 ut
577 2521 744 2552 decidant
773 2522 873 2552 altius
890 2533 896 2551 :
932 2522 967 2552 hi

258 2574 348 2608 enim
367 2578 404 2605 ut
419 2572 570 2604 victimae
588 2573 798 2613 saginantur,
827 2577 865 2603 ut
895 2572 968 2605 lios-

259 2626 315 2658 tiae
342 2622 573 2656 coronantur!
620 2623 675 2653 Sic
693 2626 729 2652 et
747 2622 868 2652 Horat.
894 2623 902 2638 ⁴
921 2623 967 2653 Et

259 2678 361 2710 celsae
380 2675 534 2716 graviore
552 2684 630 2705 casu
642 2673 816 2704 Decidunt
834 2673 967 2713 turres,'

258 2730 324 2759 διο.
346 2725 505 2759 Juvenal.
520 2726 588 2755 Sat.
606 2733 642 2755 x.
654 2724 697 2755 de
713 2724 840 2764 Sejano
855 2734 862 2754 :
878 2724 887 2740 ‘
905 2733 965 2755 nu·

257 2787 392 2813 morosa
408 2776 553 2818 parabat
578 2774 734 2807 Excelsae
752 2773 853 2805 turris
870 2773 965 2806 tabu-

513 209 658 241 NOTAE
691 207 959 242 VARIORUM
995 206 1047 237 IN
1083 206 1158 238 CL.
1191 206 1375 237 CLAUD.
1409 206 1484 236 111.

1027 302 1108 341 lata,
1126 301 1216 333 unde
1233 302 1334 332 altior
1349 304 1441 331 esset
1458 297 1659 339 Casus,’&c.

1070 354 1110 382 24
1134 351 1228 391 Lues]
1253 352 1364 382 Pestis
1381 351 1480 381 mala.
1517 350 1630 380 Homo
1642 348 1731 380 enim

1028 404 1145 441 malus,
1159 404 1348 442 potentiam
1365 407 1500 442 nactus,
1513 399 1613 431 saevit
1623 400 1731 431 instar

1027 454 1107 483 mali
1123 454 1243 484 morbi.
1270 454 1318 484 ΙιΙ.

1072 503 1238 543 Ενιῳενὶί]
1284 503 1481 533 Pnrulentae
1505 500 1659 532 materiae
1686 500 1734 530 in-

1028 557 1110 592 star,
1124 564 1198 594 quae
1212 552 1344 584 affectis
1357 553 1510 592 eorporis
1526 550 1610 581 locis
1622 559 1732 581 erum-

1029 604 1089 644 pit.
1114 604 1230 635 Barth.

1070 656 1109 684 25
1134 654 1317 694 [manduit]
1356 655 1403 686 Ut
1434 653 1598 684 furiosum
1627 659 1732 692 pecus

1027 703 1136 743 igneis
1152 705 1295 734 εῐίηιιιίἰ4
1313 705 1491 744 agitatum.
1537 704 1599 733 Est
1617 705 1732 733 autem

1026 754 1201 792 incandere,
1224 759 1332 785 totum
1353 756 1430 795 igne
1448 754 1596 794 concipi,
1623 756 1661 783 et
1678 760 1734 782 ve-

1027 803 1090 834 luti
1107 804 1139 834 in
1157 813 1233 834 eum
1245 806 1378 836 mutari.

1069 856 1188 895 Atrox]
1210 855 1313 895 TruX,
1329 855 1453 886 feralis.
1487 854 1601 886 Barth.

1070 907 1112 934 26
1139 905 1287 936 Placidus
1300 907 1373 945 late,
1388 905 1458 945 ὅπη]
1497 906 1574 936 Hoc
1596 903 1732 935 invidiae

1027 959 1103 985 erat
1120 955 1265 986 maxime
1282 956 1503 994 contrarium,
1517 964 1591 996 qnae
1605 953 1734 994 gaudet

1026 1007 1121 1037 malis
1138 1007 1348 1038 successibus
1366 1016 1492 1038 rernm.
1521 1005 1611 1038 Vide
1629 1005 1733 1037 Ovid.

1026 1057 1170 1088 Metam.
1188 1066 1229 1088 11.

1068 1110 1108 1138 27
1133 1108 1260 1140 Limina
1277 1108 1375 1148 tetra]
1406 1107 1502 1139 Vivis
1524 1106 1736 1138 abominabi-

1025 1156 1081 1189 lia.
1128 1158 1238 1189 Omne
1256 1159 1344 1188 enim
1370 1158 1443 1197 jam
1472 1158 1542 1187 vita
1566 1156 1735 1197 functum,

1026 1208 1112 1239 vivis
1130 1214 1183 1240 est
1200 1209 1440 1240 abominabile.
1465 1209 1580 1239 Barth.
1730 1246 1732 1248 Ι

1068 1261 1109 1290 29
1137 1260 1244 1290 Festes
1261 1259 1372 1299 Erebi]
1385 1260 1441 1291 Sic
1460 1258 1636 1300 distinguit
1651 1259 1733 1290 Bar-

1026 1310 1128 1342 thius·

1073 1360 1246 1391 Innumeroe
1280 1364 1391 1400 pesteS,
1422 1359 1517 1391 Erebi
1544 1370 1734 1401 quascunque

1025 1410 1245 1451 sinistro,&c.]
1271 1411 1404 1441 Erebus
1421 1412 1511 1442 enim
1530 1411 1733 1451 pater,Nox

1025 1465 1136 1491 mater
1153 1461 1280 1491 dicitur
1297 1461 1428 1492 illarum
1447 1462 1604 1502 pestium.
1734 1498 1735 1502 Ἰ

1071 1512 1224 1552 Sinistra]
1249 1511 1399 1543 Infelici.
1425 1511 1635 1544 Alluduntur
1647 1511 1734 1544 scita

1025 1563 1330 1604 genethliacorum,
1367 1563 1424 1604 qui
1464 1562 1617 1593 sinistros
1653 1562 1734 1593 dex-

1024 1618 1176 1654 trosque,
1202 1613 1266 1644 hoc
1284 1617 1349 1653 est,
1376 1612 1552 1645 felicitatis
1568 1616 1604 1644 et
1620 1611 1734 1644 infeli-

1023 1664 1138 1695 citatis
1150 1664 1280 1695 iudices
1297 1668 1456 1704 aspectus
1467 1665 1498 1694 in
1513 1663 1732 1695 nascentibus

1023 1714 1242 1745 considerant
1259 1714 1418 1745 siderum.
1454 1714 1571 1745 Barth.

1069 1765 1175 1796 Pestes
1192 1765 1305 1804 Erebi]
1320 1765 1376 1795 De
1389 1763 1538 1804 inferno,
1555 1763 1731 1795 monstris-

1023 1824 1090 1856 que
1120 1814 1252 1853 incolis,
1279 1814 1414 1845 abunde
1442 1814 1540 1855 Maro
1573 1818 1646 1845 toto
1670 1814 1730 1845 lib.

1023 1873 1075 1897 vr,
1112 1864 1245 1895 AEneid.
1275 1864 1376 1895 Silius
1411 1863 1470 1895 lib.
1501 1872 1586 1895 xm.
1609 1864 1730 1895 Senec.

1022 1915 1130 1946 Herc.
1159 1915 1238 1946 Fur.
1269 1913 1345 1945 Act.
1370 1917 1401 1945 3.
1428 1923 1518 1945 scen.
1549 1916 1579 1945 2.
1602 1915 1731 1946 Lucan.

1022 1965 1082 1996 lib.
1097 1974 1148 1996 vr.
1164 1965 1205 1996 ad
1223 1964 1345 1995 finem:
1375 1973 1458 2005 qnos
1475 1964 1502 1995 si
1521 1973 1598 1994 eum
1613 1970 1729 1995 nostro

1022 2015 1192 2054 conferas,
1210 2019 1368 2055 apertum
1386 2014 1465 2053 erit,
1487 2013 1566 2054 quid
1592 2013 1731 2044 intersit

1020 2066 1111 2097 inter
1135 2066 1225 2096 hunc
1241 2070 1274 2096 et
1290 2065 1384 2096 illos:
1416 2074 1492 2095 nam
1517 2064 1571 2094 hic
1589 2069 1625 2094 et
1647 2064 1733 2095 mira

1021 2117 1182 2158 brevitas,
1213 2122 1249 2148 et
1286 2116 1463 2157 aptissima
1499 2115 1730 2156 epithetorum

1020 2169 1180 2208 energia:
1196 2176 1298 2208 quum
1316 2166 1403 2207 apud
1422 2176 1479 2197 eos
1493 2165 1650 2207 quaedam
1661 2166 1732 2198 sint

1019 2219 1195 2259 languida,
1210 2219 1371 2250 nonnulla
1386 2218 1480 2249 trita.
1504 2218 1685 2257 Dempster.

1065 2270 1162 2301 Erebi
1178 2279 1371 2310 quascunque
1386 2267 1528 2308 sinistro]
1555 2268 1652 2299 Bene
1680 2267 1729 2299 sle

1020 2320 1199 2360 distinguit
1214 2320 1382 2351 Barthius.
1413 2320 1457 2350 D.
1474 2319 1588 2350 Heius.

1063 2374 1104 2402 32
1129 2371 1358 2410 Impatiensque
1367 2370 1432 2409 sui]
1446 2368 1645 2400 Morborum
1660 2377 1730 2399 om-

1019 2431 1062 2452 ne
1079 2430 1185 2462 genus
1208 2421 1305 2451 unius
1329 2419 1563 2460 appellatione
1580 2419 1727 2450 notavit.

1020 2471 1074 2502 Sic
1102 2481 1182 2502 vero
1207 2471 1382 2510 impatierw,
1405 2469 1486 2510 quia
1507 2473 1670 2500 excutere
1691 2474 1748 2500 se'

1019 2521 1081 2552 sibi
1101 2521 1193 2551 velut
1218 2521 1364 2558 laborat,
1395 2520 1448 2550 vel
1479 2519 1559 2559 quia
1580 2519 1621 2549 de
1639 2520 1728 2551 malo
1764 2533 1766 2536 ’

1018 2571 1050 2601 in
1068 2571 1192 2601 malum
1213 2579 1347 2609 semper
1362 2569 1549 2600 exscendit.
1573 2569 1690 2600 Barth.

1059 2620 1212 2659 Livorque
1228 2619 1367 2649 secundis
1382 2618 1511 2658 anxius]
1537 2618 1660 2649 Aliena
1675 2617 1728 2650 fe-

1016 2670 1149 2701 licitate
1166 2679 1227 2699 eor
1243 2678 1339 2699 suum
1356 2668 1471 2699 edens.

1059 2723 1099 2751 33
1125 2720 1226 2750 Scissa
1257 2720 1421 2760 velamine]
1467 2719 1544 2750 Mos
1577 2718 1727 2751 onmium

1016 2771 1090 2804 fere
1119 2771 1270 2812 gentium
1308 2770 1480 2812 antiquus,
1505 2770 1660 2803 scindere
1687 2770 1721 2802 in
