1851 3213
276 190 390 233 1462

274 295 415 334 meni0s‚
441 296 636 339 Cilicasque
662 298 766 337 feros,
789 300 983 338 Taurosque

275 347 414 383 subegi!
440 349 582 390 Dempst.

318 399 381 429 222
398 397 520 437 Strm's]
544 400 701 439 aggeris,
718 404 752 430 et
765 400 797 430 in
813 401 982 431 cumulum

276 456 445 487 congeris,
470 449 587 480 Barth.

319 500 381 529 223
411 499 517 529 Nulms
528 499 672 539 ducasve]
689 500 887 532 Juvenalis:
914 504 921 516 ⁶
937 501 983 532 of·

275 546 390 579 ficium
418 549 649 589 peragendum
665 551 698 580 in
725 551 812 581 colle
838 551 984 583 Quirini.

278 597 364 630 Qnae
381 608 484 629 causa
500 598 625 630 officii?
649 601 739 634 Quid
757 603 903 642 quaeris?
928 613 984 633 nu-

276 648 330 680 bit
345 650 499 680 amicus?
539 651 725 693 Tamquam
755 653 796 683 de
823 663 857 683 re
881 654 985 684 notis-

276 701 375 741 sima,
392 712 460 742 quo
479 707 580 741 pacto
598 710 631 734 et
653 705 705 734 liic
723 705 983 744 impurissimam

277 752 526 792 turpitudinem
560 754 679 792 objicit
705 755 790 785 clam
821 756 986 796 Eutropio

277 803 496 834 Claudianus.
525 803 624 834 Idem.

319 856 384 884 226
410 854 508 885 Foliis
536 854 669 895 Arabes]
705 855 867 887 Odoratis
894 857 986 888 vide-

275 900 358 934 licet
382 902 484 942 foliis,
502 914 576 943 qua²
602 909 712 946 erant,
737 911 771 937 et
795 911 875 938 sunt
898 917 986 939 nunc

277 961 427 994 quoque,
445 954 534 985 inter
551 961 715 987 aromata.
764 957 816 988 Ex
828 957 877 988 his
894 957 987 989 foliis

277 1001 454 1034 faciebant
481 1012 690 1046 unguentum
710 1007 799 1048 quod
828 1008 988 1040 Foliatum

276 1054 518 1094 usurpabatur.
553 1056 745 1097 Juvenalis,
768 1059 841 1089 Sat.
857 1068 905 1089 Vl.
924 1068 986 1099 pro

277 1104 526 1144 pretiosissimo
553 1107 586 1137 id
613 1107 737 1138 habet:
761 1108 924 1139 ‘moechis
939 1108 987 1140 fo-

276 1155 361 1187 liata
376 1156 559 1196 pai-antur!
583 1157 684 1188 Idem.

321 1208 385 1237 227
409 1205 464 1236 Sic
479 1210 570 1245 urget
597 1207 734 1246 egestas]
757 1208 885 1248 Scripti
909 1219 990 1240 non-

278 1257 362 1287 nulli
377 1257 462 1295 cogit
479 1257 533 1287 vel
557 1260 664 1296 coget.-
687 1262 725 1289 ut
740 1258 832 1299 apud
858 1259 989 1292 Lucan.

279 1305 340 1337 lib.
356 1315 415 1337 111.
440 1307 448 1323 ‘
467 1306 569 1338 Pacis
593 1307 636 1338 ad
655 1308 832 1340 exhaustae
848 1310 991 1350 spolium

278 1366 340 1388 nos
373 1357 468 1397 cogit
497 1360 656 1397 egestas.’
692 1359 836 1399 Virgilio
865 1364 992 1402 tamen,

280 1407 289 1424 ί
308 1406 402 1437 duris
429 1416 552 1447 urgens
579 1407 612 1438 in
636 1407 739 1440 rebus
764 1411 921 1450 egestas.'
945 1412 991 1442 D.

280 1456 396 1489 Heius.

324 1512 388 1540 228
417 1509 460 1540 Ut
476 1509 551 1540 velit
577 1510 742 1551 Eutropii]
765 1511 843 1542 Hoc
866 1510 991 1543 fecisse

280 1559 444 1599 plurimos
457 1559 578 1590 Suidas
597 1562 730 1600 asserit,
754 1562 811 1603 qui
824 1567 994 1594 castrave-

280 1609 350 1640 rint
374 1609 539 1641 videlicet
556 1620 646 1651 sese,
670 1613 840 1654 Eutropio
856 1614 991 1645 culmen

281 1659 496 1699 Reipublicae
514 1661 699 1702 insidente,
721 1666 759 1693 ut
785 1664 918 1695 exsecti
936 1673 992 1695 ex-

281 1712 376 1739 secto
391 1708 515 1741 fierent
532 1711 705 1750 simillimi,
729 1717 764 1743 et
780 1713 827 1745 ita
844 1715 991 1755 gratiam

281 1758 357 1798 ejus
374 1764 603 1791 mererentur.
650 1762 726 1794 Quo
743 1772 824 1793 sane
837 1764 992 1796 ambitio-

280 1808 333 1839 nis
363 1809 493 1840 scelere
524 1814 605 1850 post
631 1811 784 1843 homines
811 1818 910 1845 natos
935 1824 991 1845 ve-

281 1859 419 1890 cordius
450 1860 580 1891 nullum
619 1866 792 1901 patratum
823 1863 992 1897 existimo.

281 1910 401 1942 Barth.

325 1965 390 1994 229
424 1962 533 1994 Oblita
556 1963 620 2004 sui]
652 1963 813 1997 Attonita
839 1967 934 1999 velut
958 1972 994 2000 et

283 2021 420 2044 suarum
436 2013 546 2045 oblita
570 2023 695 2052 rerum,
713 2025 781 2047 suae
805 2016 994 2059 dignitatis,

283 2068 390 2095 exuta
420 2074 483 2105 per
515 2065 696 2097 avaritiam
727 2072 764 2098 et
803 2069 994 2108 potentiam

281 2114 450 2146 sensibus.
490 2114 658 2156 Sulpitius
674 2117 833 2158 Severus,
848 2119 994 2161 Dialogo

282 2172 340 2195 111.
363 2164 566 2196 iracundum
579 2165 747 2198 hominem
765 2168 851 2199 dicit
868 2170 919 2200 sui
936 2170 994 2201 ob-

283 2213 408 2252 livisci,
431 2215 475 2245 ob
498 2214 699 2248 afflictiones
716 2228 736 2248 a
753 2218 906 2251 Fortuna
926 2221 995 2252 vel-

283 2268 324 2295 ut
339 2263 554 2296 destitutum.
578 2266 677 2298 Idem.

328 2315 391 2345 231
411 2314 497 2349 Quid
504 2315 576 2352 jam
591 2318 629 2348 de
648 2318 780 2350 Consule
794 2320 906 2362 miror]
930 2321 996 2352 Mi-

283 2374 336 2396 rer
361 2366 578 2406 praestiterit,
596 2368 623 2398 si
640 2370 869 2402 assentiantur
891 2382 996 2404 mem-

286 2415 415 2447 branae.
439 2416 487 2448 D.
504 2416 618 2448 Heius.

327 2468 392 2497 232
416 2466 606 2505 Prodigium
628 2471 673 2498 est
688 2471 882 2512 quodcunque
895 2473 997 2514 gerit]

285 2515 389 2547 Prior
414 2516 602 2555 Leidensis,
628 2518 766 2549 Farnes.
792 2525 828 2551 et
857 2524 995 2562 quintus

285 2566 367 2598 Vat.
384 2565 502 2597 delent
526 2565 563 2597 τὸ
589 2571 651 2598 est.-
677 2569 874 2609 eleganter:
899 2573 947 2604 sic
963 2583 996 2604 a·

286 2617 357 2658 pud
374 2616 551 2657 Ovidium,
569 2618 656 2650 Met.
671 2628 720 2651 v1.
737 2625 870 2653 veteres
892 2623 994 2655 libri:

285 2668 296 2684 ‘
313 2676 474 2708 magnum
497 2668 725 2710 quodcunque
748 2672 879 2713 paravi,
905 2673 996 2706 Quid

289 2716 333 2748 sit
347 2716 457 2748 adhuc
473 2717 613 2750 dubito.’
638 2719 736 2751 Idem.

333 2766 475 2808 Pagina]
497 2768 671 2810 Scriptum
696 2780 795 2804 omne
817 2777 926 2805 vetus.
951 2773 997 2805 Α-

485 201 628 233 NOTAE
663 202 929 233 VARIORUM
963 203 1013 233 IN
1050 202 1126 235 cl..
1159 203 1343 235 CLAUD.
1376 205 1526 236 XVIII.

1035 299 1116 330 libi:
1157 302 1165 316 ⁴
1189 300 1355 330 :infinitos
1386 300 1537 339 loquitur
1564 299 1739 332 Musarum

1036 350 1158 389 pagina
1179 350 1438 382 uva-v-RBnrth.

1078 401 1168 431 Lites
1186 401 1372 441 Faunineas]
1397 401 1550 431 Moribus
1575 401 1663 431 enim
1691 401 1741 431 in-

1036 453 1228 483 troductum
1248 461 1335 484 erar,
1353 462 1393 482 ne
1411 452 1532 482 mulier
1553 452 1743 492 judicaret,

1035 508 1094 533 aut
1125 501 1245 534 officiis
1273 503 1429 533 civilium
1460 512 1495 532 se
1526 503 1742 533 immisceret.

1037 552 1158 584 Claver.

1077 605 1140 634 233
1180 602 1370 643 Foemineas]
1410 603 1435 632 A
1468 603 1610 633 mollitie
1639 602 1742 642 enim,

1035 663 1100 684 non
1119 663 1214 693 sexu,
1229 664 1328 695 quem
1355 663 1491 694 prorsus
1520 659 1590 684 tum
1614 653 1744 684 nullum

1035 704 1198 739 habebat,
1213 705 1414 735 Eunuchum
1443 711 1541 735 vocat
1559 703 1744 734 foeminam.

1035 752 1091 782 Sic
1111 752 1263 790 foeminea
1286 754 1399 783 omnia
1428 763 1502 794 qnae
1528 755 1619 784 viros
1646 753 1745 784 dede-

1037 808 1127 834 cent.
1152 803 1270 834 Barth.

1079 856 1142 885 234
1168 853 1298 894 Forum]
1331 852 1746 894 Judicium,jurisdictio-

1036 913 1125 935 nem.
1149 904 1474 944 Juvenalis,Sat.11.
1499 903 1748 944 Prosopopoeia

1037 955 1188 986 mulieris
1215 955 1406 996 loquentis:
1445 956 1453 971 ‘
1480 953 1655 995 Numquid
1687 963 1746 984 nos

1038 1005 1168 1046 agimus
1185 1016 1333 1044 caussas,
1350 1005 1553 1046 civiliajura
1569 1004 1748 1044 Novimus,

1039 1060 1098 1086 ant
1126 1056 1194 1086 ullo
1221 1056 1367 1096 strepitu
1394 1054 1466 1086 fora
1495 1059 1607 1086 vestra
1634 1063 1748 1086 move-

1037 1115 1109 1136 mus
1121 1105 1144 1136 ?'
1167 1106 1266 1138 Idem.

1082 1159 1146 1187 236
1176 1157 1316 1197 Violare]
1340 1157 1371 1188 A
1388 1157 1489 1188 rebus
1505 1156 1633 1197 nuptis.
1667 1156 1748 1187 Vio-

1040 1206 1103 1236 lari
1118 1208 1298 1246 propritim
1327 1207 1454 1238 dicitur
1481 1207 1590 1246 virgo,
1617 1207 1672 1237 cui
1689 1217 1751 1248 pu-

1041 1255 1104 1287 dor
1120 1259 1357 1297 extorquetur.
1381 1256 1500 1287 Barth.

1086 1308 1297 1348 Portentaque
1331 1308 1478 1339 monstris
1511 1306 1672 1348 Aggerat]
1707 1307 1750 1339 Id

1043 1361 1108 1397 est,
1135 1359 1348 1389 accumulat:
1382 1358 1431 1390 sic
1460 1358 1593 1399 scripti.
1636 1358 1751 1399 Vulgo

1042 1411 1217 1448 aggregat.-
1241 1407 1331 1439 infra
1346 1408 1405 1441 lib.
1421 1417 1463 1439 Π.
1487 1409 1496 1425 ‘
1514 1407 1666 1439 Cumulis
1691 1408 1752 1439 im-

1041 1460 1198 1491 manibus
1210 1464 1356 1501 aggerat
1366 1458 1497 1491 undas.'
1519 1459 1663 1500 Virgilio
1675 1468 1755 1501 quo-

1043 1519 1110 1551 que
1138 1510 1302 1541 usitatum
1333 1509 1368 1540 id
1398 1509 1558 1541 verbum:
1594 1509 1754 1551 sequenti

1043 1570 1142 1592 versu
1158 1571 1266 1592 aversa
1283 1571 1342 1602 pro
1366 1562 1496 1592 adversa
1523 1562 1666 1592 Lucens.
1682 1560 1753 1601 Gy-

1042 1611 1128 1643 rald.
1148 1612 1245 1653 prim.
1268 1612 1381 1643 Vatic.
1409 1611 1569 1652 Isingrin.
1597 1616 1633 1642 et
1649 1610 1752 1642 unde-

1042 1663 1108 1693 cim
1125 1672 1168 1694 ex
1184 1663 1322 1695 nostris.
1355 1663 1543 1703 Ignominia:
1565 1663 1669 1693 etiam
1686 1671 1751 1704 pro

1042 1713 1222 1752 Ignominia
1238 1713 1350 1744 iidem.
1374 1714 1418 1744 D.
1435 1708 1548 1744 Heinsss

1084 1766 1147 1794 237
1171 1763 1284 1794 Secum
1307 1764 1449 1803 petulans
1474 1764 1610 1794 amentia
1637 1763 1753 1804 certat]

1041 1812 1167 1844 Utrum
1184 1813 1347 1844 videlicet
1359 1813 1527 1845 amentior
1541 1823 1581 1844 an
1598 1814 1755 1854 petulan-

1042 1863 1109 1895 tior
1126 1865 1171 1894 sit
1197 1864 1305 1894 omnis
1333 1863 1502 1903 cupiditas
1523 1868 1560 1895 et
1576 1864 1752 1895 scelerosi-

1044 1919 1096 1945 tas
1113 1914 1265 1946 hominis.
1303 1914 1383 1945 Duo
1395 1918 1473 1945 sunt
1489 1913 1584 1953 vitia,
1601 1924 1676 1955 quae
1694 1913 1753 1945 ad-

1044 1975 1145 1996 versa
1159 1964 1259 2005 fiunt,
1274 1964 1354 1995 dum
1370 1974 1478 2004 mens,
1496 1964 1592 1995 ebria
1604 1963 1753 1995 fortunae

1045 2015 1176 2055 favore,
1191 2015 1326 2046 dubitat
1341 2020 1454 2046 utrum
1479 2015 1694 2056 petulantius
1711 2025 1753 2046 an

1045 2067 1201 2098 stolidius
1219 2067 1321 2107 vivat,
1346 2067 1489 2098 licentia
1513 2067 1594 2098 data
1619 2076 1681 2107 per
1701 2066 1754 2098 fas

1046 2118 1210 2159 nefasque
1226 2117 1426 2149 bacchandi.
1452 2117 1567 2149 Barth.

1089 2171 1152 2200 238
1178 2169 1316 2200 Erubuit
1332 2168 1477 2208 Mavors]
1505 2168 1610 2199 Mista
1625 2167 1753 2209 pudore

1044 2220 1233 2260 iracundia,
1260 2230 1403 2262 quorum
1434 2218 1631 2251 adfectuum
1660 2222 1754 2251 uter-

1045 2280 1111 2311 que
1127 2269 1251 2301 faciem
1267 2271 1410 2301 colorat.

1089 2320 1291 2360 Adversaque
1305 2320 1379 2351 risit
1395 2319 1501 2361 Enyo]
1532 2319 1696 2352 Gaudens
1712 2321 1754 2352 si-

1045 2371 1115 2401 mul
1139 2371 1181 2401 ob
1211 2370 1329 2402 turbas
1356 2370 1497 2411 dandas,
1519 2375 1556 2402 et
1578 2379 1754 2411 opponens

1045 2421 1228 2452 militarem
1259 2422 1368 2452 aciem
1399 2425 1468 2452 tam
1501 2421 1585 2452 dirae
1619 2421 1753 2462 injuriae

1046 2471 1192 2502 Romani
1209 2471 1360 2502 nominis.
1387 2470 1499 2501 Barth.

1089 2524 1153 2552 240
1177 2521 1333 2551 Pharetra
1340 2520 1485 2561 fulgens]
1510 2520 1587 2552 Nec
1603 2521 1756 2553 Romana

1046 2570 1185 2610 quidem
1202 2580 1295 2601 arma
1311 2570 1433 2601 tribuit
1457 2570 1613 2602 Romano
1631 2571 1757 2604 Consu·

1047 2619 1084 2659 li,
1099 2619 1160 2650 sed
1176 2619 1332 2660 qualibus
1361 2619 1466 2651 etiam
1490 2619 1639 2651 foeminae
1667 2620 1755 2652 anti-

1047 2669 1162 2711 quitus
1179 2680 1259 2701 usae.
1286 2670 1380 2702 Idem.

1091 2723 1154 2751 242
1180 2720 1294 2760 Getas]
1317 2720 1449 2753 Gothos
1463 2721 1658 2761 auxiliares,
1669 2730 1753 2764 quos

1049 2770 1182 2813 infidos,
1198 2775 1233 2804 et
1259 2772 1350 2804 omni
1376 2772 1547 2805 occasioni
1573 2772 1752 2805 turbandae
