1852 3182
543 193 594 224 ΙΝ
628 192 861 224 RUFINUM
896 191 991 220 LlB.
1024 191 1055 220 1.

75 305 152 329 cuni
169 294 262 326 fecit.
306 291 421 324 Barth.

121 346 247 386 Eripuit
276 345 381 373 lunare
400 339 511 379 ficher]
560 340 651 370 l‘uto
686 338 774 369 Deri-

75 398 156 438 ρὶαι,
193 403 382 437 quanquam
420 391 699 421 dissentientibus
740 389 775 420 li-

77 448 156 479 bris,
202 444 372 476 Detrahere
387 443 459 472 caelo
485 442 604 472 Lunam
628 445 657 471 et
682 441 776 470 dedu·

78 506 160 535 cere,
196 494 314 535 passim
345 492 475 532 poisstm:
513 493 582 532 pari
612 492 710 521 niodo
741 496 777 521 et

78 546 234 577 Barthius
258 543 419 583 conjecit.
467 542 590 573 Horat.
616 542 724 582 Epod.
743 550 776 572 v.

77 600 87 614 6
106 598 188 629 Qum
205 595 314 626 sidera
328 598 507 625 excantata
522 593 779 625 voce'l‘liessala

77 646 272 684 Lunamque
287 645 370 675 coelo
384 643 534 684 deripit?
560 644 654 674 Idem
670 641 778 683 Epod.

77 696 140 727 ult.
173 696 182 712 ‘
202 695 320 726 Retixa
343 696 427 726 coelo
455 695 622 725 devocare
649 692 778 724 sidera!

79 747 127 778 D.
146 746 258 778 Heius.

122 800 184 828 148
209 798 294 829 Gens
311 796 472 837 Chauloea]
507 795 653 836 Magicis
681 794 783 826 sacri-

79 848 162 880 ficiis
178 853 247 880 tum
264 858 399 890 qnoque
413 848 569 879 celebris.
600 846 716 876 Barth.

126 902 186 936 149
210 899 371 930 fluentas
392 898 562 929 Arboribus
577 897 674 937 succi]
710 896 784 927 Pri-

80 962 170 983 mum
200 961 337 990 numen,
360 951 575 991 nobiliusque
602 949 786 979 nutrimen-

83 1008 154 1032 tum
172 1002 304 1042 generis
322 1001 458 1032 humani
484 1000 643 1037 Arbores,
661 1004 737 1039 post
753 999 785 1028 in

84 1052 225 1082 abusum
241 1052 452 1091 Magicaruin
467 1049 718 1090 praestigiarum
734 1057 786 1078 ve-

83 1103 145 1132 nir.
192 1102 322 1132 Plinius
339 1101 396 1131 lib.
413 1109 479 1130 xu.
499 1103 528 1130 1.
574 1098 691 1129 Barth.

129 1155 186 1182 151
215 1150 370 1190 Quicquid
385 1150 492 1180 lethali
514 1149 657 1189 gramine
671 1149 789 1189 pm'lius

86 1202 251 1240 Caucasus,
270 1204 299 1231 et
317 1200 473 1241 Scythia-<c
489 1203 615 1231 vernant
631 1200 662 1230 ἱιι
675 1200 788 1230 curmi-

84 1263 124 1283 ⁷1c1
141 1251 246 1292 impes]
281 1251 367 1282 Haec
381 1251 651 1292 inquinatissima
670 1254 786 1281 erant:

85 1312 163 1333 nam
193 1302 356 1332 hactenus
388 1301 523 1341 legitur,
553 1301 694 1340 germine
723 1302 789 1340 pol-

85 1355 150 1385 lens
175 1354 329 1384 Caucasus
367 1355 396 1383 et
426 1352 565 1393 Scythia:
597 1355 724 1382 reruant
758 1353 791 1382 in

85 1405 227 1444 gramine
252 1413 360 1443 rupes:
393 1412 452 1443 pro
475 1403 626 1440 germine,
650 1402 792 1440 gramine

88 1455 208 1494 scripti
226 1464 340 1485 omnes
358 1457 543 1493 agnoscunt
563 1453 665 1492 priori
683 1462 792 1488 versu,

88 1510 123 1535 et
141 1508 259 1535 recte:
284 1504 347 1534 nisi
375 1503 462 1544 quod
488 1503 733 1541 Isingrinianus
758 1506 794 1532 ct

89 1561 159 1586 tres
175 1564 218 1585 ex
242 1554 367 1584 nostris
381 1553 536 1583 carmine.-
561 1562 659 1593 quam
678 1562 793 1583 vocem

91 1605 270 1646 posteriori
289 1612 388 1635 versu
404 1603 610 1634 reddendam
625 1603 794 1640 oximum,

90 1656 180 1686 unde
198 1655 387 1694 exciderat,
410 1655 552 1695 legoque
571 1653 709 1684 minima
724 1663 795 1683 inu-

91 1707 236 1745 tatione,
260 1706 294 1736 in
315 1705 465 1745 carmina,
490 1704 522 1735 id
550 1709 613 1743 est,
638 1705 672 1734 in
700 1713 795 1734 usum

92 1756 291 1795 carminum,
307 1755 340 1786 in
358 1765 452 1785 usum
471 1754 648 1794 magicum.
694 1752 797 1783 Amat

92 1808 153 1838 hos
171 1805 333 1847 loquendi
349 1805 466 1836 modos
483 1810 618 1835 noster:
644 1808 681 1834 ut
698 1805 798 1834 Cous.

95 1857 212 1898 Olybr.
226 1866 273 1888 vs,
291 1858 364 1888 122.
381 1856 523 1887 dictum.
549 1855 648 1886 Cons.
668 1854 801 1893 Manlii,

93 1911 102 1926 ‘
117 1909 230 1940 Vecte
245 1907 442 1939 laborantes
460 1907 492 1937 in
518 1905 669 1937 carmina
692 1904 802 1935 conci-

97 1964 148 1990 tat
164 1958 271 1989 undas
284 1957 305 1988 ε’
331 1957 387 1988 ubi
402 1956 444 1988 de
463 1957 604 1997 Organo
618 1955 802 1996 Hydranli-

98 2020 138 2041 co
156 2010 248 2049 agit:
274 2008 362 2039 iufra
377 2009 439 2039 lioc
457 2008 531 2047 ipso
545 2007 643 2046 libro,
660 2010 668 2024 ‘
688 2007 733 2037 Et
747 2006 803 2047 qui

99 2059 300 2100 cornipedes
319 2059 354 2089 in
371 2059 494 2099 pocula
510 2058 666 2088 vulnerat
691 2057 804 2087 audax

100 2112 314 2151 Massagetes
328 2108 352 2139 :’
375 2109 438 2140 hoc
455 2111 518 2146 est,
534 2108 568 2138 in
591 2117 685 2138 usum
702 2116 804 2147 pocu-

99 2164 228 2194 lorum:
257 2161 316 2192 lib.
333 2170 388 2191 111.
413 2160 456 2190 de
480 2159 584 2199 Rapt.
608 2160 617 2175 6
641 2163 722 2189 totae
740 2156 806 2188 fre-

100 2218 234 2246 merent
249 2214 282 2244 in
297 2212 419 2253 pocula
439 2210 545 2252 ripae)
569 2211 577 2226 ‘
594 2210 698 2250 Seges
719 2219 807 2241 cres-

101 2268 150 2298 cit
166 2267 200 2297 in
225 2265 354 2307 praelia’
382 2264 509 2304 Idyllio
537 2263 720 2304 Hystricis.
757 2273 806 2294 lv.

103 2320 203 2350 Cous.
221 2317 354 2349 Honor.
378 2317 387 2332 ‘
405 2315 446 2346 In
463 2316 574 2346 civem
592 2314 737 2345 rubuere
752 2324 808 2354 ge-

103 2368 178 2400 nae.'
207 2368 281 2399 Lib.
301 2376 341 2397 11.
359 2367 490 2406 Raptus
511 2377 517 2396 :
539 2367 548 2383 ‘
565 2365 672 2396 omnis
690 2366 722 2396 in
736 2366 809 2396 her-

105 2420 166 2451 bas
181 2420 315 2458 Turget
341 2417 484 2447 humus.y

104 2472 112 2488 ‘
130 2471 260 2502 Cornus
286 2470 320 2500 in
346 2469 476 2499 hastam
503 2467 733 2508 Porrigiturz'
763 2473 812 2498 at-

105 2531 171 2562 que
188 2521 238 2551 ita
253 2529 356 2560 saepe.
403 2519 535 2550 Horum
550 2523 585 2549 et
601 2518 720 2558 plenus
737 2519 811 2549 Sta-

107 2572 173 2602 tius
189 2576 226 2602 et
240 2570 408 2611 Apuleius
422 2581 429 2600 :
455 2569 544 2610 apud
556 2579 653 2611 quem
668 2569 812 2600 emenda

109 2621 142 2651 in
169 2626 362 2653 transcursu
391 2621 501 2651 locum
525 2620 613 2651 male
638 2619 814 2659 affectum,

110 2671 171 2702 lib.
190 2679 271 2701 vm.
296 2671 386 2702 Met.
407 2671 415 2687 ‘
434 2670 576 2701 Interea
601 2669 737 2711 quidam
763 2679 813 2700 se-

112 2730 179 2752 nex
196 2719 239 2750 de
253 2729 378 2751 summo
391 2721 477 2751 colle
491 2724 699 2761 prospectat,
712 2729 812 2761 quein

114 2772 243 2804 circum
269 2770 416 2811 capellas
436 2775 614 2812 pascentes
629 2770 813 2811 opilionem

528 2416 629 2447 Cous.
649 2416 784 2457 Olybrii
801 2428 808 2447 ε
827 2413 830 2416 ’

1412 171 1525 222 1243

827 295 900 316 esse
918 284 1128 324 professione
1145 282 1275 324 (velex
1293 283 1440 322 professo,
1458 284 1527 314 vul-

828 337 898 375 gati
912 334 1065 376 projecto)
1080 335 1286 365 clamabant.
1332 335 1415 363 Eum
1431 344 1526 373 roga-

828 386 875 416 vit
894 395 978 416 unus
995 395 1038 415 cx
1058 385 1190 423 nosti-is,
1217 383 1401 413 haberetne
1420 384 1527 414 varuui

830 439 928 476 lacte,
954 438 1006 467 vel
1033 436 1141 467 adbuc
1164 435 1325 475 liquidnm
1349 434 1400 463 vel
1427 434 1459 463 iu
1476 444 1529 463 ca-

828 498 918 518 seuin
932 491 1090 518 recenter
1105 484 1340 525 coagulatum.'
1389 484 1532 521 l-Llegan-

831 544 882 570 ter
897 540 906 556 ‘
924 541 976 570 lae
995 540 1026 570 in
1044 549 1180 569 caseum
1195 534 1378 577 coagulari'
1395 535 1531 565 dicitnr.

830 591 939 630 Vulgo
966 591 974 607 ‘
995 591 1026 620 in
1044 599 1178 620 cascum
1204 592 1375 619 recentem
1403 586 1533 616 incoac-

832 642 927 674 tnm.’
974 643 1155 673 Ina-imarum
1180 640 1298 680 scripti
1331 637 1467 668 codices
1499 640 1534 666 et

832 694 941 734 prima
957 693 1082 724 editio:
1108 692 1165 723 nl».
1183 700 1232 722 ix.
1249 692 1257 706 6
1273 687 1408 719 misceri
1423 687 1455 716 in
1469 687 1535 716 Ve-

833 745 971 776 nerem.’
1015 744 1143 774 Statius
1163 743 1254 783 Sylv.
1271 741 1328 771 lib.
1344 748 1369 770 1.
1397 738 1535 778 Epitha-

834 795 932 826 lamio
949 795 1077 826 stellae:
1105 795 1114 810 6
1132 792 1327 823 Excludunt
1356 789 1466 820 radios
1483 788 1538 818 sil·

836 847 886 876 xis
904 846 1046 876 decussa
1064 844 1207 875 vetustis
1225 843 1384 882 Frigora:
1411 839 1539 880 perspi-

837 897 891 927 cui
910 897 1025 926 vivunt
1044 895 1075 925 iu
1103 904 1273 925 murmura
1300 892 1436 923 sontes!
1483 891 1539 921 Ita

838 947 959 987 opinor
986 956 1004 976 a
1031 956 1129 976 manu
1155 945 1309 975 Statiana
1334 953 1424 974 esse:
1449 951 1539 972 nunc

837 996 964 1035 legitur
977 997 1007 1026 in
1022 1004 1189 1025 inurinare:
1213 1003 1286 1034 quae
1301 993 1470 1032 scriptura
1481 991 1542 1021 ini-

838 1055 900 1075 nns
931 1045 1078 1083 elegans.
1115 1045 1123 1060 ‘
1144 1043 1266 1072 Vivere
1306 1043 1338 1071 in
1371 1041 1541 1072 Venerem

838 1094 987 1125 frondes’
1009 1093 1080 1134 pari
1107 1092 1209 1123 inodo
1227 1091 1432 1122 Claudianus
1448 1090 1544 1128 Nup-

840 1146 895 1176 tiis
913 1144 1075 1176 Honorii:
1102 1143 1150 1174 sic
1177 1143 1300 1173 ‘motat
1323 1142 1353 1172 in
1371 1149 1545 1171 murmura

839 1198 950 1226 voces'
974 1195 1083 1225 cidem
1106 1193 1218 1224 Statio
1234 1192 1292 1224 lib.
1310 1201 1365 1222 ιιι.
1383 1190 1424 1221 ad
1447 1190 1547 1221 Clau-

841 1246 929 1277 diam
947 1246 1110 1285 Uxorem,
1136 1246 1144 1261 ‘
1164 1244 1196 1274 in
1224 1242 1462 1284 procurrentia
1478 1240 1546 1281 pri-

841 1298 902 1328 niis
928 1296 1085 1328 Carmina
1109 1299 1223 1325 nostra
1249 1293 1348 1332 sonis,
1368 1299 1546 1332 motasque

842 1348 876 1378 in
893 1355 1065 1378 murmura
1088 1354 1186 1375 voces
1212 1343 1304 1374 Aure
1322 1342 1413 1382 rapis
1429 1339 1547 1381 vigui!

842 1397 972 1428 Sciolus
993 1395 1124 1435 aliquis,
1148 1394 1205 1435 qui
1234 1393 1415 1433 ignorabat
1431 1399 1547 1421 aurem

843 1448 978 1488 vigilem
999 1445 1109 1486 poetis
1127 1454 1187 1485 pro
1205 1447 1338 1474 attenta
1353 1440 1548 1482 frequenter

845 1499 938 1539 poni,
954 1497 1022 1528 illic
1047 1496 1112 1527 loci
1141 1494 1291 1532 refinxit,
1315 1494 1323 1510 ‘
1344 1497 1498 1532 totasque
1515 1492 1549 1522 in

846 1549 990 1579 carmine
1020 1550 1136 1577 noctes
1152 1545 1173 1575 ι’
1197 1544 1364 1586 quomodo
1388 1552 1477 1573 nunc
1502 1542 1551 1573 le-

846 1601 958 1640 gitur:
996 1598 1091 1639 quasi
1126 1596 1255 1627 Statius
1287 1595 1368 1625 totis
1396 1593 1550 1624 noctibus

847 1650 940 1681 aliud
954 1649 1035 1679 nibil
1049 1648 1186 1686 egisset.
1207 1645 1372 1685 Epicedio
1386 1643 1552 1682 Glauciae,

848 1711 896 1732 vs.
914 1703 987 1731 105.
1011 1699 1020 1715 ‘
1038 1703 1149 1729 mutas
1165 1705 1334 1727 murmure
1357 1693 1468 1725 voees'
1496 1694 1553 1723 lia-

848 1750 910 1781 bes
933 1747 1041 1780 Theb.
1064 1757 1114 1778 vr.
1138 1748 1148 1763 6
1166 1745 1286 1777 Audiit
1311 1748 1346 1775 et
1373 1743 1465 1774 vocis
1497 1742 1554 1773 de-

850 1800 980 1841 cerpsit
1005 1807 1177 1829 murmura
1201 1795 1344 1837 priman'
1390 1792 1555 1834 Epicedio

851 1852 1020 1890 Glauciae,
1045 1852 1054 1867 6
1080 1850 1205 1880 desunt
1232 1848 1265 1878 in
1293 1855 1432 1885 munera
1461 1843 1556 1876 flam-

851 1903 938 1936 mae!
982 1901 1091 1933 Theb.
1107 1900 1164 1931 lib.
1180 1908 1204 1930 1.
1226 1899 1235 1915 ‘
1253 1899 1387 1939 paulum
1405 1897 1438 1927 in
1454 1896 1556 1927 verba
1578 1933 1581 1936 Ι

853 1954 1027 1994 minasque
1045 1949 1283 1982 Cunctantur.'
1307 1948 1366 1978 lib.
1380 1957 1429 1979 lv.
1453 1949 1462 1964 ‘
1479 1946 1557 1986 reji-

855 2005 969 2044 citque
983 2011 1084 2033 canes
1096 2000 1129 2030 in
1141 2000 1261 2040 vulnus
1271 1997 1426 2030 liiantes.'
1450 1998 1510 2028 lib.
1522 2006 1558 2027 v.

855 2057 864 2072 ‘
882 2056 915 2086 in
933 2054 1036 2085 solam
1057 2055 1244 2093 patuerunt
1260 2050 1384 2081 lumina
1399 2047 1560 2080 noctem!

855 2106 912 2137 lib.
929 2113 979 2135 xi.
1003 2105 1012 2120 ‘
1033 2103 1167 2133 miserae
1192 2104 1350 2132 crescunt
1374 2100 1408 2130 in
1434 2098 1562 2140 pabula

855 2156 950 2187 fibrae
967 2154 986 2185 2’
1010 2158 1112 2195 atque
1126 2153 1175 2183 ita
1191 2150 1248 2182 ille
1272 2151 1418 2191 passim:
1441 2149 1500 2180 sed
1518 2148 1560 2179 ad

858 2217 941 2238 rem.
972 2205 1080 2236 Plura
1093 2204 1149 2245 qui
1167 2202 1275 2243 cupit,
1290 2202 1392 2233 adeat
1407 2201 1470 2232 hoc
1486 2201 1561 2231 loco

859 2256 993 2288 Bai-unii
1005 2265 1101 2286 curas
1113 2252 1290 2285 secundas.
1308 2251 1493 2292 Duplicem
1503 2250 1563 2290 igi-

860 2314 917 2340 tur
929 2307 1070 2347 magiam
1089 2305 1216 2345 tangit3
1242 2304 1386 2334 alteram
1403 2312 1477 2344 quae
1490 2302 1564 2332 her-

860 2363 926 2401 biS,
942 2361 1084 2392 alteram
1097 2368 1173 2400 qnae
1188 2355 1474 2388 incantationibus
1489 2363 1565 2394 per-

860 2411 1063 2444 ficiebatur:
1091 2414 1268 2448 utramque
1283 2405 1396 2447 poe'tae
1413 2410 1448 2435 ut
1465 2402 1566 2444 pluri-

861 2473 951 2495 mum
965 2462 1183 2503 conjungunt.
1208 2458 1371 2490 Lucensis
1388 2456 1475 2487 liber
1492 2463 1566 2485 con-

856 2515 1028 2555 jecturam
1042 2519 1149 2542 ineam
1163 2507 1360 2545 confirmat3
1383 2506 1409 2536 is
1421 2505 1521 2543 enim,
1533 2503 1565 2533 in

859 2564 1016 2604 gramina.
1032 2561 1186 2592 Gramina
1205 2568 1265 2599 pro
1275 2556 1432 2594 Carmina,
1444 2559 1477 2585 et
1492 2553 1565 2583 vice

862 2625 976 2655 versa,
998 2613 1196 2654 frequenter
1219 2609 1323 2640 scribi
1354 2608 1387 2638 in
1419 2603 1565 2644 antiquis

861 2663 1067 2696 membranis
1085 2670 1184 2692 nemo
1201 2658 1332 2690 nescit:
1357 2655 1442 2686 male
1460 2653 1566 2683 etiam

863 2715 965 2757 vulgo
977 2713 1115 2754 Scythice
1126 2719 1217 2751 rupes
1233 2717 1293 2749 pro
1306 2703 1470 2745 Scythicoe.
1501 2703 1566 2733 Lu-

864 2775 1000 2799 censem
1012 2764 1070 2795 lib.
1083 2762 1110 2793 isi
1119 2754 1395 2796 audimus,priori
1408 2762 1505 2785 versu
1514 2761 1566 2784 re-
