1851 3213
326 214 410 255 996
753 222 828 252 cr..
859 220 1141 252 anumANl
1176 220 1367 252 xxxvi.

325 318 529 362 Membra
550 318 801 360 colorantur
820 317 937 371 picei
959 316 1146 369 caligine
1167 315 1300 368 regni.
1728 315 1786 357 90

324 388 439 440 Ergo
460 387 573 428 hanc
594 392 645 427 ut
664 386 799 426 dubio
822 387 899 426 vix
919 385 1097 426 tandem
1121 395 1361 437 agnoscere
1381 381 1485 423 visu

325 454 526 496 Evaluit:
559 453 700 509 Cujus
723 459 790 495 tot
811 467 956 507 poenae
979 454 1207 493 criminis?
1240 452 1400 505 inquit.

324 522 455 563 Unde
472 522 569 562 haec
593 522 788 562 informis
810 521 1009 561 macies?
1044 520 1116 560 cui
1138 523 1258 560 tanta
1277 519 1469 560 facultas

324 590 379 632 In
399 603 467 630 mc
488 590 671 630 saevitiae
685 591 704 629 ’.Ρ
737 589 863 642 rigidi
885 602 960 629 cur
980 587 1161 629 vincula
1179 586 1284 627 ferri

323 658 420 699 Vix
439 658 634 711 aptanda
651 657 753 698 feris
774 658 931 697 molles
950 669 1145 697 meruere
1167 654 1320 696 lacerti
1337 655 1354 694 Ψ.
1729 649 1788 693 95

320 726 409 775 Tu,
430 738 528 765 mea
547 729 591 766 tu
612 726 790 779 proles?
823 738 878 765 an
898 738 1013 765 vana
1029 725 1223 764 fallimur
1243 723 1430 763 umbra?

382 792 466 833 Illa
483 792 633 833 refert:
668 792 774 832 Heu
793 792 901 831 dura
921 804 1096 845 parens,
1117 794 1322 843 nataeque
1340 792 1549 843 peremtae

323 858 572 909 Immemor,
594 860 677 901 heu
696 859 842 900 fulvas
861 860 1007 899 animo
1025 862 1298 911 transgressa
1318 856 1508 899 leaenas!

321 926 522 967 Tantane
541 931 581 967 te
602 928 739 968 nostri
760 930 935 967 tenuere
956 927 1153 968 oblivia?
1185 929 1356 967 tantum

322 993 468 1035 Unica
486 995 730 1048 despicior?
765 994 891 1035 Certe
914 994 1182 1048 Proserpina
1201 1007 1362 1035 nomen
1697 989 1786 1031 100

322 1062 466 1103 Dulce
487 1063 580 1112 tibi,
602 1063 684 1103 tali
706 1077 804 1116 quae
825 1076 955 1113 nune,
972 1068 1020 1104 ut
1037 1064 1192 1114 cernis,
1209 1063 1336 1103 hiatu

320 1176 352 1204 et
367 1172 502 1204 membra
517 1184 576 1205 non
599 1173 750 1212 inferiora
774 1175 908 1214 nivibus,
934 1174 1115 1215 nigrescunt
1131 1174 1266 1205 tenebris
1282 1173 1406 1214 imperti
1422 1172 1552 1204 obscuri.
1599 1171 1706 1210 Igitur
1721 1173 1786 1202 sta-

320 1216 379 1247 tim
394 1220 486 1256 atque
500 1218 604 1257 potuit
619 1228 702 1257 aegre
727 1219 851 1249 tandem
876 1228 1054 1256 cognoscere
1070 1219 1156 1248 illam
1182 1217 1427 1256 Proserpinam
1446 1215 1541 1246 oculis
1557 1213 1788 1253 dubitantibus,

319 1260 366 1290 ait
381 1270 391 1290 .-
415 1260 467 1289 Ex
484 1270 543 1299 qua
557 1261 648 1300 culpa
676 1264 797 1291 tantum
812 1261 997 1301 supplicium
1018 1261 1198 1301 provenit?
1223 1261 1301 1290 unde
1316 1260 1429 1290 macies
1444 1260 1509 1288 lzoec
1524 1255 1637 1296 foecla?
1661 1257 1711 1287 cni
1730 1266 1785 1296 po-

320 1304 417 1332 testas
428 1305 518 1332 tanta
542 1303 738 1334 crudelitatis
758 1302 825 1334 fuit
841 1307 948 1334 contra
972 1303 1044 1336 me?
1066 1314 1159 1343 qnare
1186 1303 1312 1333 brachia
1335 1305 1443 1332 tenera
1470 1302 1648 1331 meruerunt
1663 1302 1787 1330 catenas

311 1344 399 1382 ferri
414 1345 499 1383 duri,
528 1346 582 1375 rix
608 1347 877 1376 accommodandas
904 1344 1035 1377 bestiis?
1064 1347 1120 1385 Tu,
1136 1356 1214 1383 mea,
1238 1349 1270 1375 tu
1280 1345 1356 1386 filia
1369 1345 1425 1375 es?
1475 1345 1591 1374 Utrum
1614 1342 1787 1382 decipimur

318 1389 435 1418 somnio
451 1387 537 1417 immi
550 1386 564 1418 :2
589 1388 649 1418 Illa
662 1389 868 1428 Proserpina
880 1391 1062 1428 respondet:
1085 1390 1135 1419 Ah
1150 1389 1164 1419 ,Ι
1187 1392 1287 1418 mater
1303 1388 1435 1417 crudelis
1450 1390 1479 1416 et
1493 1386 1590 1415 oblita
1602 1385 1685 1425 filice
1698 1393 1788 1424 pere-

318 1429 428 1459 untis!
450 1430 489 1459 uh
504 1429 519 1459 Ι
543 1435 654 1460 mater
678 1440 826 1469 superans
841 1431 938 1460 animi
955 1431 1094 1460 feritate
1112 1431 1224 1459 leoenas
1239 1439 1335 1458 scenas
1348 1429 1363 1458 ,Ι
1385 1438 1426 1458 (ιη
1452 1431 1541 1457 tanta
1564 1427 1675 1457 oblivio
1688 1427 1788 1457 nostri

313 1471 449 1509 possedit
463 1468 518 1500 te?
549 1481 592 1500 an
607 1480 671 1510 ego
687 1472 757 1501 filia
782 1473 874 1501 unica
900 1472 946 1500 ita
976 1469 1175 1502 contemnor?
1213 1470 1402 1508 Proserpina
1429 1474 1483 1500 est
1512 1479 1622 1500 nomen
1648 1469 1788 1509 profecto

312 1515 442 1551 gratum
453 1512 524 1552 tibi,
534 1523 601 1551 quae
612 1523 705 1551 nunc,
719 1513 800 1542 sicut
815 1514 911 1551 vides,
926 1514 1032 1542 clausa
1054 1513 1112 1542 tali
1134 1521 1265 1542 caverna
1280 1512 1387 1542 trahor
1407 1511 1449 1541 ad
1462 1521 1585 1551 poenam
1595 1522 1605 1542 ,-
1627 1514 1663 1542 tu
1677 1512 1786 1543 crude-

927 1591 1166 1603 eeeeeeeeeeee

313 1638 398 1669 Var.
425 1637 497 1669 LL.
522 1647 540 1668 e
569 1646 675 1678 marg.
702 1637 816 1669 Parin.
839 1638 904 1678 ipse
935 1638 1016 1668 Vat.
1042 1637 1153 1679 quint.
1181 1637 1328 1678 superbus
1352 1638 1476 1669 PetaV.
1503 1647 1570 1669 see.
1583 1655 1626 1660 —-
1641 1640 1681 1669 91
1720 1638 1784 1669 Er-

315 1690 416 1720 goque
442 1680 495 1711 ubi
521 1680 600 1711 hanc
629 1680 720 1710 dubio
749 1681 849 1711 Voss.
882 1690 934 1720 pr.
967 1681 1046 1710 hanc
1071 1681 1125 1711 vel
1152 1681 1233 1711 haud
1265 1682 1364 1712 Voss.
1397 1691 1464 1711 see.
1495 1688 1616 1711 noscere
1643 1690 1704 1721 pro
1731 1691 1786 1721 ag-

317 1732 441 1754 noscere
455 1723 551 1754 Voss.
570 1733 621 1763 pr.
637 1724 723 1753 vultu
740 1723 825 1754 Cod.
840 1723 1032 1754 Bartholin.
1049 1723 1116 1754 duo
1132 1724 1227 1754 Med.
1246 1724 1367 1754 Heius.
1387 1723 1433 1755 H.
1449 1729 1483 1754 et
1501 1724 1563 1754 inc.
1582 1724 1692 1763 ejusd.
1709 1724 1786 1755 Flo-

317 1770 466 1797 rent.1n.
483 1775 552 1797 sec.
575 1766 645 1796 visu
660 1766 741 1796 Pur.
768 1766 852 1805 Reg.
880 1767 945 1797 duo
972 1766 1095 1796 Petav.
1130 1768 1259 1797 Bonon.
1283 1767 1414 1798 Tholos.
1431 1767 1547 1797 Ambr.
1566 1771 1645 1798 tert.
1671 1767 1786 1799 Oxon.

317 1817 384 1840 sec.
401 1808 468 1839 duo
481 1808 561 1840 Jun.
578 1809 662 1839 Exc.
689 1809 810 1839 Petav.
839 1816 949 1849 quart.
967 1808 1044 1839 Ala.
1060 1809 1142 1839 Var.
1159 1810 1226 1840 LL.
1243 1819 1262 1840 e
1278 1819 1383 1850 marg.
1402 1810 1517 1840 Parm.
1542 1810 1630 1839 cultu
1648 1810 1702 1839 vel
1717 1808 1786 1840 visu

315 1851 415 1882 Voss.
433 1854 588 1882 sem—92
602 1851 729 1881 Eroluz't
745 1851 904 1891 Vossjpr.
924 1861 1022 1891 poenoe
1033 1851 1119 1889 cujus
1133 1855 1179 1882 tot
1194 1853 1274 1884 Jun.
1291 1862 1360 1883 sec.
1383 1862 1472 1892 penae
1485 1853 1608 1882 Petav.
1628 1854 1783 1883 see-93

309 1892 413 1931 facies
427 1895 507 1925 Vat.
533 1904 601 1924 sec.
615 1894 701 1925 Cod.
718 1895 908 1925 Bartholin.
924 1895 1024 1925 Voss
1045 1904 1095 1934 pr.
1113 1895 1191 1926 Jun.
1210 1905 1259 1934 pr.
1272 1905 1316 1926 m.
1331 1905 1401 1925 sec.
1419 1900 1453 1925 et
1471 1904 1538 1925 sec.
1557 1895 1640 1925 Exc.
1658 1895 1784 1926 Petav.

316 1940 430 1977 quart.
453 1937 567 1967 macies
591 1937 645 1967 vel
668 1935 771 1974 facies
784 1938 882 1968 Voss.
900 1947 968 1967 see.
994 1937 1112 1967 Ambr.
1141 1943 1220 1968 tert.
1254 1938 1305 1968 ubi
1322 1940 1410 1968 tanta
1426 1938 1508 1968 Exc.
1526 1938 1650 1967 Petav.
1668 1941 1783 1977 quart.

315 1988 372 2010 cur
387 1982 477 2010 tanta
492 1978 611 2010 Ambr.
629 1984 711 2010 tert.
745 1983 883 2021 potestas
901 1989 1016 2010 omnes
1032 1981 1129 2010 Vatt.
1157 1981 1231 2011 Pal.
1249 1981 1334 2011 Cod.
1351 1981 1629 2011 Bartliolin.—94
1651 1980 1783 2014 soevitioe

315 2024 363 2052 est
377 2021 481 2053 Gesn.
494 2027 530 2053 et
546 2021 600 2053 ed.
617 2023 756 2063 Bipont.
788 2023 918 2053 sect-itia>
935 2023 1005 2053 sine
1022 2026 1066 2052 cst
1084 2023 1161 2053 Yat.
1178 2023 1287 2054 Livin.
1305 2028 1340 2054 et
1357 2023 1494 2063 plurimi
1512 2022 1706 2054 Codd.-95
1730 2032 1785 2063 op-

315 2065 412 2095 tanda
429 2075 491 2105 pro
516 2066 652 2105 aptanda
679 2065 754 2097 Pal.
793 2067 959 2096 tractanda
987 2065 1072 2096 Cod.
1100 2066 1381 2096 Bartholin.—96
1403 2067 1457 2097 An
1480 2076 1547 2096 mea
1569 2066 1647 2096 Vat.
1671 2065 1782 2105 quint.

315 2105 434 2138 Ambr.
452 2111 532 2139 tert.
567 2110 622 2138 aut
638 2108 690 2138 vel
707 2117 839 2138 anmma
855 2109 952 2139 Voss.
969 2110 1124 2139 sec.-—97
1149 2110 1227 2139 dura
1243 2118 1354 2148 parens
1370 2113 1440 2139 tres
1460 2109 1557 2139 Vatt.
1576 2108 1644 2138 inc.
1659 2107 1782 2140 Heins.

316 2149 449 2180 Bonon.
467 2150 581 2181 Oxon.
596 2160 647 2190 pr.
664 2151 762 2181 Voss.
779 2161 847 2181 sec.
871 2151 952 2181 Vat.
970 2151 1078 2181 Livin.
1108 2152 1188 2182 Var.
1205 2153 1272 2182 LL.
1289 2162 1306 2182 e
1322 2161 1428 2191 marg.
1455 2151 1571 2181 Parni.
1595 2154 1683 2181 torva
1697 2150 1781 2183 Jun.

314 2200 368 2231 pr.
391 2193 461 2222 dira
479 2194 531 2223 vel
561 2194 639 2223 dura
654 2192 773 2223 Ambr.
792 2196 961 2224 tert.—9S
984 2203 1080 2223 scer-as
1103 2194 1214 2224 lecerius
1243 2195 1325 2233 Reg.
1353 2194 1468 2224 Oxon.
1486 2203 1536 2233 pr.
1559 2191 1666 2230 fulvos
1681 2193 1783 2224 leones

315 2234 398 2265 Vat.
416 2245 481 2266 see.
510 2236 660 2266 Florent.
677 2236 741 2266 inc.
770 2236 890 2266 Heins.
917 2236 997 2268 Jun.
1014 2246 1064 2275 pr.
1087 2237 1152 2266 duo
1180 2238 1276 2267 Voss.
1302 2235 1420 2267 Ambr.
1448 2241 1528 2266 tert.
1544 2237 1702 2275 complexa
1720 2245 1782 2276 pro

313 2278 511 2316 transgressa
527 2278 644 2308 Ambr.
661 2281 830 2309 tert-99
848 2278 1001 2308 Alcimus
1018 2278 1140 2309 Avitus
1156 2279 1198 2309 de
1211 2279 1300 2309 land.
1311 2279 1405 2318 Virg.
1422 2288 1470 2309 vs.
1483 2281 1556 2309 324.
1571 2283 1678 2308 totum
1691 2278 1781 2309 hune

315 2328 449 2350 versum
466 2320 690 2351 haben—100
713 2330 773 2351 non
802 2323 847 2351 est
877 2321 1064 2361 Proserpina
1088 2322 1185 2352 Voss.
1203 2324 1311 2361 pr.--—l
1321 2324 1359 2351 01
1384 2321 1433 2351 hic
1443 2330 1552 2351 cernor
1578 2321 1730 2352 Florent.
1747 2324 1783 2352 ut

315 2371 424 2392 cernor
440 2367 509 2392 tres
536 2363 628 2393 Vatt.
646 2367 681 2392 et
698 2363 730 2393 d.
746 2363 822 2393 Pal.
839 2363 905 2393 duo
932 2363 1028 2393 Med.
1047 2363 1168 2394 Heins.
1190 2364 1232 2393 H.
1248 2369 1284 2394 et
1298 2364 1364 2394 inc.
1388 2363 1494 2403 ejusd.
1512 2363 1591 2394 Put.
1609 2364 1693 2402 Reg.
1711 2363 1779 2394 duo

315 2403 438 2435 Petav.
456 2405 587 2435 Bonon.
613 2405 748 2436 Tholos.
766 2405 877 2436 Oxou.
894 2415 944 2446 pr.
970 2407 1067 2437 Voss.
1085 2415 1153 2436 sec.
1182 2407 1265 2436 Exc.
1295 2406 1418 2436 Petav.
1448 2408 1670 2447 quarn—102
1685 2405 1778 2443 seror

316 2446 398 2477 Vat.
414 2457 465 2487 pr.
483 2453 518 2478 et
543 2447 576 2479 d.
594 2447 714 2478 Potav.
732 2457 783 2488 pr.
799 2449 879 2479 Vat.
904 2448 1014 2478 Livin.
1039 2452 1124 2479 teror
1144 2448 1210 2479 (1110
1237 2449 1331 2479 Med.
1349 2448 1470 2479 Heins.
1488 2448 1532 2479 H.
1549 2453 1585 2478 et
1613 2448 1680 2478 inc.
1701 2450 1780 2480 Put.

315 2487 405 2530 Reg.
422 2490 619 2521 Petamec.
632 2490 766 2521 Tholos.
784 2490 850 2522 duo
863 2491 944 2523 Jun.
957 2491 1021 2521 duo
1038 2492 1151 2522 Oxon.
1164 2492 1247 2522 Exe.
1259 2491 1385 2522 Petav.
1397 2496 1508 2532 quart.
1521 2490 1601 2522 Ald.
1611 2491 1694 2522 Var.
1710 2492 1785 2523 LL.

980 2560 1120 2592 NOTAE

358 2624 401 2655 94
424 2623 463 2655 In
478 2623 541 2669 me]
565 2624 649 2656 Quae
664 2624 761 2656 Jovis
775 2635 848 2657 sum
863 2635 968 2665 soror,
984 2629 1019 2656 et
1116 2629 1158 2656 98
1185 2625 1300 2656 Fulvus
1314 2623 1442 2664 leoenas]
1465 2625 1592 2655 Fulvus
1601 2624 1668 2662 leo,
1683 2623 1778 2655 fulva

315 2681 361 2704 ex
375 2682 416 2704 eo
432 2677 542 2704 mater
555 2674 789 2714 Proserpinae.
1073 2675 1203 2714 leaena;
1242 2675 1431 2715 epithetum
1467 2679 1694 2715 perpetuum:
1718 2676 1775 2707 vel

363 2725 497 2757 Vincula
511 2727 566 2757 vix
581 2728 718 2767 aptanda
731 2726 831 2767 seris]
848 2728 933 2760 Quae
950 2733 1018 2758 tam
1072 2724 1164 2756 forte
1181 2724 1251 2755 fulv
1259 2735 1294 2756 us
1320 2725 1465 2756 denotat
1481 2725 1644 2766 majorem
1661 2724 1779 2756 ferita-

316 2772 415 2814 dura,
426 2779 496 2807 tam
511 2776 649 2806 horrida
665 2781 758 2816 sunt,
772 2781 811 2808 ut
828 2777 933 2809 etiam
948 2777 1019 2809 nol·
1072 2779 1153 2807 tem.
1197 2775 1382 2815 Virgilius:
1407 2775 1417 2792 ‘
1433 2775 1478 2806 Et
1500 2773 1610 2807 fulvos
1639 2775 1777 2807 descen·

317 2825 424 2857 lemus
439 2826 478 2859 iis
492 2826 621 2859 bestias
632 2827 832 2869 constringi.
1073 2825 1157 2858 dere
1169 2830 1286 2858 monte
1312 2824 1453 2858 leones?
