1852 3182
437 214 499 243 DE
534 212 680 242 NUP‘r.
716 211 901 240 IIONOR.

64 309 154 340 enim
181 312 297 339 suetus
338 312 406 338 tam
440 306 590 346 disparia
620 305 766 345 jungere

64 365 185 390 auctor
213 357 505 399 prudentissimus.
566 355 618 386 Au
651 356 767 394 legas?

63 419 144 440 nume
172 420 225 440 ora
251 409 358 448 puellae
377 407 547 444 Flammea,
578 415 655 435 mmc
682 405 768 434 niveo

64 460 197 490 miratur
227 459 337 488 vertice
364 460 505 487 vnatrem.
564 456 609 486 Ut
641 465 769 485 summa

64 508 280 549 pulchritudo
308 509 406 547 igneo
434 505 559 545 fulgori
577 504 768 544 comparari

68 569 169 599 supra
196 562 312 588 notatu
340 557 435 587 nobis
464 561 517 586 est
542 566 583 586 ex
609 564 675 585 non
701 564 767 584 uno

66 610 268 649 scriptorum
299 608 512 647 optimorum.
558 606 652 637 Nihil
681 604 768 635 affir-

62 668 213 696 mavem,
226 667 288 689 nec
302 662 412 689 tamen
427 657 526 689 facile
540 656 667 698 aliquid
679 666 767 687 com-

64 707 194 739 modius
207 708 382 749 quisquam
401 707 604 748 protuderit.
630 706 747 736 Barth.

103 760 165 789 243
191 758 297 788 Plenae
311 768 371 798 par
395 758 510 797 altera]
548 758 648 788 Stata
666 761 769 786 aetate

65 808 196 848 Regina
236 807 346 847 plenae
387 808 490 839 Lunae
524 809 769 848 aequiparatur,

63 857 108 888 ob
125 858 336 898 majestatem
352 857 769 898 pulchritudinijunctam.

68 909 169 940 Idem.

108 962 170 990 244
197 959 317 999 Matre]
354 960 503 1000 Majorcs
531 958 686 989 arborum
715 956 772 986 mi-

67 1018 187 1040 norum
223 1015 350 1040 matres
387 1008 478 1049 apud
518 1008 655 1038 Poenas.
715 1007 770 1036 Sic

66 1058 169 1089 filiam
198 1059 290 1089 silvae
309 1059 464 1090 arborem
481 1058 634 1097 appellat
662 1057 770 1087 Hora-

65 1109 144 1147 tius,
167 1109 223 1139 lib.
249 1117 272 1139 1.
289 1108 356 1139 Od.
388 1111 437 1138 14.
472 1109 481 1124 ‘
499 1108 643 1138 Pontica
660 1107 771 1147 pinus,

66 1158 168 1188 Silvae
187 1157 256 1188 filia
270 1157 418 1188 nobilis!
455 1158 550 1188 Idem.

107 1209 170 1237 246
194 1206 377 1246 Promittic]
406 1206 567 1238 Ostendit
601 1206 698 1236 velut
730 1206 771 1236 de

64 1257 261 1298 longinquo.
307 1257 404 1287 Idem.

109 1309 170 1337 247
197 1305 360 1345 Paestana]
381 1306 587 1345 Noticampi
608 1306 771 1336 Rosarum

65 1356 304 1398 praerogativa.
327 1357 464 1386 Servius
482 1355 610 1395 Georg.
627 1364 674 1385 iv.
700 1356 709 1371 ‘
724 1355 770 1385 bi-

65 1407 198 1447 ferique
226 1406 352 1436 rosaria
382 1407 492 1437 Pesti.
539 1406 692 1436 Paestum
719 1411 772 1436 est

68 1456 238 1488 Calabriae
251 1456 428 1497 oppidum,
454 1457 485 1486 in
513 1466 580 1496 quo
604 1465 668 1486 uno
686 1464 773 1486 auno

70 1506 121 1537 bis
136 1506 283 1536 nascitur
300 1505 410 1536 Rosa!

109 1555 218 1595 Rosae]
230 1556 330 1587 Rosis
341 1559 559 1596 comparatur
573 1554 773 1596 frequenter

67 1607 284 1648 pulchritudo
297 1607 525 1646 speciosarum
539 1606 773 1637 foemellarum.

68 1658 185 1690 Barth.

107 1711 170 1739 248
199 1707 311 1738 Vernis
324 1707 477 1747 Roribus]
501 1706 634 1739 Quibus
652 1705 773 1745 produ-

65 1758 167 1796 citur,
184 1759 351 1798 aperitur‚
367 1759 484 1796 alitur,
499 1766 583 1787 rosa.
612 1756 709 1786 Idem.

106 1811 170 1840 250
195 1809 386 1848 Admittere]
426 1809 488 1839 Est
525 1806 620 1837 velut
654 1806 775 1836 timeat

63 1859 253 1900 virginitati
286 1859 516 1895 admissarius,
546 1866 622 1887 cum
653 1855 774 1886 admit-

66 1914 138 1941 tere
155 1915 299 1950 nuptum
317 1908 445 1949 aliquid
457 1908 625 1946 designet.
672 1905 775 1936 Plau-

65 1963 137 1990 tus:
174 1961 182 1976 ‘
200 1959 264 1989 Nae
290 1964 326 1989 tu
345 1958 387 1988 ad
413 1967 516 1998 equos
530 1956 650 1986 fuisses
667 1955 773 1986 scitus

65 2008 309 2040 admissarius.'
334 2009 431 2038 Idem.

108 2062 171 2090 252
195 2058 348 2097 Sidereoe]
374 2058 521 2088 Divinum.
546 2057 643 2087 Idem.

110 2111 173 2140 254
198 2109 239 2139 Te
253 2112 379 2148 propter
402 2108 542 2148 Paphias
556 2106 658 2146 sedes]
695 2106 774 2137 Non

67 2160 150 2190 aedes
165 2159 262 2199 prim.
285 2159 442 2189 Vaticani.
459 2163 494 2188 et
522 2158 671 2188 sedecim
697 2157 773 2187 alii:

65 2214 102 2242 et
133 2213 276 2250 paterere
302 2219 380 2239 mox
414 2219 474 2250 pro
503 2209 628 2249 patiare
660 2208 774 2238 iidem.

67 2262 194 2300 Cypron
221 2259 428 2299 Oiselianus,
454 2269 518 2299 pro
552 2260 699 2299 (ypram.
729 2258 774 2289 D.

68 2310 191 2341 Heins.

107 2363 169 2393 255
195 2362 310 2392 Tantos
335 2362 457 2401 explere
482 2359 614 2399 labores]
640 2360 774 2390 Tantum

65 2413 213 2452 complere
229 2412 342 2442 labaris
359 2421 442 2441 unus
456 2410 636 2441 Mediceus
650 2420 657 2440 2
684 2409 774 2450 quod

67 2462 273 2503 elegantius:
313 2461 482 2502 superiori
514 2470 611 2490 versu
639 2460 775 2500 relinqui

66 2513 162 2554 prior
174 2513 351 2544 Leidensis
364 2518 396 2542 et
411 2512 573 2543 Rottend.
585 2516 622 2541 ut
633 2520 775 2551 sequen-

67 2562 158 2594 tibus
171 2563 246 2593 haec.
259 2567 520 2593 connectantur.
546 2561 645 2591 Idem.

110 2615 173 2642 257
200 2613 346 2652 Tempore
373 2611 480 2651 longo]
510 2611 608 2642 Alius
635 2610 776 2649 dixerit,

71 2669 115 2692 ne
139 2660 310 2694 Honorius
338 2672 471 2703 semper
500 2666 670 2702 speraret,
692 2670 776 2691 nun-

75 2721 176 2754 quam
192 2711 362 2753 potiretur
376 2713 500 2754 gaudio
517 2722 591 2744 suo.
624 2712 777 2752 Longum

941 211 994 239 ET
1030 211 1151 240 mn.
1411 199 1516 240 1:331

820 313 901 342 ergo
931 307 1065 342 tempus
1102 311 1162 341 pro
1200 305 1367 340 perpetuo
1396 301 1522 340 posuit.

821 354 938 384 Barth.

863 406 926 434 259
952 400 1139 437 Fortunam]
1161 399 1236 430 Tibi
1258 398 1428 428 debitam:
1455 400 1520 429 Au-

820 459 952 492 gustam
971 453 1182 491 (lignitatem.

864 502 1009 541 Resmne]
1034 500 1211 540 Quodjum
1227 499 1390 529 videlicet
1404 497 1436 527 iu
1448 508 1523 534 cog-

820 553 958 582 natione
976 562 1051 582 cum
1077 550 1266 581 'l'lieudosio
1290 549 1406 586 habes,
1431 549 1525 587 cujus

821 602 987 642 Augustali
1017 600 1154 631 familia».
1174 605 1205 631 ct
1229 599 1375 629 fortuuae
1399 597 1525 628 inserta

820 662 866 684 es.
893 652 1010 683 Barth.

863 704 924 732 261
952 701 1051 732 Nulla
1078 699 1198 730 subesse
1227 697 1524 736 1'iriculac0gm1ta]

820 751 944 782 Sabisse
962 760 1022 791 pro
1051 750 1183 780 diversa
1210 749 1358 779 lectione
1387 753 1524 789 quartus

822 802 1025 838 Vaticanus,
1052 806 1088 830 ut
1122 799 1212 830 bello
1243 799 1336 830 Gild.
1376 798 1523 829 ‘subitae

819 851 906 883 collo
925 851 1058 881 subiere
1077 849 1231 880 catenae)
1261 850 1306 880 D.
1326 850 1438 881 Heius.

863 905 925 933 263
955 903 1023 932 Huc
1037 900 1102 940 ore]
1128 901 1249 931 Forma
1263 900 1327 930 ista
1341 900 1442 930 solius
1457 899 1524 929 Au-

824 954 912 993 gusti
946 952 1183 992 complexibus
1224 952 1340 991 digna,
1369 956 1403 980 ct
1435 950 1527 980 velut

823 1008 1016 1044 praeparata
1040 1013 1059 1032 a
1082 1007 1207 1032 natura
1236 1008 1271 1032 et
1299 1000 1525 1041 providentia.

825 1054 941 1084 Barth.

866 1106 928 1133 264
955 1102 1050 1141 Aula]
1074 1102 1235 1141 Imperi0.
1261 1102 1359 1131 Idem.

866 1156 927 1184 265
958 1153 1068 1183 Vultus
1083 1152 1159 1191 erit]
1185 1152 1276 1190 Lego
1293 1154 1358 1181 crat
1378 1160 1452 1181 cum
1471 1150 1528 1180 tri-

824 1203 887 1233 bus
914 1203 1073 1242 scriptis:
1102 1212 1179 1232 mox
1204 1204 1323 1241 a’queut
1351 1201 1449 1231 malo.
1484 1200 1527 1230 D.

825 1255 939 1286 Heius.

869 1305 941 1335 Non
971 1303 1057 1334 labra
1083 1303 1174 1343 rosae]
1209 1304 1294 1335 Quae
1321 1302 1374 1332 liic
1406 1302 1529 1333 divinae

824 1352 939 1384 formae
969 1354 1155 1394 peculiaria
1179 1353 1305 1383 deeora
1334 1352 1532 1382 describun-

825 1409 892 1444 tur,
903 1405 929 1434 si
945 1413 1118 1441 enarrare,
1129 1408 1161 1433 ct
1176 1402 1314 1433 adscitis
1329 1402 1410 1432 locis
1424 1401 1530 1442 scrip-

826 1459 935 1485 torum
971 1454 1072 1484 velim
1123 1453 1316 1490 discutere,
1357 1452 1529 1491 ingentem

826 1503 1116 1534 Commentarium
1133 1502 1280 1541 egregiae
1297 1493 1477 1532 suavitatis
1495 1505 1531 1531 et

825 1553 988 1584 doctrin-‹1›
1007 1553 1111 1583 dictis
1130 1552 1334 1592 impendam.
1362 1551 1477 1581 Barth.

868 1606 929 1633 267
957 1603 1056 1637 Quam
1084 1601 1210 1640 juncto]
1256 1600 1403 1632 Quidam
1443 1600 1532 1639 libri,

816 1653 923 1691 juncti
939 1653 990 1682 vel
1008 1652 1124 1682 tincti:
1139 1651 1245 1689 juncti
1273 1650 1432 1691 placebat
1449 1650 1531 1679 Bar-

826 1703 907 1733 thio.
940 1703 1028 1732 alter
1063 1702 1187 1731 Mon-eti
1217 1701 1313 1739 jugi:
1349 1706 1385 1730 ut
1418 1700 1530 1739 ‘jugis

825 1762 921 1793 aquae
939 1751 1036 1789 fons,'
1054 1755 1089 1781 et
1113 1753 1121 1767 ‘
1140 1751 1234 1790 putei
1260 1749 1533 1791 perennesjugis

826 1802 946 1843 aquae‚’
965 1802 1056 1842 apud
1085 1801 1281 1832 Horatium.
1307 1800 1457 1831 Martial.
1475 1799 1532 1831 lib.

826 1862 880 1883 lx.
895 1853 1011 1892 Epigr.
1024 1855 1076 1883 26.
1093 1853 1102 1869 ‘
1118 1851 1307 1891 Appetitur
1321 1850 1534 1890 positojugis

826 1903 917 1933 oliva
933 1902 1034 1942 lupo.’
1062 1902 1116 1932 Ita
1133 1901 1198 1931 duo
1215 1901 1349 1931 codices
1367 1899 1534 1940 antiquis-

826 1953 900 1983 simi
917 1953 1105 1983 Vaticanus
1118 1962 1157 1982 ac.
1174 1952 1383 1982 Puteaneus.
1408 1950 1536 1989 Vulgo,

826 2003 911 2033 vilis.
929 2002 1060 2033 Glossae
1071 2003 1248 2042 Stephani,
1258 2003 1366 2040 dagis,
1377 2000 1532 2038 διηνεκής;

828 2053 875 2083 sic
914 2053 1020 2092 ‘juge
1051 2052 1254 2083 triennium'
1281 2062 1342 2091 pro
1373 2052 1534 2082 continuo

827 2102 914 2133 dixit
931 2103 1138 2143 Eutropius:
1154 2100 1536 2141 justoaiscrimine,1sin-

827 2153 914 2193 grini
931 2153 1063 2184 codex:
1093 2153 1182 2194 quod
1213 2151 1296 2183 ferri
1325 2162 1390 2183 non
1407 2155 1535 2192 potest,

827 2205 1000 2245 quiajasta
1031 2204 1196 2244 temperies
1217 2203 1390 2244 sequitur:
1416 2202 1462 2231 nil
1488 2206 1538 2231 te-

824 2263 914 2284 mere
943 2253 1112 2284 mutarim.
1165 2253 1250 2283 Mox
1290 2262 1353 2292 pro
1387 2252 1535 2291 pudorem.

826 2304 925 2344 prim.
942 2309 977 2334 et
994 2308 1107 2344 quart.
1137 2303 1297 2334 Vatican.
1321 2312 1382 2342 pro
1401 2302 1534 2332 diversa

825 2355 973 2386 lectione
993 2353 1154 2385 ruborem:
1180 2353 1349 2394 quomodo
1375 2357 1409 2383 et
1438 2351 1534 2384 Juni-

825 2415 921 2444 anuS,
939 2409 974 2436 et
992 2414 1077 2435 unus
1100 2414 1142 2435 ex
1169 2403 1322 2435 Susianis
1339 2412 1413 2433 cum
1431 2400 1533 2431 Aldo.

826 2458 952 2497 placet.
1011 2456 1064 2486 De
1098 2455 1287 2495 superciliis
1327 2452 1532 2483 Petronius:

825 2507 1036 2547 ‘Supercilia
1065 2515 1171 2547 usque
1199 2506 1241 2536 ad
1261 2505 1420 2534 malarum
1438 2501 1534 2532 stric-

827 2562 938 2589 turam
966 2557 1154 2594 currentia,
1181 2561 1216 2587 et
1245 2564 1355 2585 rursus
1388 2551 1532 2583 confinio

826 2608 991 2639 luminum
1010 2616 1108 2648 poene
1123 2604 1316 2647 permixta!
1362 2602 1531 2633 Ammian.

826 2659 885 2690 lib.
910 2667 1020 2690 xxnl.
1043 2658 1182 2698 ‘juncta
1209 2664 1312 2695 super
1337 2651 1422 2683 alia.²
1469 2651 1532 2681 Ca-

829 2710 936 2751 prinis
953 2709 1059 2741 oeulis
1076 2707 1187 2739 torvi:
1208 2706 1217 2722 ‘
1234 2710 1269 2735 et
1293 2702 1484 2743 superciliis
1500 2701 1534 2732 in
