1852 3182
455 206 649 241 RAP'I'US
683 204 921 236 PROSERP.
956 203 1051 233 Lm.
1084 203 1160 232 111.
1441 191 1553 235 1001

93 309 349 351 Mobilitas:
381 305 528 346 tardos
551 302 741 356 queritur
761 312 849 340 non
866 299 929 339 ire
955 296 1147 351 jugales.

95 378 425 427 Immeritasque
445 383 629 412 movens
652 370 817 409 alterno
838 366 1023 407 verbere
1043 377 1210 418 pennas

96 445 315 485 Sicaniam
337 440 511 494 quaerit,
534 451 632 479 cum
649 436 833 477 necdum
856 433 1143 475 absconderit
1165 431 1290 472 Iden.
1465 431 1553 471 140

95 512 266 553 Cuncta
287 512 432 562 pavet,
452 509 690 559 speratque
708 503 830 543 nihil.
892 502 968 542 Sic
991 503 1152 540 aestuat
1173 500 1279 549 ales,

95 578 205 629 Quae
228 582 394 618 teucros
414 574 568 614 humili
590 571 723 613 foetus
747 568 1016 610 commiserit
1039 579 1161 616 orno,

30 671 33 674 >
93 645 294 686 Allatura
316 645 456 691 cibos,
479 646 523 683 et
543 641 729 694 plurima
749 637 917 690 cogitat
938 636 1098 677 absens
1116 648 1127 685 3

94 712 167 754 Ne
187 712 380 763 fragilem
401 713 556 750 ventus
574 701 817 748 decusserit
836 705 987 745 arbore
1008 702 1160 743 nidum
1177 715 1187 752 ;

95 779 196 820 Neu
218 779 379 819 furtum
402 779 578 831 pateant
595 774 777 824 homini,
799 787 885 814 neu
908 772 1060 827 praeda
1080 769 1285 812 colubris.
1474 769 1561 809 145

94 911 202 946 lentos,
225 920 285 940 non
301 919 443 940 currere:
482 912 511 939 et
529 907 652 945 seriens
667 906 796 947 flagello
823 907 941 936 alterne
958 904 1022 934 alas
1049 903 1223 933 innoccntes
1238 909 1368 939 eorum,
1391 898 1561 938 investigat

93 954 249 990 Siciliam,
267 954 481 983 cuninondum.
511 951 709 981 occultaverit
738 950 822 979 Iden.
864 949 964 978 Timet
981 946 1096 983 omnia,
1119 948 1148 975 et
1174 944 1252 975 nihil
1276 946 1401 983 sperat:
1425 943 1471 972 ita
1495 942 1562 972 avis

93 997 300 1036 inquietatur,
317 995 386 1025 avis
403 1004 470 1034 quae
484 995 582 1034 pullos
595 994 753 1032 implumes
769 991 938 1022 crediderit
953 991 1036 1020 ulmo
1053 998 1110 1018 non
1127 988 1212 1024 (Δία’,
1228 988 1424 1025 reportatura
1451 994 1561 1023 escam,

95 1042 124 1069 et
142 1040 237 1069 multa
260 1041 349 1078 putat
366 1037 485 1074 absens,
500 1046 537 1066 ne
554 1039 661 1066 ventus
685 1035 810 1074 dejiciat
834 1036 970 1064 volucres
997 1036 1118 1062 teneras
1134 1039 1176 1060 ex
1191 1029 1311 1067 arbore,
1325 1037 1398 1058 nete
1414 1027 1563 1067 exposita:

95 1082 157 1112 sint
175 1082 300 1112 insidiis
326 1081 494 1119 hominum,
510 1082 539 1109 et
561 1080 678 1119 prcedae
700 1080 889 1118 serpentum.
936 1075 1055 1107 Statim
1071 1077 1162 1114 atque
1183 1072 1287 1102 domus
1310 1071 1450 1109 neg-lecta
1465 1073 1564 1100 custo-

708 1160 943 1173 eeeeeeeeeeee

96 1238 194 1267 voss.
213 1246 281 1268 sec.
319 1236 421 1267 ruenti
437 1235 488 1265 vel
506 1234 617 1265 ruendi
643 1233 699 1264 vel
716 1230 828 1262 reverti
857 1231 970 1261 Oxou.
1004 1230 1168 1270 ἱππ-438
1196 1226 1355 1257 Nobilitas
1384 1224 1466 1255 vat.
1495 1232 1564 1254 sec.

95 1281 234 1320 quiritur
248 1280 353 1310 tardos
367 1279 448 1309 Vat.
468 1287 534 1308 sec.
559 1278 656 1307 Vosz.
682 1286 749 1306 sec.
767 1276 891 1306 Petav.
906 1283 974 1305 sec.
1009 1274 1108 1303 leones
1134 1271 1215 1301 vat.
1240 1274 1321 1301 tert.
1339 1269 1423 1299 Exc.
1439 1266 1562 1297 Petav.

96 1328 208 1363 quart.
231 1324 376 1354 dracones
393 1322 460 1352 ‹luo
477 1321 573 1351 Vatt.
591 1326 626 1350 et
642 1319 673 1349 (1.
689 1319 756 1349 inc.
773 1317 894 1348 Heius.
921 1317 1003 1349 Juu.
1022 1325 1073 1355 pr.
1087 1315 1186 1345 Voss.
1202 1322 1271 1343 sec.
1298 1311 1375 1342 Ald.
1392 1311 1473 1340 Var.
1492 1309 1563 1339 LL.

98 1375 115 1395 e
133 1375 237 1405 marg.
254 1366 368 1395 Parin.
386 1365 514 1403 jugales
535 1364 614 1393 X'al.
639 1372 689 1402 pr.
705 1360 800 1392 Med.
819 1370 870 1400 pr.
889 1364 924 1390 et
947 1369 1016 1390 sec.
1036 1358 1157 1388 Heius.
1177 1355 1223 1386 H.
1241 1356 1327 1394 Reg.
1345 1354 1411 1383 duo
1439 1352 1564 1382 Petav.

96 1408 236 1438 Tholos.
252 1408 333 1437 Vat.
351 1408 460 1437 Lirin.
477 1406 530 1436 ed.
552 1406 666 1435 Parin.
685 1409 719 1435 et
736 1404 958 1433 vicen—139
985 1400 1204 1439 Immissasque
1220 1398 1300 1428 Vat.
1320 1397 1428 1437 quint.
1466 1397 1567 1425 moi-ct

97 1450 179 1481 Jun.
197 1460 265 1480 sec.
291 1450 414 1479 vulnere
429 1447 511 1477 Put.
527 1450 647 1486 pectore
662 1446 784 1475 Petav.
802 1454 871 1474 sec.
894 1453 1000 1482 paenas
1023 1443 1089 1472 duo
1106 1441 1201 1471 Mea.
1218 1440 1338 1470 Heius.
1356 1439 1400 1469 H.
1418 1437 1496 1470 Jun.
1515 1446 1566 1476 pr.

99 1494 213 1523 Oxou.
231 1502 281 1531 pr.
299 1491 420 1521 Ambr.
439 1495 516 1524 tei-1.
546 1489 697 1518 chartac.
725 1486 843 1516 Heius.
872 1485 925 1515 ed.
955 1485 1069 1514 Parui.
1096 1490 1132 1513 et
1150 1483 1263 1512 Vlcct.
1295 1490 1391 1520 penas
1407 1480 1481 1510 Pal.
1498 1479 1565 1509 inc.

97 1535 219 1565 Heius.
246 1535 400 1564 Floreut.
428 1532 560 1561 Bouou.
588 1530 680 1570 pinas
706 1527 791 1558 eod.
820 1526 1010 1556 Bai-[holin.
1041 1534 1156 1563 pennas
1172 1525 1252 1552 Put.
1280 1523 1486 1558 chwoss.
1515 1531 1566 1561 pr.

97 1578 179 1608 jun.
199 1586 268 1608 sec.
286 1576 399 1607 Oxou.
416 1584 483 1605 sec.
503 1578 573 1603 tres
607 1572 730 1602 Petav.
748 1571 834 1600 Exc.
862 1569 984 1599 l‘etav.
1002 1570 1114 1607 quart.
1144 1564 1223 1595 Ala.
1240 1565 1321 1594 Var.
1342 1565 1407 1594 LL.
1425 1573 1443 1593 e
1459 1573 1567 1603 marg.

98 1620 322 1651 Parim—140
347 1619 479 1648 nonaum
498 1616 575 1646 Vat.
587 1625 638 1655 pr.
656 1614 770 1645 oxon.
788 1622 841 1652 pr.
858 1612 938 1643 Jun.
952 1619 1019 1640 sec.
1031 1609 1130 1639 Voss.
1147 1617 1199 1647 pr.
1217 1607 1299 1636 Exn.
1318 1606 1439 1636 Petav.
1456 1611 1568 1646 quart.

97 1666 265 1693 accesserat
287 1663 418 1692 Bonou.
441 1660 622 1690 ascenderat
648 1662 716 1687 tres
732 1656 829 1686 Vatt.
858 1653 942 1685 cod.
963 1652 1152 1683 Bartliolin.
1182 1650 1319 1680 Tliolos.
1339 1648 1458 1679 Ambr.
1488 1653 1568 1679 tert.

97 1706 290 1736 adscenderit
308 1705 374 1735 duo
391 1704 484 1734 Vatt.
499 1701 572 1732 Pal.
590 1701 674 1741 Reg.
689 1700 789 1729 Voss.
806 1708 856 1738 pr.
872 1697 995 1727 Petav.
1012 1705 1080 1726 sec.
1102 1693 1301 1724 absconderat
1316 1691 1398 1724 Juu.
1411 1701 1477 1722 sec.
1500 1690 1569 1721 abs-

99 1749 239 1779 conderit
267 1749 348 1778 Vat.
367 1750 443 1777 tert.
470 1746 621 1776 Florem.
647 1753 711 1773 inc.
744 1741 866 1772 Heius,
892 1741 974 1771 Put.
1004 1738 1129 1769 Petav.
1158 1746 1209 1777 pr.
1235 1735 1315 1767 Juu.
1343 1744 1394 1775 pr.
1420 1735 1568 1765 chartac.

100 1791 221 1822 Heius.
260 1791 339 1821 Vat.
368 1790 478 1820 Livin.
503 1789 589 1818 Exc.
616 1787 739 1817 Petav.
765 1788 879 1825 quart.
902 1783 984 1813 Var.
1009 1782 1077 1812 LL.
1110 1790 1128 1811 e.
1159 1788 1265 1817 marg.
1288 1778 1403 1808 Pan-m.
1437 1778 1568 1808 sEtnam
1605 1788 1607 1791 ·

99 1835 178 1865 Yat.
207 1844 256 1875 pr.
283 1833 369 1864 Cod.
390 1831 583 1863 Bartliolin.
609 1830 698 1860 Idam
718 1833 785 1858 tres
803 1828 898 1857 Vatt.
936 1826 1020 1856 idem
1045 1825 1197 1854 Florent.
1230 1821 1296 1851 duo
1324 1819 1419 1850 Med.
1448 1819 1569 1851 Heius.

98 1875 143 1908 H.
161 1877 243 1908 Put.
269 1877 391 1907 Petav.
421 1885 488 1905 sec.
521 1874 633 1905 Oxou.
674 1880 742 1903 sec.
783 1870 860 1901 Iden
884 1868 970 1908 legit
998 1867 1170 1898 Heinsius,
1197 1864 1262 1895 vid.
1291 1863 1364 1894 Lib.
1383 1872 1470 1894 LVS.
1497 1865 1568 1893 199.

100 1926 134 1950 et
166 1922 346 1952 204.—141
373 1921 536 1958 speratque
564 1916 655 1946 simul
686 1915 926 1945 Bonna-142
954 1911 1017 1946 Qui
1041 1913 1161 1940 teneros
1192 1908 1343 1939 Florem.
1381 1907 1459 1936 Cum
1488 1905 1568 1937 Juu.

100 1972 167 1993 see.
183 1963 274 2002 fetus
288 1963 399 1993 humili
414 1962 494 1991 Vat.
513 1961 623 2001 quint.
646 1956 840 1989 commiserat
858 1956 937 1985 Vat.
954 1964 1004 1994 pr.
1024 1953 1176 1983 Florcut.
1200 1951 1286 1990 Reg.
1301 1949 1431 1980 Tliolos.
1449 1947 1569 1979 Ambr.

100 2010 184 2037 tert.
197 2007 310 2038 Oxou.
324 2015 374 2046 pr.
387 2005 466 2037 Juu.
490 2013 557 2034 sec.
573 2003 654 2033 Vat.
672 2000 783 2032 Livin.
800 1999 866 2029 duo
894 1998 992 2028 Voss.
1010 1997 1094 2027 Exc.
1123 1996 1243 2026 Petav.
1264 1994 1482 2033 quarte—143
1505 1990 1570 2021 Ab·

101 2049 206 2078 latura
221 2049 303 2079 Vat.
335 2053 418 2079 tert.
446 2053 482 2078 et
514 2046 622 2087 quint.
661 2044 798 2074 Illatura
814 2042 894 2073 Vat.
926 2041 1145 2081 quarn—144
1170 2038 1214 2068 Et
1236 2037 1342 2067 nidum
1369 2034 1484 2074 gracili
1505 2034 1570 2064 clis-

101 2091 231 2121 cusscrit
261 2101 291 2121 a.
318 2093 426 2120 ventus
454 2090 575 2119 Petav.
605 2097 672 2119 sce.
698 2087 748 2117 Ne
768 2085 884 2125 gracili
906 2084 1014 2114 nidum
1038 2083 1070 2112 d.
1092 2092 1122 2112 a.
1150 2083 1256 2111 centus
1286 2079 1400 2109 Oxou.
1435 2087 1484 2117 pr.
1519 2077 1570 2107 Ne

102 2134 188 2173 Reg.
215 2134 271 2174 qui
299 2138 335 2163 et
366 2132 522 2171 fragilem
550 2131 669 2161 habet.
704 2129 856 2168 gracilem
881 2136 997 2157 omnes
1023 2126 1120 2155 Vatt.
1150 2123 1226 2154 Pal.
1257 2122 1343 2152 Cod.
1382 2119 1570 2151 Bartholin.

99 2176 215 2215 gracili
232 2177 346 2207 Oxou.
381 2185 431 2215 pr.
461 2185 502 2204 iu.
535 2183 602 2204 sec.
620 2174 741 2203 Petav.
761 2175 839 2202 tert.
859 2169 1009 2209 gracilem
1039 2168 1091 2198 vel
1110 2166 1263 2205 fragilem
1288 2165 1402 2195 Oxou.
1429 2172 1496 2194 sec.
1520 2171 1573 2193 ex·

102 2220 230 2249 cusserit
258 2220 338 2250 Vat.
363 2228 430 2248 sec.
453 2217 620 2248 decusserit
642 2216 724 2246 Var.
757 2214 824 2244 LL.
852 2223 869 2243 e
893 2221 1000 2251 marg.
1031 2210 1148 2240 Parm.
1185 2207 1365 2239 discusserit
1398 2207 1503 2237 Gesn.
1536 2209 1572 2235 et

103 2261 157 2292 ed.
176 2262 314 2302 Bipout.
336 2262 443 2301 pinam
470 2269 532 2300 pro
562 2255 1074 2293 nidum130n0n.—·1-15jaceant
1110 2251 1226 2283 homini
1248 2251 1377 2289 furtum
1406 2250 1502 2280 Voss.
1520 2257 1572 2288 pr.

100 2307 228 2344 pateant
244 2304 311 2336 duo
327 2305 425 2334 Vati.
441 2304 523 2333 Var.
551 2303 620 2333 LL.
645 2311 663 2331 e
679 2310 784 2341 marg.
812 2299 928 2330 Parin.
943 2297 1031 2338 fiant
1054 2296 1135 2326 Vat.
1161 2303 1228 2325 sec.
1257 2294 1332 2324 Pal.
1349 2292 1443 2324 Med.
1460 2294 1573 2332 quart.

105 2347 225 2379 Heius.
242 2347 288 2378 H.
306 2348 390 2388 Reg.
418 2347 548 2377 Bonou.
573 2345 684 2376 Oxou.
711 2353 764 2384 pr.
792 2341 914 2374 Ambr.
942 2345 1025 2372 tert.
1055 2339 1183 2378 jaceant
1198 2339 1280 2369 Vat.
1299 2340 1381 2368 tert.
1399 2340 1434 2366 et
1448 2334 1479 2366 d.
1497 2334 1573 2365 Flo-

766 2439 912 2473 NOTAE

149 2534 211 2563 138
233 2531 379 2572 Jag-ales]
391 2532 568 2562 Dracones
584 2528 815 2569 scilicetjugo
871 2525 965 2556 venit
981 2534 1023 2555 ex
1041 2522 1144 2554 nimio
1161 2520 1342 2552 desiderio.
1385 2517 1547 2559 Virgilius
1562 2526 1570 2547 z

108 2582 274 2621 admotos,
291 2583 347 2623 qui
364 2583 502 2613 trahunt
515 2590 650 2612 currum
665 2579 814 2611 Cereris.
871 2577 880 2594 ‘
893 2577 1077 2608 Phaeacum
1093 2572 1334 2605 abscondimus
1351 2569 1467 2601 arces!

150 2635 212 2664 140
247 2632 470 2672 Absconderit]
513 2630 651 2664 Quaerit
688 2638 815 2670 nempe
915 2629 977 2658 142
1004 2625 1106 2666 Orno]
1130 2623 1281 2656 Cuilibet
1307 2621 1432 2653 arbori.

110 2682 215 2713 oculis
228 2683 390 2723 Siciliam,
413 2692 490 2714 cum
506 2681 654 2713 nondum
672 2680 814 2712 abscon·
912 2680 974 2709 143
999 2676 1147 2707 [illatura
1161 2673 1259 2713 cibos]
1283 2672 1373 2706 Quia
1388 2666 1512 2701 volavit
1527 2665 1571 2698 ad

111 2731 201 2764 derit
215 2734 326 2774 Idam,
342 2734 377 2765 id
403 2739 468 2774 est,
491 2733 566 2764 Idae
586 2732 710 2764 montis
735 2740 815 2773 pro·
870 2729 1034 2772 pabulum
1049 2725 1280 2760 referendum.

112 2786 267 2823 spectum
277 2793 319 2815 ex
327 2785 434 2816 oculis
448 2784 613 2825 amiserit,
629 2782 718 2826 quod
735 2791 814 2824 pro-

422 2886 437 2902 Q
