1852 3182
4 1699 5 1703 ’
60 1696 175 1727 omina
200 1705 261 1736 pro
298 1695 501 1726 felicissimis

443 194 506 224 DE
537 195 686 225 NUP‘r.
721 196 906 228 HONOR.
943 199 1001 228 ET
1035 201 1157 231 MAR.

69 292 212 320 tectum.
238 289 360 320 Deirio.

115 337 334 378 Osteneantia]
357 339 450 370 Loco
467 337 659 378 insignium.
684 340 769 372 Quae

67 388 170 420 hodie
187 389 297 430 quivis
315 390 357 420 de
374 388 475 430 plebe
495 387 570 419 fere
587 389 650 420 sibi
667 399 769 430 pecu-

67 438 168 470 liaria
182 439 333 471 habetet
345 439 458 477 sumit,
470 438 549 470 olim
566 440 692 479 magni,
706 450 770 471 nec

68 498 186 520 omnes
218 499 364 531 quoque,
403 488 549 528 Hemes,
579 490 647 520 suis
682 500 770 530 prze-

65 539 170 570 mium
216 545 251 571 et
293 543 546 570 monumentum
584 539 769 570 virtutibus

66 589 311 631 praeferebant.
349 590 404 621 Ita
431 588 544 621 Urbes
573 590 677 621 etiam
700 591 772 630 ple-

65 648 185 680 raeque
206 644 340 671 veteres
363 649 425 671 sua
450 640 624 671 habebant
648 640 772 671 indicia

65 687 252 721 domestica
267 690 489 730 ingenuitatis
513 690 614 722 avitae
632 695 692 722 aut
713 691 771 722 do-

63 739 283 771 mesticorum
301 739 475 773 decorum.
501 741 619 773 Barth.

109 793 171 822 184
194 789 338 832 spissata
362 792 523 832 recedunt]
548 792 681 822 Pulsata
705 791 771 823 Lu-

66 850 159 874 cenS.
189 842 313 883 Isingr.
345 843 443 883 prim.
472 843 585 874 Vatic.
615 843 772 874 etmulti

66 892 123 923 alii
138 903 146 922 :
165 902 225 932 pro
247 893 336 933 puris
352 892 560 933 Aquilonibus
575 893 772 924 Pricaeanns

66 943 178 974 nudis.-
211 947 294 983 puto
319 953 380 983 pro
395 944 499 974 sadis:
523 953 585 984 pro
600 945 771 974 clarescunt

65 991 165 1031 Alpes
179 992 214 1022 in
231 992 346 1023 multis
361 998 517 1024 veterum
537 997 696 1024 rarescunt
712 993 770 1024 im-

66 1041 144 1072 bres.
172 1043 219 1073 D.
238 1043 360 1074 Heius.

108 1095 169 1123 185

64 1141 181 1174 Barth.

107 1194 171 1223 186
195 1192 326 1231 Ignorat
349 1191 466 1232 dicere]
488 1191 542 1223 Ac
567 1191 595 1223 si
616 1191 770 1233 dixisset,

64 1242 170 1274 Miles
184 1252 259 1274 sese
276 1243 435 1283 ignorare
452 1242 548 1273 dicit.
584 1242 683 1273 Idem.

108 1295 169 1324 187
193 1293 355 1323 Mavortia
371 1292 462 1332 signa
484 1292 649 1323 rubescunt
665 1292 768 1324 Flori-

64 1341 136 1383 bus]
160 1342 339 1383 Prodigio,
364 1343 424 1381 ait,
447 1343 607 1384 quopiam
637 1347 769 1374 contes-

64 1398 159 1424 tante
176 1393 321 1424 Veneris
349 1393 546 1432 adventum,
571 1393 668 1433 signa
682 1392 769 1424 mili-

64 1444 151 1475 taria
167 1453 266 1474 omen
282 1444 414 1475 laetitiae
432 1443 580 1482 dedisse,
593 1448 629 1474 et
646 1448 768 1484 sponte

62 1504 134 1533 sua,
149 1493 289 1525 floribus
302 1504 344 1524 ex
360 1504 395 1525 se
409 1494 497 1525 natis
522 1494 661 1534 vestita,
672 1494 768 1535 Nup—

62 1545 178 1575 tialem
206 1545 404 1585 Principum
428 1544 664 1584 festivitatem,
682 1545 768 1575 Deae

64 1595 191 1635 geniali
234 1596 414 1636 applausu,
451 1600 643 1626 contestata
681 1604 766 1626 esse.

62 1646 160 1677 Talia
178 1651 290 1676 autem
308 1644 500 1675 florentium
517 1650 638 1685 sponte
656 1654 768 1675 rerum

543 1695 767 1726 habebantur.

212 1093 306 1124 Puris
346 1092 554 1133 aquilonibus]
602 1091 771 1125 Purificis.

4 1776 5 1779 ,
61 1747 179 1778 Barth.

4 1782 6 1798 ἱ
106 1800 169 1829 190
194 1797 382 1837 Gradivum,
397 1796 495 1828 nostri
510 1794 651 1835 comites]
689 1797 770 1827 Nos-

62 1851 123 1880 troe
153 1857 222 1880 sec.
252 1848 449 1879 Vaticanus.
480 1848 527 1878 sic
563 1847 607 1878 de
632 1847 768 1878 Venere

63 1899 215 1941 Epithal.
233 1899 416 1938 Celerinae,
436 1900 446 1915 ⁴
461 1897 580 1929 Idaliae
598 1899 699 1938 juxta
722 1897 768 1929 fa-

0 1971 7 1993 Η
61 1949 184 1980 mulae.'
208 1959 313 1989 supra
323 1948 468 1989 bocipso
481 1948 652 1988 poEmatQ
667 1950 676 1965 ‘
687 1948 767 1980 dex-

0 1994 7 2014 *
60 2005 115 2031 tra
131 2001 285 2042 laevaque
301 2009 432 2031 sorores
454 1999 601 2031 Stabant
623 1998 767 2030 Idaliae.¹

7 2050 9 2100 ζ
61 2051 107 2083 D.
125 2051 238 2082 Heius.

106 2105 166 2134 191
193 2102 307 2141 Igneus
340 2102 450 2132 horror·
489 2101 673 2141 leracum]
704 2101 768 2132 Lu·

8 2151 9 2193 ff
61 2162 136 2185 cem
156 2153 348 2194 quampiam
374 2151 560 2183 timendam
575 2162 593 2182 a
609 2162 643 2183 se
660 2151 770 2192 fulgu-

8 2199 10 2231 ·Ϊ
62 2214 141 2237 rans
179 2209 215 2236 et
254 2214 401 2236 vomens.
447 2204 618 2236 Adulatur
655 2209 768 2236 autem

9 2264 11 2290 ;
40 2256 295 2292 .Stili‹·lionem‚
313 2256 406 2285 velut
428 2254 460 2285 in
474 2255 648 2296 perpetuis
667 2255 768 2286 armis

10 2327 11 2337 1
62 2316 125 2347 pro
153 2306 346 2347 Republica
387 2305 645 2344 excubantem3
679 2306 767 2347 quod

10 2361 11 2376 ³
63 2366 145 2388 sane
173 2362 208 2389 et
234 2356 318 2389 fecit
346 2357 395 2387 vir
414 2367 485 2388 suae
514 2356 628 2388 aetatis
646 2358 768 2398 prinia-

10 2398 12 2419 ἶ
61 2409 140 2440 rius.
166 2410 282 2441 Barth.

107 2462 169 2492 193
194 2460 303 2500 Sient]
328 2461 382 2492 Ne
396 2464 608 2498 moveantur,
622 2458 712 2501 quod
731 2458 770 2491 fit

12 2531 14 2556 2
53 2511 102 2543 —in
119 2516 287 2552 perpetua
299 2510 530 2551 expeditione.
554 2510 652 2540 Idem.

109 2564 171 2592 194
197 2562 262 2592 Fas
275 2561 318 2592 sit
344 2564 447 2592 castra
472 2561 562 2601 meis]
586 2560 767 2592 Fescenni-

12 2619 15 2633 ⁴1
65 2611 135 2641 nis:
159 2613 326 2642 ‘Cessent
350 2612 438 2651 litui,
470 2621 666 2652 saevumque
694 2621 768 2652 pro-

63 2661 120 2691 cul
137 2661 285 2691 Martem
303 2661 386 2691 felix
404 2662 494 2692 taeda
511 2662 664 2702 releget!
694 2662 745 2693 Id.

108 2714 168 2741 195
197 2710 302 2750 Tibia]
321 2712 493 2751 Nuptialis
506 2713 650 2744 Musica.
668 2714 766 2745 Idem.

107 2764 171 2793 196
195 2762 292 2794 Molle
321 2762 397 2804 lyrae
423 2762 600 2804 festumque
638 2765 767 2805 canant]

1415 198 1529 241 1379

826 291 1037 334 Faustumque
1064 295 1205 326 Lucens.
1233 297 1375 337 Gyrald.
1404 303 1527 344 aliique

823 343 987 374 nonnulli.
1015 345 1110 375 etsie
1126 355 1167 376 ex
1186 347 1255 377 suis
1270 348 1441 383 Scliottus.
1457 364 1529 392 pro.

822 393 876 424 bv.
899 392 1020 424 ‘fausti
1050 395 1214 434 juvenum
1248 398 1410 437 plausus.’
1448 402 1527 442 I-Tpi-

823 443 902 474 thal.
932 444 1109 476 Celerinzr.
1142 447 1161 477 l.
1192 456 1216 478 1.
1247 448 1289 478 (le
1323 449 1424 489 Rapt.
1464 453 1529 483 ‘lit

822 491 952 524 faustae
983 495 1046 525 alio
1075 498 1288 528 succendunt
1319 499 1444 530 lumine
1476 506 1532 532 tae-

822 544 905 574 das.’
930 555 990 584 pro
1009 546 1145 585 vulgata
1164 553 1275 579 tamen
1292 554 1384 580 stant
1400 551 1528 590 primus

821 593 936 625 Vatic.
976 600 1012 626 et
1052 597 1167 636 potior
1207 600 1412 640 reliquorum
1442 612 1531 642 pars.

823 653 885 683 pro
899 644 1014 684 spirent
1032 648 1168 677 crateres
1179 648 1316 688 quintus
1331 650 1445 682 Vatic.
1462 661 1532 691 spu-

821 699 916 726 ment.
946 696 990 726 1).
1009 696 1134 728 Heius.

864 746 975 787 Lyrae]
1000 747 1140 788 Nuptiis
1165 753 1201 779 et
1219 749 1304 782 banc
1331 751 1529 794 adhibitam,

823 796 923 836 plena
934 798 1057 828 omnia.
1083 798 1199 829 Barth.

866 848 926 877 197
951 846 1097 887 Spirent]
1120 847 1176 879 Ad
1204 850 1338 889 copiam
1366 851 1433 882 vini
1449 853 1531 883 allu-

823 895 883 926 dit.
940 896 1101 928 Crateres
1129 903 1241 929 autem
1272 899 1426 939 ingentia
1454 911 1532 933 vasa

822 951 932 984 erant,
948 947 980 977 in
1004 947 1152 978 medium
1176 954 1318 989 statuta,
1341 951 1430 981 unde
1453 952 1532 983 lian-

823 996 979 1027 riebatur
995 997 1182 1029 minoribus
1200 1001 1286 1030 vasis
1304 1000 1432 1040 vinum,
1447 1012 1529 1033 con-

821 1046 907 1077 vivis
924 1048 1188 1087 propinandum.
1235 1050 1323 1080 Vide
1342 1051 1530 1091 Pollucem,

822 1103 871 1126 vx.
888 1098 940 1127 11.
965 1096 1063 1127 Idem.

865 1149 928 1177 199
950 1147 1113 1190 Potestas]
1143 1150 1281 1181 Summa
1310 1150 1368 1182 illa
1399 1152 1530 1192 Majes-

820 1200 885 1236 tas,
900 1207 977 1238 quae
1002 1198 1158 1231 absoluta
1181 1201 1275 1231 velut
1292 1205 1447 1241 potestas
1464 1207 1529 1242 est,

818 1246 966 1278 volendo
982 1253 1104 1288 potens
1121 1250 1228 1281 ardua
1243 1261 1399 1292 quaeque.
1432 1251 1531 1283 Idem.

862 1300 926 1329 200
952 1298 1132 1336 confandat
1165 1301 1265 1331 turbae
1291 1301 1452 1342 proceres]
1477 1303 1531 1333 Li·

820 1350 935 1380 centia
950 1351 1119 1390 Nuptiali.

864 1398 1032 1430 Soli-antur
1060 1399 1188 1431 habenis
1217 1401 1360 1441 Gaudia]
1400 1402 1529 1433 Omnes

820 1448 961 1480 liabenae
981 1449 1112 1490 gaudiis
1130 1450 1369 1482 immittantur.
1411 1452 1529 1483 Barth.

862 1501 926 1530 202
951 1499 1076 1537 Festus,
1106 1499 1272 1540 hymenoee,
1290 1498 1395 1540 faces]
1421 1500 1526 1532 Faces

820 1549 908 1579 enim
927 1549 1107 1589 Nuptiales
1124 1549 1352 1590 pingebantur
1376 1551 1409 1580 in
1427 1561 1528 1582 manu

822 1598 1016 1638 Hymenaei.

866 1648 1100 1688 Gratia,flores
1117 1648 1226 1689 Elige]
1250 1649 1446 1680 Gratiarum
1464 1651 1526 1681 hoe

820 1708 952 1730 munus.
977 1699 1094 1730 Barth.

867 1748 925 1789 Tu,
945 1749 1073 1789 Gratia,
1095 1749 1194 1790 flores
1209 1749 1322 1789 Elige]
1357 1749 1478 1780 Malim
1506 1751 1526 1781 Ι

820 1801 908 1840 tege.-
933 1809 1009 1830 nam
1026 1800 1128 1839 legere
1145 1801 1246 1841 flores
1260 1810 1322 1841 pro
1337 1810 1463 1842 carpere
1479 1801 1527 1832 di-

819 1852 954 1883 cebant.
978 1852 1023 1883 D.
1038 1852 1150 1882 Heius.

862 1905 925 1933 203
952 1902 1139 1942 Concordia]
1173 1902 1338 1942 Invocata
1362 1902 1405 1934 ad
1430 1903 1528 1944 Nup-

820 1953 899 1992 tias,
915 1953 1025 1984 veteri
1043 1953 1303 1985 consuetudine.
1329 1954 1426 1986 Idem.

862 2006 925 2035 204
954 2003 1026 2043 Vos,
1039 2007 1176 2044 pennata
1199 2005 1317 2044 cohors,
1342 2015 1525 2046 quocumque

819 2054 975 2086 vocaverit
988 2054 1076 2094 usas]
1099 2054 1337 2095 Scfibendum,
1351 2066 1409 2095 qao
1425 2067 1527 2096 quem-

820 2115 876 2145 que
892 2105 1046 2136 vocaverit
1061 2115 1154 2135 usus:
1181 2105 1282 2136 aliter
1297 2109 1408 2136 tamen
1437 2106 1525 2138 libri.

820 2156 1050 2197 Epitlialamio
1067 2156 1236 2187 Palladii:
1260 2157 1268 2172 ⁴
1284 2157 1431 2188 Pennati
1450 2167 1525 2197 pas-

819 2206 878 2237 sim
897 2207 1006 2247 pueri,
1022 2217 1087 2247 quo
1105 2216 1274 2248 quemque
1291 2207 1427 2238 vocavit
1445 2207 1525 2238 Um-

822 2257 1043 2298 bra‚jacent.'
1067 2258 1110 2288 D.
1130 2258 1244 2289 Heins-

855 2311 926 2339 ’206
952 2309 1138 2349 Funalibus]
1163 2309 1321 2348 Facibus,
1339 2319 1358 2340 a
1383 2308 1520 2340 funibus

819 2359 1058 2391 denominatis.
1084 2360 1202 2390 Barth.

862 2413 924 2441 207
950 2410 1137 2451 Suspendite
1168 2410 1283 2441 lumina
1309 2409 1406 2449 nocti]
1429 2410 1522 2441 Allu-

819 2462 870 2494 dit
908 2462 1100 2494 Romanum
1136 2472 1265 2493 morem
1310 2461 1522 2493 convivandi.

819 2513 966 2544 Noctem
996 2513 1157 2543 videlicet
1181 2522 1313 2544 omnem
1339 2512 1464 2542 ducere
1479 2512 1520 2542 ad

819 2573 984 2594 summum
1015 2573 1119 2604 nsque
1150 2573 1248 2594 mane
1277 2562 1520 2603 perpotationi-

819 2613 892 2644 bus.
918 2612 1014 2643 Idem.

861 2665 925 2694 208
950 2662 1082 2693 Nitidos
1103 2662 1220 2703 postes]
1252 2663 1397 2692 Domum
1421 2659 1519 2690 eniti-

819 2712 945 2753 datam,
967 2718 1001 2743 et
1028 2711 1128 2744 fumis
1158 2709 1413 2743 beneolentibus
1439 2709 1517 2739 ado-

818 2765 923 2796 litam.
