1852 3182
542 197 605 226 DE
640 198 796 227 BELLO
830 200 1119 233 GILDONICO.

96 287 106 304 ‘
122 296 314 329 magnoque
338 290 511 330 optaverit
530 293 670 330 emtum,
689 290 804 323 Intac-

96 342 166 369 tuin
186 340 370 371 Pallanta?
397 342 512 372 Barth.

138 392 200 420 240
226 391 335 421 Pictas
360 391 512 431 infracta]
540 391 703 433 Contusa,
726 404 802 426 cou-

1445 200 1557 242 1405

854 296 905 324 to.-
937 293 1074 327 frustra.
1133 297 1225 328 Nihil
1248 298 1302 329 hic
1333 299 1554 337 difficultatis.

855 344 1042 377 Detectum
1057 347 1186 378 bostem
1201 353 1299 379 vocat
1311 356 1478 390 apertum,
1489 364 1552 385 nou

854 397 1048 428 oecultum:
1090 408 1153 429 nce
1185 398 1412 432 damnandum
1440 403 1476 432 τὸ
1503 406 1553 435 ‹lc-

93 438 223 479 fracta3
264 441 433 482 particula
464 442 551 473 enim
590 449 695 483 auget
733 446 800 476 vim
843 445 942 483 fecto.
970 449 1014 479 l).
1032 450 1152 482 Heius,

94 492 201 523 verbi.

136 543 289 584 Recedet]
332 543 372 574 In
407 544 516 575 vicem
552 544 627 584 ejus
662 545 799 586 objecto

92 591 181 633 odio,
200 596 435 634 terrarumque
459 594 542 626 orbe
559 595 716 627 civilibus
733 598 798 627 dis-

89 643 184 674 sidiis
215 643 377 675 discusso.
434 645 521 676 Sane
552 644 701 678 felicitas
733 647 798 679 fuit

88 693 193 724 seculi
208 694 432 734 compositum
446 695 510 726 hoe
523 695 660 728 bellum.
677 694 795 730 Barth.

133 743 278 782 Infracta
314 745 452 785 recedat]
505 749 533 777 A
565 747 674 784 fratre
711 748 796 779 Isin-

88 794 174 835 grin.
190 794 284 836 prior
298 796 392 827 Leid.
406 796 574 828 Pricaean.
587 802 622 827 et
636 808 718 829 unus
732 799 795 830 Pc-

88 849 156 877 tav.
174 846 272 887 prim.
301 848 413 878 Vatic.
438 856 514 878 cum
532 847 651 878 decem
670 849 745 879 aliis
763 849 795 880 in

77 895 355 935 frutre:fruterna
368 898 585 928 scribendum
600 904 693 938 puto.
711 901 793 930 Bar-

85 947 176 979 thius
206 950 378 989 vulgatam
417 951 623 991 scripturam
662 956 791 983 tuetur.

84 998 128 1030 D.
146 1000 258 1031 Heius.

128 1052 190 1081 241
217 1051 256 1081 In
270 1051 373 1091 primo
393 1052 551 1092 geniture]
592 1053 792 1094 Considera,

82 1099 204 1140 inquit,
231 1101 366 1140 merita,
393 1102 464 1132 sive
492 1103 650 1142 virtutes,
673 1104 790 1135 Gildo—

82 1150 133 1181 nis
149 1160 158 1181 ι
181 1150 215 1181 in
233 1160 287 1181 me
300 1151 458 1192 primum,
473 1157 614 1192 parente
632 1158 702 1185 tuo.
728 1155 791 1186 Lo-

82 1199 196 1240 quitur
212 1200 338 1232 bellum
355 1203 458 1233 civile
484 1213 560 1234 cum
587 1205 738 1236 Maximo
755 1211 790 1237 et

81 1250 233 1291 Victore,
273 1251 395 1293 insigni
440 1254 571 1286 virtute
608 1255 789 1287 Theodosii

81 1301 290 1334 confectum.
315 1303 433 1335 Barth.
450 1317 453 1319 “

122 1354 187 1383 242
210 1353 402 1394 Dissz'dium]
426 1355 605 1387 Discidium
637 1356 700 1396 pri.
717 1358 783 1388 Va-

79 1401 184 1433 tican.
209 1403 333 1444 aliique
362 1405 520 1444 plurimi:
561 1407 620 1437 sed
651 1406 787 1439 frustra.

77 1454 181 1493 paulo
207 1459 286 1486 ante
310 1455 498 1497 habuimus,
520 1457 684 1489 ‘mundus
712 1469 787 1499 ger-

78 1514 246 1546 manaque
263 1506 406 1538 dissidet
424 1507 522 1539 aula)
548 1509 590 1540 D.
606 1509 720 1540 Heius.

120 1555 186 1587 Sub
206 1556 286 1598 ictu]
303 1557 412 1588 Sortis
426 1558 593 1590 nimirum.
640 1560 785 1591 LocutIO

78 1607 321 1646 proverbialis:
346 1609 415 1640 Sub
433 1619 499 1640 uno
527 1610 600 1641 ictu
626 1620 699 1642 esse
716 1622 784 1642 om-

76 1657 141 1689 nia.
187 1658 283 1690 Ictus
300 1660 388 1690 enim
407 1661 519 1692 subita
543 1666 578 1692 et
603 1662 785 1703 improvisa

77 1709 260 1748 percussio.
288 1710 403 1742 Barth.

131 1762 192 1791 245
219 1762 347 1792 Auxilio
368 1762 481 1800 favere
512 1763 620 1804 Getae]
667 1765 784 1796 fovere

75 1808 158 1842 Ald.
173 1816 209 1843 et
225 1813 345 1853 scripti
362 1813 492 1855 aliquot
508 1825 583 1846 cum
603 1816 700 1856 prim.
717 1818 783 1848 Va·

75 1862 132 1892 tic.
158 1863 283 1895 Lucan.
301 1865 310 1881 ‘
325 1865 422 1895 Votis
436 1870 494 1896 tua
507 1865 651 1897 fovimus
667 1868 781 1900 arma!

76 1911 239 1944 Barthius
255 1919 367 1945 tamen
385 1925 446 1955 pro
462 1917 598 1956 vulgata
614 1918 782 1957 scriptura

74 1962 299 2003 digladiatur:
327 1966 492 2004 superiori
512 1976 623 2003 versu,
640 1968 693 2007 qui
722 1978 782 1998 non

73 2013 195 2051 adjuvit
211 2024 296 2045 tinus
313 2015 440 2046 Medic.
469 2017 636 2048 concinne
656 2029 663 2048 ι
691 2023 726 2048 ut
744 2025 779 2049 et

73 2064 273 2096 Palatinus:
300 2069 439 2104 egentem
456 2067 573 2097 attritio
600 2074 781 2107 praetcrea,

69 2125 137 2147 non
150 2120 283 2156 euntem,
296 2128 381 2148 unus
395 2117 554 2149 Ainbros.
574 2119 665 2149 Naso
676 2120 778 2151 Trist.

71 2174 96 2197 1.
112 2166 164 2198 El.
182 2176 232 2198 ιν.
255 2168 263 2184 ‘
278 2169 387 2199 Causa
409 2179 484 2199 mea
501 2175 555 2199 est
571 2170 702 2208 melior,
719 2171 776 2211 qui

71 2226 137 2248 non
153 2218 325 2249 contraria
349 2218 416 2249 fovi
441 2218 570 2250 Arma.’.
596 2220 639 2250 D.
664 2220 776 2252 Heius.

113 2270 175 2299 247
202 2268 363 2300 Fluitunte
385 2269 471 2310 fide]
510 2269 691 2310 Ambigua,
728 2271 775 2302 in-

71 2319 197 2352 stabili.
226 2321 345 2352 Barth.

113 2370 152 2401 δι’
167 2371 258 2410 signa
271 2371 418 2412 petisset]
447 2372 579 2402 Tulisset
595 2372 662 2403 ‹luo
680 2374 774 2405 Med.

70 2424 106 2451 et
130 2421 242 2452 Palat.
269 2427 306 2453 ut
329 2423 386 2453 lit).
415 2431 455 2453 11.
484 2423 526 2453 de
559 2424 659 2463 Rapt.
683 2424 774 2463 signa

71 2470 149 2501 Deis
162 2472 290 2502 adversa
315 2472 394 2503 tuli.-
420 2482 499 2503 mox
520 2474 639 2504 detecto
659 2476 772 2514 legen-

70 2519 150 2550 dum
163 2531 237 2552 cum
251 2522 404 2552 omnibus
421 2523 569 2563 scriptis.
596 2524 657 2554 uisi
682 2525 771 2565 quod

68 2570 197 2610 primus
226 2572 415 2603 Vaticanus
445 2573 584 2610 desecto.-
621 2575 682 2606 boc
709 2580 774 2614 est,

9 2630 13 2662 ᾗ,
68 2619 301 2652 defectionem
318 2623 455 2654 molito:
481 2626 590 2654 minus
608 2625 771 2665 dolerem,

9 2702 13 2717 ι,
67 2672 95 2703 si
112 2672 224 2712 palam
240 2681 259 2702 a
285 2682 337 2703 me
363 2673 557 2713 defecisset,
580 2686 684 2716 seque
700 2678 772 2708 hos-

10 2746 13 2749 .
68 2727 139 2754 tem
156 2733 267 2754 meum
283 2731 372 2755 esset
401 2725 584 2764 professus.
611 2728 769 2767 lsingrin.

14 2786 17 2794 ν
64 2772 213 2810 defenso.-
247 2773 281 2804 in
310 2773 487 2805 Oiseliano
510 2776 613 2807 etiam
640 2777 769 2815 defecto.

67 2822 322 2866 Rapheiengius
346 2824 503 2858 Delriuin
522 2831 657 2859 secutus
675 2827 771 2866 dejec-

444 2888 459 2905 Q

894 500 957 527 245
985 499 1100 540 obvia]
1126 501 1316 534 Contraria.
1342 503 1456 535 Barth.

896 548 995 579 obi-ia
1011 551 1144 591 detecto]
1175 552 1251 583 Hoc
1278 553 1395 584 dicere
1421 555 1552 586 voluit:

850 598 1094 636 Si‚dcbellatis
1121 601 1287 642 hostibus,
1315 603 1448 635 obviam
1475 606 1552 636 milii

850 658 1063 690 progressus,
1085 657 1216 692 gratam
1232 654 1297 684 sibi
1323 664 1431 686 meam
1448 656 1552 687 victo-

848 700 929 730 riam
954 699 1058 733 fuisse
1085 703 1330 743 significasset;
1364 707 1471 737 minus
1503 708 1550 738 illi

847 759 1094 786 succenserem.
1129 755 1219 786 Quid
1236 755 1469 797 subaudiatur,
1494 768 1549 789 nc-

845 811 899 832 ino
916 812 981 833 non
1011 804 1113 836 videt.
1138 806 1260 837 Delu-io.

887 855 951 883 219
975 854 1118 894 Restitit,
1146 857 1216 896 dra]
1250 858 1401 889 Medium
1428 869 1462 890 sc
1493 870 1548 900 ge·

845 903 964 943 rendo,
980 909 1018 935 ut
1035 906 1082 936 ait
1107 907 1236 947 Livius,
1263 908 1336 939 liaec
1361 909 1462 940 illave
1490 911 1546 941 de-

844 952 1013 993 fcnsurus,
1030 962 1132 996 prout
1164 958 1394 990 invaluissent.
1440 959 1546 992 Arma

845 1010 965 1044 aperta
982 1007 1091 1046 palam
1110 1008 1208 1046 vites,
1221 1010 1269 1039 ait
1285 1010 1439 1050 ''l‘acitus,
1453 1010 1545 1042 fraus

843 1058 879 1084 et
894 1055 989 1086 dolus
1020 1058 1167 1097 occulta,
1187 1068 1292 1100 coque
1322 1061 1544 1092 inevitabilia.

845 1104 969 1135 Clacer.

886 1154 926 1184 In
962 1156 1094 1195 speculis
1123 1156 1208 1197 fati]
1261 1158 1543 1199 Speculabundus

842 1205 1040 1246 Fortunam,
1058 1211 1093 1238 et
1109 1208 1150 1238 ad
1168 1209 1239 1248 ejus
1256 1216 1428 1242 momenta
1444 1210 1543 1243 fidem

840 1256 1032 1288 collibrans
1080 1259 1209 1290 Natum
1226 1271 1243 1290 a
1259 1262 1543 1301 speculatoribus,

841 1308 897 1347 qui
916 1307 998 1338 locis
1028 1309 1110 1339 tutis
1136 1315 1172 1340 et
1189 1311 1266 1341 altis
1284 1311 1439 1351 dispositi
1462 1323 1544 1344 nun-

839 1357 977 1388 ciabant
995 1358 1233 1391 advenientem
1251 1361 1393 1393 hostem.
1425 1364 1540 1395 Barth.

881 1410 944 1438 250
968 1409 1113 1440 Librurit
1138 1411 1280 1450 geminus
1309 1416 1418 1443 eventu
1431 1413 1541 1451 judice

838 1458 932 1498 vires]
970 1461 1045 1492 Quo
1072 1460 1208 1492 fortuna
1230 1463 1388 1503 partium,
1418 1464 1538 1496 eodem

838 1510 910 1549 ojus
932 1511 1120 1542 inclinabat
1136 1512 1244 1544 favor.
1270 1515 1366 1545 Idem.

879 1564 940 1591 251
966 1562 1016 1592 Αιί
1029 1572 1130 1592 rerum
1146 1565 1313 1604 momenta]
1328 1565 1430 1595 Libra
1447 1566 1538 1597 velut

837 1618 1017 1651 praesente.
1064 1613 1235 1654 Momenta,
1264 1620 1366 1645 nutus
1391 1619 1426 1646 et
1442 1625 1538 1647 renu-

837 1667 902 1693 tus.
927 1663 1024 1694 Idem.

881 1716 942 1744 252
969 1715 1109 1746 Fortuna
1137 1716 1230 1746 simul
1260 1726 1328 1746 cum
1356 1717 1463 1748 Marte
1488 1728 1540 1758 pe-

831 1763 956 1803 pendit]
988 1764 1135 1795 Martem
1161 1765 1249 1796 enim
1276 1765 1449 1804 Fortunae,
1472 1767 1537 1799 hoc

835 1819 899 1853 est,
925 1816 1065 1845 consilia
1089 1826 1147 1846 sua
1164 1817 1300 1847 eventui
1323 1822 1405 1857 apta
1420 1818 1538 1850 habuit

834 1866 950 1904 Gildo,
975 1874 1012 1898 ut
1049 1886 1053 1889 -
1081 1868 1289 1899 rmocinatur
1316 1870 1535 1902 Theodosius.

834 1917 963 1948 Noster
980 1918 1089 1948 codex
1113 1919 1215 1949 etiam
1245 1920 1446 1952 erectiorem
1462 1931 1536 1952 sen-

833 1968 974 1998 teutiam
990 1968 1142 2008 praefert,
1158 1970 1190 1999 in
1204 1971 1275 2001 liaec
1287 1971 1410 2002 verba:
1437 1974 1445 1989 ‘
1458 1973 1534 2004 vic·

833 2019 919 2056 tori3
944 2029 1019 2049 cum
1038 2021 1151 2051 Marte
1178 2020 1274 2051 simul
1299 2022 1449 2053 Fortuna
1476 2032 1533 2063 pe-

832 2069 976 2109 pendit.’
1021 2071 1098 2103 Qua
1113 2071 1290 2101 verborum
1308 2072 1532 2104 collocatione

830 2120 932 2151 etiam
956 2121 1101 2151 lucidior
1120 2123 1299 2153 sententia.
1345 2123 1531 2154 Fortunam

829 2180 921 2200 suam
954 2172 1059 2202 Marti
1090 2172 1188 2203 dubio
1220 2173 1428 2213 applicavit3
1465 2174 1529 2205 hoc

828 2228 893 2259 cst,
917 2221 1010 2261 fidei,
1036 2232 1134 2263 quam
1161 2223 1240 2252 milii
1256 2223 1416 2262 deLebat,
1433 2223 1532 2254 ratio-

827 2280 903 2301 nem
921 2282 1055 2311 prorsus
1073 2274 1194 2303 nullam
1211 2273 1340 2303 habuit.
1365 2272 1463 2304 Idem.

869 2322 973 2353 Simul
1001 2333 1067 2352 cum
1093 2323 1200 2353 Marte
1222 2322 1382 2362 pependit]
1421 2323 1530 2354 IlIente

826 2372 968 2413 Gyratd.
997 2378 1032 2404 et
1062 2384 1122 2404 sex
1152 2374 1207 2404 alii
1243 2384 1318 2404 cum
1357 2375 1530 2414 excerptis

826 2423 1006 2464 Pomponii
1047 2426 1201 2456 Vatican.
1257 2425 1346 2465 quod
1388 2424 1527 2456 damnat

825 2474 997 2506 Bartliius.
1029 2477 1116 2515 prior
1142 2486 1211 2506 cum
1233 2479 1333 2505 mente
1366 2475 1526 2506 Mazarin.

825 2526 907 2556 Mox
937 2527 1007 2557 Etsi.
1023 2536 1082 2567 pro
1113 2528 1142 2556 0
1157 2528 1185 2557 si
1208 2528 1296 2558 idem
1327 2526 1467 2567 Gyrnld.
1491 2533 1527 2557 et

824 2577 1015 2608 octodecim
1054 2588 1096 2608 ex
1146 2579 1289 2608 nostris:
1327 2587 1366 2607 ac
1407 2577 1524 2617 prim-ce

828 2627 911 2658 Edd.
952 2629 1126 2668 Excerpia
1159 2629 1237 2658 Fut.
1280 2628 1325 2657 Ac
1352 2627 1391 2657 si.
1420 2627 1523 2656 Forte

825 2677 964 2712 Quodsi.
985 2688 1058 2708 nam
1076 2683 1214 2718 ‹piat-tus
1231 2678 1385 2708 vatican.
1428 2676 1470 2706 Ut
1484 2676 1523 2706 si.

823 2727 866 2758 D.
881 2728 1000 2758 Heius.

865 2780 926 2807 253
956 2777 1086 2816 Cupidis
1101 2775 1209 2814 astris]
1233 2775 1287 2806 Sic
1304 2773 1523 2806 blandiuntur

821 2827 1040 2868 Principibus
1057 2826 1124 2857 suis
1137 2825 1256 2858 Po'etae
1270 2835 1278 2858 :
1303 2824 1467 2858 Horatius
1479 2825 1522 2856 ad
