1851 3213
296 193 412 237 1042
706 203 781 233 cn.
814 198 1098 233 cLAUDrANl
1132 196 1344 228 xxxvii.

299 299 511 341 Enceladi
525 298 669 355 jussis
689 310 811 339 mare
832 297 1010 339 serviat.
1054 294 1177 336 Alter
1196 294 1387 334 habenas

298 367 485 410 Aurorae
505 381 583 421 pro
604 367 710 408 Sole
730 368 864 418 regat.
924 365 989 405 Te
1012 362 1232 417 Delphica
1250 362 1399 402 laurus
1700 387 1702 389 >

300 435 508 488 stringat,
530 434 821 487 Porphyrion,
839 431 1118 484 Cirrhaeaque
1134 429 1297 482 templa
1313 430 1472 468 teneto,
1700 419 1760 461 35

302 503 392 544 His
411 503 489 543 ubi
509 501 705 544 consiliis
725 500 894 540 animos
914 499 1048 539 elusit
1069 499 1239 546 inanes,

301 570 329 611 J
335 583 406 611 am
428 569 607 610 credunt
626 567 789 609 vicisse
811 566 948 616 Deos,
965 564 1208 617 mediisque
1230 562 1472 603 revinctum

304 637 560 690 Neptunum
579 634 771 676 traxisse
791 633 924 675 fretis.
978 631 1069 672 Hic
1090 634 1276 671 sternere
1296 629 1488 670 Martem

305 704 498 757 Cogitat,
521 703 593 743 hic
614 701 773 743 Phoebi
791 702 961 741 laceros
978 698 1185 739 divellere
1208 697 1365 737 crines.

306 771 399 812 Hic
420 771 505 812 sibi
525 770 739 823 promittit
759 767 992 814 Venerem,
1017 766 1242 818 spiratque
1264 764 1422 804 Dianae
1711 757 1768 797 40
1827 752 1828 764 ³

308 837 581 892 Conjugium,
603 838 858 887 castamque
881 833 1006 886 cupit
1026 831 1187 872 violare
1209 830 1472 871 Minervam.

308 906 482 945 Interea
499 904 694 956 Superos
713 901 958 955 praenuntia
979 902 1194 941 convocat
1210 897 1311 947 Iris,

309 972 400 1022 Qui
421 971 593 1019 fluvios,
616 969 690 1023 qui
709 973 864 1020 stagna
885 967 1046 1007 colunt.
1090 965 1338 1018 Cinguntur
1358 967 1400 1004 et
1426 961 1514 1017 ipsi

309 1039 492 1080 Auxilio
514 1037 697 1078 Manes:
729 1048 809 1075 nec
832 1039 890 1083 te,
923 1032 1206 1086 Proserpina,
1229 1032 1358 1083 longe

314 1105 550 1146 Umbrosae
572 1107 754 1145 tenuere
774 1101 908 1142 fores.
969 1099 1075 1141 Rex
1096 1100 1168 1140 ille
1189 1099 1395 1139 silentum
1715 1092 1774 1137 45
1830 1095 1851 1151 ¹j

310 1246 393 1268 mare
406 1235 528 1267 obediat
544 1235 673 1276 imperio
690 1233 856 1265 Enceladi.-
879 1234 958 1263 alter
975 1232 1069 1272 gigas
1086 1232 1261 1262 moderetur
1284 1228 1446 1269 imperium
1461 1224 1590 1256 orientis
1614 1233 1670 1264 pro
1689 1222 1773 1254 Sole.

312 1281 433 1310 Laurus
449 1280 601 1319 Delphica
615 1281 702 1309 ornet
718 1281 759 1314 te,
785 1287 804 1307 o
822 1275 1032 1315 Porphyrion,
1056 1278 1087 1305 et
1108 1274 1264 1314 possideas
1281 1271 1405 1303 delubra
1424 1269 1558 1300 Cirrhoe.
1606 1267 1776 1306 Postquam

311 1323 417 1352 Terra
433 1320 601 1359 infatuavit
619 1321 667 1351 his
689 1319 862 1350 hortatibus
876 1319 993 1347 animos
1017 1317 1187 1355 gigantum
1201 1325 1305 1352 vanos,
1329 1315 1399 1352 jam
1424 1312 1474 1342 illi
1499 1312 1612 1350 putant
1629 1318 1664 1339 se
1687 1318 1777 1348 supe-

312 1374 395 1394 rasse
411 1364 509 1402 Deos,
536 1367 564 1393 et
591 1363 759 1402 raptavz'sse
778 1362 957 1400 Neptunum
973 1360 1171 1389 constrictum
1192 1368 1249 1397 per
1265 1366 1349 1386 mare
1365 1355 1520 1385 medium:
1542 1352 1591 1382 hic
1601 1351 1696 1390 gigas
1717 1350 1778 1381 sibi

302 1407 405 1448 fingit
421 1409 614 1445 prosternere
630 1405 781 1440 Martem,
806 1403 857 1432 ille
874 1402 993 1432 laniare
1016 1402 1142 1439 capillos
1157 1400 1264 1430 scissos
1281 1397 1454 1437 Apollinis:
1478 1395 1527 1425 hic
1540 1394 1704 1434 pollicetur
1718 1392 1779 1423 sihi

316 1450 474 1484 Venerem,
490 1451 520 1477 et
536 1448 705 1477 meditatur
721 1445 953 1475 matrimonium
976 1443 1103 1480 Dianae,
1130 1445 1159 1472 et
1176 1443 1264 1471 ardet
1279 1444 1422 1480 stuprare
1434 1438 1611 1469 BIinervum
1623 1435 1780 1477 pudicam.

316 1491 450 1521 Interim
465 1490 528 1519 Iris
543 1488 722 1528 praenuntta
748 1489 915 1526 congregat
932 1486 1015 1517 Deos
1030 1485 1083 1524 qui
1100 1484 1243 1515 habitant
1262 1483 1401 1523 fiumina
1417 1485 1447 1511 et
1463 1484 1588 1519 stagna.
1635 1477 1780 1513 Quineti-

314 1542 364 1562 am
378 1533 438 1572 ipsi
456 1533 567 1563 Manes
582 1532 789 1569 accinguntur
812 1529 853 1559 ad
879 1528 1060 1568 proesiclz'um
1071 1538 1083 1563 ‚·
1105 1537 1202 1565 neque
1218 1526 1326 1563 januce
1342 1525 1478 1554 obscuroe
1494 1525 1524 1553 te
1540 1522 1780 1552 retardaverunt

311 1575 430 1615 procul,
447 1574 680 1614 oProserpz'na.
726 1572 842 1602 Rector
869 1571 920 1601 ille
946 1572 1112 1607 tacentum,
1137 1569 1254 1608 Pluto,
1274 1567 1383 1606 fertur
1408 1575 1499 1597 curru
1514 1563 1647 1604 inferno,
1665 1566 1695 1594 et
1711 1562 1782 1604 equi

929 1663 1165 1675 eeeeeeeeeeee

318 1728 406 1754 rent.
429 1723 592 1762 coelumque
617 1721 779 1762 Typhoeus
799 1721 882 1751 Var.
913 1720 980 1750 LL.
1012 1719 1067 1750 ed.
1100 1718 1294 1749 Antv.—33
1317 1716 1428 1747 saeviat
1443 1713 1564 1746 Ambr.
1589 1722 1642 1754 pr.
1673 1720 1784 1742 arenas

317 1773 387 1797 tres
404 1766 498 1797 Med.
531 1774 642 1795 avenas
659 1765 820 1794 Pa1.——34
843 1763 978 1794 Auctore
992 1771 1053 1802 pro
1075 1762 1207 1792 Aurorae
1232 1760 1328 1791 Med.
1347 1769 1416 1790 sec.
1455 1759 1539 1796 legat
1565 1757 1630 1787 inc.
1658 1754 1781 1785 Heins.

318 1809 470 1850 Delphica
486 1808 576 1838 tellus
588 1806 682 1838 Med.
699 1815 767 1837 sec.
786 1806 870 1837 Exc.
886 1806 962 1836 Pat.
977 1807 1132 1835 νεα-35
1158 1803 1301 1843 Stringct
1316 1803 1398 1833 Vat.
1415 1801 1524 1832 Livin.
1539 1800 1621 1830 Exc.
1638 1798 1784 1829 Lucens.

319 1861 369 1892 pr.
390 1852 471 1883 Var.
487 1851 553 1882 LL.
570 1860 588 1881 e
602 1859 706 1888 marg.
724 1848 837 1879 Parm.
862 1848 1037 1888 Porphyrio
1053 1847 1129 1878 vat.
1147 1847 1254 1877 Livin.
1281 1844 1431 1883 meurio
1450 1843 1528 1884 Vat.
1547 1852 1596 1882 pr.
1617 1840 1786 1880 Circeaque

320 1894 401 1926 Var.
418 1895 486 1925 LL.
504 1893 557 1924 ed.
576 1894 678 1922 Antv.
702 1894 804 1922 teneto
822 1896 965 1932 quatuor
985 1890 1076 1921 vatt.
1107 1890 1172 1920 inc.
1192 1889 1313 1919 Heins.
1345 1888 1426 1918 Put.
1444 1887 1565 1917 Petav.
1582 1893 1632 1923 pr.
1649 1883 1782 1913 Bonon.
1831 1894 1832 1903 ι

320 1937 448 1967 Moret.
467 1946 516 1975 pr.
541 1935 625 1966 Cod.
651 1935 685 1965 S.
704 1934 808 1965 Galli.
845 1933 951 1964 tenebo
969 1932 1080 1963 Oxon.
1097 1942 1163 1963 sec.
1180 1933 1266 1962 Exc.
1280 1931 1359 1961 Pat.
1384 1938 1454 1960 rec.
1486 1927 1602 1959 tenebit
1623 1925 1698 1956 Pal.
1716 1924 1783 1955 duo

322 1978 418 2010 Med.
442 1978 558 2009 tenebis
584 1978 663 2008 Vat.
688 1981 770 2007 tert.
798 1977 893 2006 Rott.
922 1976 1025 2006 Oisel.
1051 1976 1201 2006 Floreat.
1230 1973 1324 2005 Med.
1340 1983 1410 2003 sec.
1436 1971 1559 2002 Petav.
1575 1978 1644 2000 sec.
1662 1966 1785 1998 Ambr.

321 2026 401 2052 tert.
415 2021 500 2052 Cod.
517 2019 768 2060 Epigr.A1nbr.
785 2019 841 2049 ed.
865 2019 983 2048 Parni.
1006 2019 1090 2048 Exc.
1119 2019 1262 2048 Lucens.
1291 2025 1341 2055 pr.
1365 2017 1465 2046 tenete
1482 2012 1602 2044 Ambr.
1627 2019 1678 2050 pr.
1702 2012 1786 2040 tene-

322 2063 395 2094 bunt
412 2064 616 2094 Barth.-—3ss
634 2062 767 2093 animose
781 2061 853 2091 lusit
870 2061 936 2091 duo
954 2061 1050 2091 Vatt.
1069 2060 1143 2090 Pal.
1165 2065 1231 2089 tres
1246 2058 1427 2090 Mea—37
1443 2056 1592 2086 revictum
1609 2054 1674 2083 duo
1690 2052 1785 2083 Med.

321 2106 442 2137 Petav.
469 2109 625 2136 sec.—-38
649 2104 795 2135 transisse
819 2104 894 2133 Pal.
921 2103 987 2133 dno
1013 2102 1107 2133 Med.
1139 2101 1256 2132 Ambr.
1280 2105 1362 2131 tert.
1397 2100 1486 2129 radis
1514 2107 1576 2137 pro
1591 2095 1691 2134 fretis
1716 2093 1786 2125 inc.

323 2148 442 2179 Heins.
465 2151 596 2179 matrem
612 2158 672 2187 pro
691 2147 829 2177 Martem
848 2146 893 2176 id.
914 2145 1123 2176 Heius—39
1146 2145 1273 2174 evellere
1289 2143 1419 2173 Buslid.
1437 2141 1583 2172 devellere
1599 2138 1652 2168 ed.
1670 2138 1787 2168 Parm.

320 2191 466 2221 divellere
482 2190 548 2221 dno
565 2190 683 2221 Ambr.
702 2190 825 2219 Moret.
844 2198 894 2227 pr.
909 2189 990 2218 Vat.
1008 2187 1118 2218 Livin.
1134 2187 1218 2218 Cod.
1235 2189 1266 2217 S.
1284 2185 1374 2217 Galli
1392 2189 1428 2215 et
1445 2184 1531 2214 alter
1547 2182 1589 2212 ab
1609 2180 1728 2211 Heius.
1745 2179 1785 2210 li-

323 2239 398 2264 tera
413 2234 437 2263 J
453 2238 603 2271 notatim,
618 2232 728 2263 Oxou.
743 2241 808 2262 sec.
824 2232 906 2261 Exc.
919 2231 1000 2260 Vat.
1013 2232 1168 2261 ree—40
1184 2229 1345 2269 promittet
1360 2227 1452 2257 Med.
1468 2235 1519 2266 pr.
1534 2225 1692 2265 spiratque
1702 2222 1786 2253 Vat.

325 2286 374 2316 pr.
393 2286 433 2306 m.
457 2279 593 2315 piu—42
619 2274 685 2312 Isas
709 2284 770 2314 pro
801 2273 865 2304 Iris
889 2273 1107 2303 Rasum—44
1132 2275 1246 2303 matres
1272 2280 1333 2311 pro
1360 2270 1472 2300 Manes
1495 2268 1569 2299 Pal.
1595 2266 1662 2296 duo
1687 2265 1786 2296 Med.

323 2322 363 2350 45
388 2322 512 2350 tenuere
527 2329 619 2349 morae
635 2319 716 2349 Exc.
734 2318 809 2348 Pat.
834 2326 900 2347 rec.
917 2326 961 2346 m.
978 2318 1114 2357 [πη-47
1139 2317 1299 2345 mutantur
1325 2311 1456 2344 Buslid.
1495 2309 1687 2351 trepidosque
1710 2307 1787 2339 Pal.

987 2417 1128 2448 NOTAE

368 2498 409 2526 34
437 2494 605 2535 Delphica]
630 2493 772 2526 Qualem
789 2492 876 2532 gerit
904 2491 1029 2532 Apollo
1086 2495 1136 2523 tes
1171 2491 1204 2521 in
1227 2494 1353 2522 terram
1371 2485 1617 2525 caderent‚Dii
1634 2483 1736 2515 etiam
1753 2483 1788 2514 in

326 2546 529 2586 DelphicuS‚
546 2555 604 2576 seu
621 2544 764 2583 Delphis
782 2543 951 2574 adoratus
1086 2547 1194 2573 terras
1206 2539 1413 2571 descendere
1431 2537 1639 2567 dicerentur.
1663 2534 1789 2565 Isthaec
1831 2548 1833 2554 v

368 2600 407 2627 35
422 2595 594 2635 Cirrhaea]
623 2594 743 2625 Cirrha
761 2593 923 2633 oppidum
941 2593 1030 2623 Pho-
1086 2602 1185 2633 porro
1199 2601 1262 2622 non
1282 2599 1356 2621 raro
1370 2587 1503 2619 nuntiat
1520 2586 1596 2617 1ris.

326 2647 409 2678 cidis
426 2647 466 2677 ad
483 2646 631 2676 radicem
647 2643 817 2683 Parnassi,
833 2642 892 2673 ubi
909 2641 1030 2682 Apollo
1127 2644 1170 2673 46
1192 2640 1331 2679 Lethoeo]
1357 2639 1466 2669 Curru
1490 2636 1599 2675 nigro,
1623 2639 1659 2666 et
1683 2633 1791 2675 qualis
1832 2661 1834 2667 ,

329 2696 487 2737 religiose
511 2695 699 2727 colebatur.
1086 2702 1160 2723 esse
1177 2691 1293 2729 debet,
1320 2689 1378 2731 qui
1398 2686 1629 2719 transvehitur
1643 2685 1789 2724 Lethen,
1832 2674 1834 2688 ³

372 2750 414 2779 42
439 2746 517 2786 Iris]
550 2746 686 2777 Dicitur
720 2745 872 2775 Deorum
904 2743 1033 2783 nuntia,
1087 2741 1226 2773 fluvium
1256 2738 1447 2778 oblivionis,
1485 2736 1626 2768 fluvium
1656 2735 1791 2768 Infero-

330 2798 420 2840 quod
438 2807 514 2828 cum
533 2796 668 2837 pluviae,
683 2794 835 2834 fulmina,
852 2798 1035 2835 tempesta·
1089 2802 1173 2823 rum.
