1851 3213
233 170 347 213 1464

232 288 273 310 ce
286 277 549 310 effoeminatum:
570 275 811 307 Eunuchorum
825 276 938 304 autem

231 330 333 361 titulo
349 329 456 370 digni,
473 328 530 370 qui
548 328 610 359 sub
631 325 787 358 Eunuchi
803 323 939 355 vexillis

230 382 379 413 militare
396 384 589 422 potuerunt.
614 378 730 409 Barth.

272 436 337 464 256
361 429 623 472 Hellespontiacis
648 429 728 467 legio
753 425 938 466 dignissima

228 483 344 523 sig-nis]
375 484 460 516 Quae
489 481 652 512 militaret
681 478 745 510 sub
776 477 938 518 auspiciis

230 535 418 575 Principis,
433 542 499 574 quo
523 532 611 562 duce
634 529 831 571 gaudebant
846 528 938 559 vide-

229 585 312 616 licet
340 583 496 615 Eunuchi
519 582 566 613 illi
584 580 781 612 Orientales
798 583 937 610 noctur-

229 636 281 667 nis
295 635 404 666 bellis.
440 635 503 666 Est
520 631 743 673 opprobrium
760 630 936 670 patientiae

227 685 424 718 muliebris:
462 693 529 714 non
556 683 668 721 aliter,
701 679 936 711 insimulandae

229 736 385 778 ejusdem
419 735 585 773 mollitia),
615 733 780 772 Priapum
818 730 936 762 Cassio

229 787 381 819 Chaereae
400 786 532 825 signum
559 783 709 813 militare
727 781 831 811 dabat
851 781 937 811 Cali-

227 838 314 878 gula.
342 837 490 875 Priapus
506 838 619 865 autem
633 832 866 872 Hellesponto
881 841 937 872 pe-

227 888 357 920 culiare
380 887 525 919 Idolum.
571 884 750 916 Sidonius:
776 884 785 900 ‘
803 883 937 914 Helles-

228 939 381 981 pontiaci
398 943 532 979 patrem
544 935 688 977 Priapi.’
712 936 813 966 Idem.

269 993 332 1021 257
358 987 638 1028 Defensoremque]
661 986 747 1017 Post
762 985 850 1016 bene
864 994 936 1016 rem

227 1051 288 1083 pro
306 1040 499 1081 Republica
520 1043 649 1080 gestam
671 1037 734 1069 hoc
760 1036 861 1068 titulo
877 1036 935 1066 ho-

225 1091 440 1123 norabantur
456 1098 618 1130 proceres
634 1087 795 1119 Romani.
819 1087 919 1117 Idem.

269 1144 334 1172 259
366 1140 564 1172 Distendisse
583 1138 696 1178 genas]
735 1137 935 1168 Contendisse

224 1193 356 1234 primus
369 1191 562 1231 tertiusque
573 1188 731 1221 Vaticani
742 1192 778 1219 et
792 1187 938 1218 Oiselia-

226 1254 298 1276 nus.
324 1244 372 1273 D.
386 1242 500 1273 Heius.

267 1297 332 1326 260
360 1291 486 1332 Tineas]
512 1290 664 1328 Calvam,
686 1299 704 1319 a
721 1287 935 1319 teredinibus

226 1350 261 1376 et
287 1344 390 1376 tineis
422 1350 571 1372 exesam.
615 1340 748 1379 Supra:
788 1339 797 1355 ‘
816 1342 935 1378 turpes

226 1395 385 1428 Exedere
400 1397 508 1433 caput
524 1391 647 1422 tineae.’
672 1389 788 1421 Barth.

268 1448 332 1477 262
362 1444 455 1476 Ultra
479 1442 653 1483 nequitiam
669 1439 802 1480 fractis]
846 1439 935 1470 Mol-

223 1496 308 1528 litiae
325 1505 394 1526 suae
417 1494 546 1525 addens
571 1493 753 1533 ploratum,
777 1499 844 1532 quo
865 1499 935 1521 ma-

225 1548 276 1589 gis
292 1547 396 1578 etiam
413 1544 550 1585 frangat
565 1553 696 1583 vocem,
712 1542 864 1583 alioquin
887 1540 934 1572 ef-

224 1597 447 1629 foeminatam.
500 1595 652 1635 Nequitia
683 1598 736 1625 est
769 1592 935 1624 amatoria

225 1649 400 1680 mollities.
445 1646 612 1678 Ovidius:
637 1646 646 1662 ‘
664 1644 728 1676 Ille
741 1653 805 1686 ego
817 1643 934 1685 nequi-

225 1700 286 1731 tiae
304 1699 400 1730 Naso
417 1697 518 1738 poeta
533 1694 642 1727 meae.'

269 1749 409 1789 Fractis]
445 1749 609 1778 Extreme
639 1744 822 1775 enervatis.
868 1743 934 1773 Pe-

224 1800 356 1832 tronius
387 1797 483 1829 Bello
508 1795 626 1826 Civili:
666 1794 731 1824 ‘In
760 1795 934 1824 Venerem

223 1849 362 1890 fregere
378 1845 494 1878 viros.'
518 1845 636 1876 Barth.

274 1903 369 1934 Ultra
384 1898 556 1940 nequitiam
575 1895 708 1936 fractis]
743 1896 845 1927 Fictis
869 1896 937 1937 pri-

224 1962 281 1985 ma
302 1952 356 1983 ed.
385 1949 528 1991 Gyrald.
556 1952 592 1979 et
610 1957 693 1978 unus
719 1957 761 1978 ex
788 1947 933 1978 nostris:

225 2004 327 2036 male.
352 2002 402 2033 sic
423 2000 513 2041 apud
526 1998 682 2032 Juvenal.
699 1999 708 2014 ‘
722 1996 835 2029 fracta
852 2007 935 2028 voce

223 2052 390 2095 loquendi
404 2048 587 2082 Libertas.'
611 2048 814 2082 Quintilian.
831 2048 839 2065 ‘
856 2048 935 2079 Non

224 2105 315 2138 enim
333 2113 475 2146 puerum
490 2101 647 2134 foeminea
668 2100 761 2131 vocis
778 2099 935 2130 exilitate

225 2154 341 2195 frangi
358 2153 457 2185 volo.'
491 2151 671 2193 Apuleius,
688 2151 775 2181 Met.
795 2159 875 2181 vui.
891 2149 936 2180 de

226 2205 398 2237 Cinaedis:
423 2206 431 2220 ‘
448 2203 506 2245 qui
528 2202 646 2234 statim
670 2201 884 2232 exsultantes
901 2200 934 2230 in

226 2256 401 2298 gaudium,
425 2254 550 2292 fracta,
567 2262 680 2291 rauca,
700 2256 736 2284 et
752 2250 936 2283 effoemina-

226 2312 265 2339 ta
287 2315 371 2337 voce
395 2305 559 2335 clamores
581 2305 726 2335 absonos
749 2302 934 2334 intollunt.'

225 2356 402 2389 Minucius
419 2353 565 2385 Octavio
581 2365 588 2384 z
614 2355 622 2371 ‘
642 2352 766 2384 Adhuc
777 2353 872 2383 annis
885 2352 934 2383 in-

226 2407 429 2440 nocentibus
455 2409 491 2435 et
505 2403 614 2434 adhuc
628 2403 805 2434 dimidiata
827 2404 933 2434 verba

226 2456 454 2494 tentantibus,
476 2454 645 2495 loquelam
670 2454 743 2493 ipso
767 2452 933 2485 offensan-

226 2507 272 2540 tis
288 2507 414 2547 lingnae
429 2504 597 2544 fragmine
615 2503 822 2534 dulciorem.²
859 2505 934 2535 Sta-

226 2558 295 2590 tius
308 2565 442 2598 quoque
455 2554 621 2594 Epicedio
635 2554 789 2585 Glauciae
807 2556 815 2570 ‘
830 2555 934 2586 verba

227 2607 429 2649 refringere'
446 2606 488 2637 de
505 2605 630 2636 infanti
647 2605 745 2637 dixit.
782 2606 791 2622 ‘
809 2606 932 2637 Molles

227 2658 414 2692 etinfracti
425 2655 557 2688 cantus’
570 2655 660 2696 apud
670 2655 790 2687 Senec.
805 2657 870 2697 Ep.
882 2660 934 2688 90.

228 2710 404 2743 Ennodius
419 2707 701 2750 Epigrammatis:
733 2708 742 2725 ⁴
758 2707 935 2750 Improbe,

441 178 585 210 NOTAE
618 176 890 210 VARIORUM
924 176 976 207 IN
1009 177 1086 208 GL.
1118 177 1304 208 CLAUD.
1338 177 1486 208 XVIII.

990 271 1069 313 quid
1083 271 1202 303 fractis
1216 270 1397 303 confundis
1409 271 1544 313 singula
1555 272 1666 304 verbis
1675 273 1698 304 ?'

988 322 1032 353 D.
1050 323 1278 364 Hieronymus
1297 323 1330 353 in
1347 323 1532 363 Epitaphio
1556 323 1695 355 Paulae:

987 373 996 388 ‘
1014 373 1157 404 Paulam
1183 374 1338 404 audierat
1366 374 1398 404 in
1426 373 1520 405 cunis
1537 379 1572 405 et
1589 375 1699 414 crepi-

988 425 1111 456 taculis
1148 426 1362 457 balbutiente
1407 425 1525 466 lingua
1563 426 1700 457 alleluia

988 481 1139 517 cantare,
1165 477 1319 519 aviaeque
1351 481 1386 508 et
1417 477 1531 507 amitae
1561 475 1697 507 nomina

987 528 1171 560 dimidiatis
1187 529 1296 560 verbis
1309 527 1491 569 frangere!
1509 527 1699 567 Arnobius,

986 580 1008 611 l.
1025 590 1074 611 1v.
1097 580 1106 596 ‘
1123 580 1342 620 crepitaculis
1359 579 1506 610 obticuit
1522 577 1647 610 auditis
1662 577 1696 608 in

986 631 1082 661 cunis
1094 631 1230 671 jacens,
1253 635 1288 661 et
1304 629 1444 661 vocibus
1461 629 1623 660 delinitus
1641 631 1699 658 est

986 680 1164 712 infractis!
1209 680 1402 719 Lucretius,
1430 680 1490 711 lib.
1519 689 1552 711 v.
1587 680 1595 696 ‘
1620 678 1698 710 Nec

986 731 1203 771 crepitacula
1226 731 1274 761 eis
1301 740 1386 771 opus
1413 734 1511 770 sunt,
1529 739 1594 761 nec
1627 730 1698 761 cui-

985 791 1086 822 quam
1114 781 1306 812 adhibenda
1336 785 1388 812 est
1420 780 1526 811 Almae
1554 781 1698 812 nutricis

986 831 1112 862 blanda
1127 835 1228 872 atque
1245 830 1393 862 infracta
1411 830 1570 872 loquela.’
1604 831 1699 862 Mar-

985 883 1100 913 cianus
1127 882 1283 923 Capella,
1309 883 1329 914 l.
1347 891 1398 913 ix.
1422 883 1429 898 ‘
1450 882 1543 912 Mars
1566 882 1696 912 eminus

985 934 1217 975 conspicatus,
1227 939 1356 966 tenerae
1373 943 1449 964 cum
1460 931 1697 964 admirationis

985 985 1106 1016 obtutu
1124 985 1348 1026 languidiore,
1363 983 1505 1015 fractior
1527 992 1611 1014 voce
1629 983 1697 1014 col-

984 1035 1126 1067 laudat?
1165 1035 1270 1066 Aulus
1288 1035 1436 1074 Gellius,
1458 1042 1514 1065 111.
1540 1037 1570 1064 5.
1593 1033 1602 1049 ‘
1618 1042 1696 1064 nam

985 1096 1062 1118 cum
1079 1096 1198 1117 vocem
1223 1086 1294 1127 ejus
1318 1085 1503 1116 infractam
1519 1083 1697 1125 capillum-

985 1148 1051 1178 que
1069 1143 1142 1168 arte
1166 1138 1393 1178 compositum
1418 1142 1453 1167 et
1478 1136 1593 1167 oculos
1610 1135 1697 1166 ludi-

985 1187 1117 1218 bundos
1147 1188 1303 1219 videret.'
1349 1188 1392 1217 D.
1421 1186 1622 1217 Ambrosius
1652 1185 1696 1217 de

986 1238 1140 1269 Officiis:
1167 1239 1175 1255 ‘
1194 1239 1271 1269 Vox
1287 1238 1362 1278 ipsa
1377 1247 1445 1268 non
1462 1237 1614 1276 remissa,
1628 1247 1697 1269 non

985 1287 1110 1326 fracta,
1122 1288 1204 1319 nihil
1219 1287 1415 1319 foemineum
1429 1287 1576 1318 sonans?
1593 1287 1696 1328 Apud

985 1339 1203 1380 Xipliilinum
1220 1340 1254 1370 in
1270 1339 1500 1380 Heliogabalo
1526 1339 1612 1379 φωνὴ
1628 1350 1697 1370 κεκ·

984 1388 1126 1429 λασμένη
1152 1390 1289 1422 dicitur.
1326 1390 1478 1421 Isidorus
1503 1390 1564 1421 lib.
1588 1399 1629 1422 11.
1653 1390 1696 1421 de

986 1441 1134 1481 Officiis,
1150 1451 1180 1472 c.
1199 1443 1249 1471 12.
1273 1441 1282 1457 ‘
1301 1450 1365 1471 vox
1391 1440 1529 1471 lectoris
1550 1440 1697 1481 simplex

985 1491 1063 1529 erit,
1087 1491 1189 1531 plena
1212 1491 1336 1531 spiritu
1360 1491 1461 1530 virili,
1486 1500 1553 1522 non
1570 1490 1697 1530 fracta,

983 1551 1048 1572 nec
1076 1547 1206 1581 tenera,
1235 1541 1386 1583 nihilque
1415 1540 1614 1573 foemineum
1643 1551 1696 1573 so-

985 1595 1087 1622 nans!
1107 1591 1280 1632 Sulpicius
1297 1593 1478 1622 servastus
1495 1592 1536 1623 de
1555 1591 1699 1632 Cupidi-

985 1647 1058 1673 tate
1076 1643 1109 1673 in
1134 1642 1324 1673 Catalectis
1350 1642 1497 1674 Pithoei:
1522 1643 1531 1658 ‘
1549 1643 1695 1674 Romani

984 1693 1151 1724 sermonis
1190 1703 1308 1733 egens,
1344 1692 1554 1733 ridendaque
1589 1693 1695 1723 verba

985 1745 1129 1784 Frangit
1153 1745 1196 1775 ad
1223 1743 1398 1775 horrificos
1415 1743 1553 1774 turbida
1577 1743 1695 1784 lingua.

984 1792 1104 1824 sonos!
1130 1792 1295 1833 Avienus,
1317 1793 1399 1825 Fab.
1416 1802 1508 1825 xvn.
1531 1795 1539 1811 ‘
1560 1794 1625 1825 Illa
1640 1804 1696 1835 ge·

984 1853 1092 1883 mens,
1114 1844 1295 1885 fractoque
1324 1845 1416 1885 loqui
1439 1845 1494 1875 vix
1520 1854 1693 1875 murmure

985 1894 1113 1935 coepit.'
1159 1896 1318 1926 Fractum
1346 1894 1507 1926 dicebant
1533 1895 1693 1936 quicquid

986 1946 1107 1976 molle:
1140 1944 1218 1977 hinc
1244 1949 1280 1976 et
1308 1944 1398 1985 apud
1426 1945 1582 1975 Persium
1607 1946 1616 1961 ⁶
1634 1954 1694 1986 pa-

987 1996 1091 2027 tranti
1115 1994 1245 2027 fractus
1270 1994 1403 2026 ocello?
1448 1995 1535 2026 Hor.
1561 1995 1620 2026 lib.
1637 2004 1695 2026 111.

987 2045 1054 2078 Od.
1070 2050 1101 2078 6.
1126 2047 1135 2064 ‘
1154 2047 1272 2077 Motus
1289 2045 1406 2077 doceri
1421 2045 1548 2085 gaudet
1558 2044 1695 2076 Ionicos

987 2097 1126 2128 Matura
1147 2097 1253 2137 virgo,
1279 2101 1315 2127 et
1338 2094 1508 2136 frangitur
1527 2095 1695 2126 artubus.’

985 2148 1042 2179 Sic
1051 2148 1140 2179 enim
1150 2148 1279 2188 optime
1295 2147 1327 2177 in
1341 2146 1581 2178 vetustissimis
1590 2155 1694 2177 mem-

986 2199 1102 2230 branis
1118 2210 1124 2229 :
1151 2197 1398 2240 Vlilgofingitui·
1414 2197 1543 2228 artibus.
1582 2197 1694 2228 Minor

985 2250 1059 2290 ejus
1088 2249 1182 2281 verbi
1210 2249 1416 2289 elegantiam
1444 2247 1693 2288 interpretibus

985 2309 1052 2331 non
1075 2300 1300 2337 intellectam,
1317 2308 1383 2339 quo
1400 2298 1573 2329 mimicum
1597 2298 1692 2329 illum

985 2356 1021 2382 et
1037 2351 1222 2381 resolutum
1239 2350 1405 2380 incessum
1419 2350 1601 2389 expressit.
1626 2349 1691 2380 Pe-

983 2407 1074 2433 tron.
1097 2402 1106 2418 ⁴
1125 2400 1293 2442 fractique
1309 2400 1426 2430 enervi
1442 2408 1585 2439 corpore
1597 2408 1690 2439 gres-

983 2451 1063 2482 sus.'
1103 2450 1274 2481 Prudent.
1304 2449 1549 2489 Psychomach.
1572 2449 1581 2465 ‘
1599 2449 1691 2480 Seri-

983 2511 1089 2543 caque
1102 2502 1134 2532 in
1148 2500 1268 2532 fractis
1281 2498 1418 2530 fluitent
1430 2505 1467 2529 ut
1475 2499 1578 2538 pallia
1587 2509 1690 2531 mem-

984 2551 1080 2583 bris.'
1118 2552 1166 2582 D.
1185 2550 1412 2589 Hieronymus
1428 2549 1468 2579 ad
1488 2549 1688 2581 Rusticum:

983 2604 992 2620 ‘
1010 2602 1078 2635 Qui
1094 2601 1236 2642 gradum
1248 2599 1381 2631 mollius
1395 2598 1588 2630 incedendo
1599 2599 1690 2631 fran-

985 2659 1080 2696 gunt,
1096 2659 1258 2694 tanquam
1272 2650 1404 2682 ferrent
1415 2661 1513 2682 sacra
1524 2651 1690 2684 Juuonis:

983 2704 1155 2746 Sulpicius
1171 2704 1346 2744 Lupercus
1372 2702 1407 2734 in
1431 2702 1619 2733 Catalectis
1635 2702 1693 2733 Pi-
