1851 3213
319 196 433 238 1056
747 206 822 236 cr,-
854 204 1134 236 ccAumANi
1168 205 1362 235 xxxix.

319 302 386 342 Te
407 304 548 342 tamen
566 300 683 342 haud
704 300 853 341 decuit
871 301 1052 354 paribus
1074 311 1332 340 concurrere
1353 297 1467 339 telis.

322 369 541 411 Humanae
559 368 752 422 Superos
773 380 996 421 nunquam
1018 368 1197 419 tetigere
1218 366 1421 419 querelae,

321 435 418 478 Nec
441 450 552 489 vaga
571 449 769 477 securum
791 438 1019 488 penetrant
1038 434 1236 474 convicia
1258 432 1438 473 coelum.

320 503 529 545 Excessit
543 504 640 557 jam
661 514 800 555 poena
818 500 1013 541 modum.
1075 499 1281 540 Concede
1296 498 1478 552 jacenti.

321 571 387 612 En
411 572 578 620 adsum,
599 574 643 610 et
665 570 836 611 veniam
857 567 1090 608 confessus
1113 567 1295 607 crimina
1316 578 1466 619 posco.

321 638 533 679 Manibus
556 637 793 677 Hectoreis
815 639 947 676 atrox
969 634 1141 686 ignovit
1162 632 1374 674 Achilles.

321 705 512 747 Ultrices
536 704 691 744 Furias
711 704 861 743 matris
883 702 1082 755 placavit
1103 701 1297 741 Orestes.

322 771 539 814 Reddidit
557 770 738 811 Alcides
760 769 952 816 Priamo,
971 780 1081 819 quas
1101 775 1290 819 ceperat,
1314 779 1452 807 arces.

325 841 539 882 Pellaeum
555 840 767 892 juvenem
790 835 960 886 Regum
980 833 1145 874 flexere
1167 834 1328 874 ruinae:

323 907 506 948 Darium
526 903 703 944 famulis
730 901 931 942 manibus
954 900 1151 941 doluisse
1174 903 1413 953 peremtum

1728 429 1784 470 10
1799 484 1802 485 γ

1728 765 1785 806 15

322 1037 460 1078 rapuerit
475 1046 533 1076 me,
551 1036 661 1074 ferror
676 1034 790 1065 aetatis
804 1042 943 1074 proeceps
963 1032 1106 1063 incitarit
1117 1042 1163 1063 me
1176 1042 1186 1067 ;
1208 1034 1312 1062 tamen
1333 1041 1392 1062 non
1405 1031 1545 1062 decorum
1552 1030 1622 1069 fuit
1639 1030 1698 1061 tibi
1712 1040 1790 1071 pug-

322 1091 396 1112 nare
422 1080 520 1110 armis
543 1077 706 1109 similibus.
753 1076 965 1112 Querimonioe
990 1075 1147 1106 hominnm
1170 1085 1325 1114 nunquam
1345 1077 1504 1105 moverunt
1523 1074 1618 1113 Deos,
1632 1083 1726 1113 neque
1742 1073 1789 1104 in-

313 1123 412 1162 juriae
427 1123 554 1153 incertae
578 1121 763 1161 pertingunt
783 1119 889 1149 coelum
906 1118 1075 1158 placidum.
1119 1119 1196 1147 Jam
1221 1116 1406 1157 supplicium
1430 1117 1588 1157 praeteriit
1603 1116 1790 1147 moderatio·

322 1176 410 1196 nem:
442 1175 533 1205 parce
559 1164 694 1205 afflicto:
728 1172 794 1193 ecce
821 1160 916 1201 offero
948 1170 1001 1191 me
1027 1164 1057 1191 et
1083 1160 1231 1201 confitens
1254 1161 1374 1199 culpam
1388 1163 1458 1199 peto
1474 1159 1607 1190 veniam.
1652 1158 1791 1189 Achilles

321 1208 453 1238 immitis
465 1208 602 1247 pepercit
620 1205 735 1236 umbris
748 1204 921 1235 Hectoreis.
969 1204 1095 1233 Orestes
1110 1202 1269 1241 mitigavit
1292 1203 1404 1233 Furias
1418 1202 1553 1232 vindices
1565 1201 1704 1242 parentis
1719 1211 1788 1231 suae

324 1251 610 1290 Clytaemncstrae.
669 1248 820 1278 Hercules
845 1245 983 1276 restituit
1011 1246 1141 1276 Priamo
1166 1245 1277 1275 mcenia
1307 1255 1374 1284 qna?
1403 1248 1647 1284 expugnat-erat.
1694 1244 1793 1273 Casus

322 1302 432 1331 regum
443 1293 667 1322 commoverunt
684 1290 832 1328 juvenem
860 1289 1010 1318 Pelloenm
1035 1287 1281 1318 Alexandrum.
1328 1287 1395 1317 Hic
1423 1287 1540 1317 dicitur
1552 1286 1706 1325 gemuisse
1723 1285 1791 1316 Da-

323 1335 405 1366 rium
432 1334 562 1366 occisum
586 1333 728 1363 manibus
753 1331 847 1370 serti,
874 1334 903 1361 et
930 1332 1102 1361 consolatus
1131 1339 1205 1361 esse
1229 1332 1358 1359 mortem
1381 1328 1447 1367 ejus
1472 1330 1587 1360 tumulo
1613 1328 1790 1370 magnifico.

939 1438 1175 1450 eeeeeeeeeeee

326 1524 393 1547 sec.
411 1513 477 1545 duo
491 1514 614 1545 Petav.
639 1513 732 1544 timor
748 1517 818 1544 tres
830 1513 927 1544 Vatt.
942 1512 1021 1543 Pal.
1037 1512 1145 1544 Oisel.
1155 1512 1251 1543 Med.
1268 1522 1319 1552 pr.
1337 1512 1421 1543 Exc.
1435 1512 1579 1542 Lucens.
1596 1519 1649 1551 pr.
1672 1509 1791 1548 ingerit

324 1558 451 1589 Moret.
467 1566 520 1597 pr.
556 1556 654 1594 egerit
672 1557 766 1586 ardor
781 1556 834 1585 vel
859 1564 947 1585 error
969 1555 1053 1585 Exc.
1077 1554 1155 1585 Pat.
1172 1558 1306 1585 rem—8
1331 1555 1385 1585 Me
1398 1558 1502 1585 tamen
1516 1553 1609 1585 Med.
1626 1562 1693 1583 sec.
1708 1552 1790 1583 Put.

323 1604 378 1631 ant
395 1609 455 1640 pro
472 1600 553 1629 haud
569 1598 698 1628 Buslid.
721 1598 809 1628 licuit
827 1598 954 1628 Moret.
974 1606 1024 1636 pr.
1048 1597 1210 1636 perhibent
1228 1607 1287 1637 pro
1298 1597 1426 1637 paribus
1443 1597 1591 1627 Florent.
1608 1594 1705 1626 Med.
1722 1604 1792 1626 sec.

326 1645 390 1672 -9
419 1641 558 1672 Humani
574 1641 654 1670 Vat.
673 1649 723 1679 pr.
740 1650 782 1670 m.
799 1650 849 1679 pr.
885 1639 1017 1679 querelis
1043 1639 1118 1669 Pal.
1136 1639 1229 1669 Med.
1248 1642 1386 1679 pr.-—10
1409 1639 1560 1669 sincerum
1577 1647 1638 1678 pro
1651 1647 1792 1668 securum

327 1684 423 1716 Med.
438 1688 549 1724 quart.
583 1682 722 1712 convivia
750 1692 810 1721 pro
834 1682 969 1712 convicia
996 1681 1079 1712 Var.
1106 1682 1174 1712 LL.
1199 1681 1253 1712 ed.
1282 1680 1471 1712 Antv.--ll
1497 1680 1637 1711 Excellit
1660 1679 1792 1711 Buslid.

327 1726 426 1758 modis
441 1726 535 1757 Mea.
553 1735 621 1755 sec,
644 1726 765 1755 nocenti
781 1725 903 1755 Petav.
931 1726 1087 1754 δρα-12
1113 1725 1163 1754 Εη
1188 1727 1288 1755 sumat
1308 1724 1401 1754 Med.
1417 1733 1467 1763 pr.
1492 1724 1543 1753 En
1558 1725 1682 1753 sumant
1696 1721 1792 1754 Med.

328 1774 439 1810 quart.
477 1769 528 1798 En
554 1769 673 1805 adsum,
701 1769 821 1797 veniam
849 1767 928 1798 Put.
949 1766 1017 1796 duo
1034 1766 1156 1796 Petav.
1176 1767 1304 1797 Bonon.
1323 1766 1441 1797 Ambr.
1462 1770 1542 1796 tert.
1559 1764 1689 1795 Buslid.
1707 1764 1792 1796 Cod.

328 1812 448 1852 Epigr.
466 1809 584 1841 Ambr.
600 1810 684 1840 Exc.
715 1810 791 1839 Pat.
810 1819 877 1839 rec.
894 1808 973 1839 Ald.
999 1809 1079 1840 Var.
1097 1809 1166 1839 LL.
1180 1819 1199 1840 e
1216 1819 1320 1849 marg.
1338 1810 1451 1839 Parni.
1476 1809 1582 1839 adsum
1597 1811 1627 1838 et
1644 1808 1724 1838 Vat.
1742 1816 1792 1847 pr.

329 1855 424 1886 Med.
442 1863 509 1883 sec.
525 1852 591 1883 inc.
607 1851 727 1882 Heius.
743 1853 822 1882 Vat.
840 1852 950 1882 Livin.
970 1850 1054 1881 Cod.
1066 1851 1179 1882 Ursin.
1192 1852 1332 1892 Raphei.
1349 1853 1455 1882 adsum
1471 1855 1503 1882 at
1521 1851 1596 1887 Pal.
1620 1860 1657 1881 en
1673 1849 1794 1880 veniam

328 1896 414 1937 legit
430 1896 553 1926 Heius.
575 1893 745 1932 confessum
771 1894 985 1925 Buslid.—13
1011 1893 1175 1924 Hectoreis
1203 1895 1340 1925 manilius
1368 1895 1442 1925 Pal.
1469 1893 1536 1924 duo
1566 1892 1662 1923 Med.
1695 1902 1794 1923 scetus

329 1939 460 1970 Buslid.
493 1938 621 1977 agnovit
653 1937 747 1967 Med.
779 1939 916 1977 pin—14
946 1937 1083 1967 Ultrices
1112 1936 1262 1967 Florent.
1293 1947 1368 1967 cum
1401 1936 1549 1967 sedecim
1590 1935 1676 1971 aliis,
1708 1935 1793 1966 Exc.

331 1983 475 2013 Lucens.
501 1990 551 2020 pr.
574 1980 652 2010 Pat.
669 1989 734 2010 rec.
758 1978 838 2010 Ald.
863 1984 896 2009 et
916 1979 967 2010 ed.
986 1979 1101 2009 Parm.
1131 1979 1283 2010 Victrices
1309 1980 1437 2010 al.—15
1452 1978 1577 2015 fecerat
1593 1987 1654 2017 pro
1669 1980 1794 2016 ceperat

330 2023 685 2062 Bonon.——16fiexere
711 2022 785 2052 Pal.
804 2022 870 2051 duo
886 2022 979 2052 Med.
994 2021 1121 2062 fluxere
1143 2022 1237 2053 Med.
1266 2025 1402 2061 pr.-l7
1426 2021 1492 2052 Hic
1517 2021 1658 2051 Darium
1673 2018 1793 2050 Ambr.

330 2076 382 2107 pr.
421 2067 466 2096 Et
493 2065 633 2103 fanuelas
664 2064 801 2094 Durium
829 2064 903 2094 Pal.
932 2064 998 2094 duo
1024 2064 1117 2095 Med.
1154 2065 1198 2094 Et
1220 2064 1356 2094 Darium
1372 2063 1503 2102 famulis
1519 2068 1588 2093 vet.
1607 2062 1691 2102 Gyr.
1707 2062 1793 2093 Exc.

332 2109 476 2140 Lucens.
493 2117 543 2148 pr.
567 2106 846 2145 Dariumsamulis
862 2107 926 2138 inc.
944 2106 1064 2138 Heius.
1097 2107 1217 2138 Darius
1234 2107 1312 2137 Vat.
1339 2116 1407 2138 sec.
1432 2104 1550 2144 fanzuli
1575 2104 1693 2136 Ambr.
1713 2108 1793 2135 tert.

988 2200 1134 2233 NOTAE

333 2289 414 2321 ritas
430 2299 596 2330 praeceps,
613 2299 688 2330 quae
706 2299 725 2320 a
751 2292 849 2320 recta
864 2287 967 2320 officii
983 2289 1037 2320 via

332 2350 386 2372 me
403 2340 579 2380 dejecerit.

376 2393 416 2422 10
441 2391 591 2421 Securum
606 2390 728 2429 caelum]
761 2390 859 2421 Licet
875 2390 1036 2421 mortales

333 2440 492 2473 occinaut
521 2440 624 2471 verba
654 2440 810 2481 pessima,
838 2439 894 2469 Dii
922 2443 1037 2469 tamen

332 2492 443 2524 securi
467 2495 655 2531 remanent,
670 2495 706 2521 et
729 2490 780 2520 his
801 2489 939 2520 minime
966 2493 1037 2519 tan-

333 2546 472 2584 guntur.

379 2595 419 2624 12
445 2593 496 2622 En
510 2591 632 2631 adsum]
665 2591 850 2632 Virgilius:
883 2594 891 2608 ‘
906 2591 967 2624 Me
984 2599 1037 2620 me

337 2642 454 2674 adsum
472 2643 529 2683 qui
544 2641 632 2673 feci!

381 2695 421 2724 13
444 2693 594 2733 Achilles]
629 2693 779 2734 Ignovit,
803 2692 883 2723 dum
914 2702 1037 2733 corpus

338 2742 500 2776 Hectoris
514 2742 666 2775 reddidit
686 2742 824 2775 Priamo
846 2742 918 2783 ejus
935 2742 1038 2783 patri.

1091 2290 1182 2327 Hoc,
1198 2292 1233 2320 et
1250 2287 1416 2328 exemplis
1441 2286 1661 2328 sequentibus
1679 2286 1794 2318 horta-

1091 2343 1146 2370 tur
1165 2338 1389 2376 Hadrianum,
1401 2337 1463 2368 sibi
1483 2341 1615 2378 parcat,
1627 2341 1662 2367 et
1677 2337 1795 2368 claris-

1092 2390 1251 2419 simorum
1279 2388 1433 2418 Heroum
1447 2387 1663 2418 clementiam
1684 2386 1795 2418 imite-

1092 2443 1160 2470 tur.

1136 2491 1175 2520 14
1193 2487 1332 2527 Orestes]
1362 2488 1427 2519 Ille
1441 2498 1533 2529 saepe
1548 2487 1724 2520 confessus
1739 2497 1798 2518 ex-

1092 2539 1210 2578 agitari
1228 2548 1263 2569 se
1277 2543 1431 2569 materna
1452 2539 1577 2579 specie,
1595 2538 1795 2569 verberibus

1091 2590 1267 2621 Furiarum
1299 2599 1337 2620 ac
1368 2589 1466 2620 taedis
1497 2589 1705 2629 ardentibus,
1734 2586 1795 2620 sed

1091 2639 1229 2670 tandem
1247 2639 1392 2679 placavit
1408 2639 1511 2669 hasce
1527 2638 1659 2669 Furias.

1136 2693 1174 2720 15
1197 2689 1340 2729 Alcides]
1378 2688 1547 2719 Hercules
1571 2687 1709 2729 Trojam
1737 2692 1794 2720 ex*

1091 2743 1275 2781 pugnatam
1292 2738 1431 2772 Priamo
1447 2737 1609 2770 reddidit.
