1852 3182
545 216 979 247 οιοΑΝΤοΜΑοΗιΑ.
1386 210 1497 249 1045

45 312 175 355 Hunc
198 315 333 353 armat
352 310 550 363 glacialis
571 309 711 350 Athos
729 324 737 350 :
772 310 855 351 hoc
878 310 995 351 Ossa
1015 315 1211 352 movente

39 380 255 421 Tollitur:
288 379 355 418 hic
377 377 618 430 Rhodopen
645 377 785 418 Hebri
807 392 902 419 cum
926 378 1045 420 sonte
1065 379 1250 428 revellit,

40 446 96 487 Et
116 447 260 485 socias
282 445 501 484 truncavit
523 458 678 498 aquas,
703 459 961 499 summaque
982 446 1162 487 volutus
1441 446 1496 486 70

38 513 168 565 Rupe
190 511 428 563 Giganteos
450 511 652 553 humeros
676 513 831 553 irrorat
852 513 1064 566 Enipeus.

40 579 240 620 Subsidit
260 579 424 630 patulis
448 579 576 619 tellus
599 581 692 618 sine
716 580 904 619 culmine
926 580 1112 632 campis,

41 645 91 686 In
108 649 234 685 natos
258 645 400 684 divisa
423 659 542 685 suos.
606 645 859 685 Horrendus
877 645 1041 699 ubique

40 712 81 753 lt
100 712 256 762 fragor,
281 716 323 752 et
345 725 501 764 pugnae
525 713 713 765 spatium
736 712 1003 752 discriminat
1021 712 1110 752 a'er.

38 777 211 819 Primus
234 778 467 818 terrificum
490 778 674 818 Mavors
695 792 781 819 non
805 779 948 831 segnis
971 780 1014 818 in
1037 791 1190 831 agmen
1439 780 1496 820 75

38 843 254 898 Odrysios
274 845 460 898 impellit
481 859 631 899 equos,
655 848 820 902 quibus
844 847 915 886 ille
937 846 1150 897 Gelonos,

37 911 140 953 Sive
161 911 316 961 Getas,
339 914 512 954 turbare
535 914 657 954 solet.
720 913 1024 967 Splendentior
1052 915 1139 966 igni

36 971 208 1020 Aure'us
230 979 423 1020 ardescit
445 981 639 1034 clypeus,
673 982 929 1033 galeamque
949 981 1133 1022 nitentes

34 1109 138 1129 arma:
165 1100 244 1131 Ossa
258 1101 425 1140 attollitur,
441 1101 539 1131 allero
553 1103 712 1133 attollente
726 1112 734 1131 .-
757 1103 836 1133 alius
851 1102 955 1133 avellit
972 1103 1135 1143 Rhodopen
1159 1113 1227 1133 cum
1245 1102 1366 1141 origine
1383 1102 1500 1142 Hebri,

34 1144 63 1172 ct
75 1142 226 1174 abscindit
256 1153 351 1183 aquas
380 1148 539 1182 cognatus,
565 1149 593 1174 et
624 1146 762 1184 Enipeus
791 1146 927 1186 defluens
954 1155 994 1175 ex
1015 1147 1135 1185 scopulo
1150 1147 1212 1176 alto
1227 1146 1341 1184 irrigat
1357 1146 1497 1176 humeros

32 1185 206 1222 giganteos.
252 1186 348 1216 Terra
363 1186 472 1226 absque
489 1187 641 1217 montibus
656 1188 825 1218 distributa
853 1189 883 1218 in
901 1188 992 1229 filios
1005 1198 1076 1218 suos
1090 1188 1285 1228 deprimitur,
1310 1189 1425 1228 campis
1439 1189 1496 1218 im·

36 1227 153 1258 mensis.
199 1228 344 1258 Murmur
359 1229 505 1259 horribile
520 1231 647 1260 auditur
662 1231 783 1271 ubique,
797 1236 826 1261 c!
843 1231 898 1260 a'e'r
913 1234 1035 1270 separat
1053 1231 1249 1261 intervallum
1262 1231 1374 1271 praelii.
1421 1231 1494 1261 Pri-

35 1279 100 1299 mus
118 1270 208 1300 Mars
218 1281 276 1300 non
292 1271 426 1311 impiger
442 1272 553 1303 incitat
570 1283 659 1312 equos
673 1284 748 1304 suos
769 1273 913 1304 Thracios
924 1274 954 1303 in
968 1277 1107 1304 catervas
1121 1273 1276 1304 terribiles
1291 1274 1494 1313 Gigantum,

33 1311 140 1350 quibus
163 1313 257 1353 equis
270 1313 325 1344 ille
343 1315 434 1344 Mars
449 1316 600 1345 consuerit
617 1319 733 1346 terrere
752 1318 895 1355 Gelonos,
909 1319 964 1346 aut
983 1316 1090 1347 Getas.
1137 1317 1266 1347 scutum
1281 1326 1406 1347 aureum
1423 1316 1495 1355 ejus

33 1353 336 1395 micantiusflamma
352 1358 454 1396 ardet,
479 1361 508 1388 et
533 1358 635 1388 cristoe
652 1362 844 1390 coruscantes
870 1360 1016 1389 attollunt
1039 1359 1186 1390 cassidem
1212 1359 1292 1399 ejus.
1338 1359 1414 1390 Tum
1430 1359 1494 1398 ipse

645 1440 877 1452 eeeeeeeeeeee

34 1486 118 1517 Cod.
133 1488 249 1527 Epigr.
266 1487 383 1519 Ambr.
403 1490 485 1520 Exc.
504 1490 582 1520 Pat.
602 1500 666 1520 rec.
705 1492 825 1521 recellit
849 1501 909 1531 pro
929 1496 1067 1523 coruscat
1086 1492 1165 1523 Vat.
1180 1493 1373 1533 quint.—68
1400 1491 1493 1522 Hunc

31 1539 131 1559 annos
147 1530 260 1561 Oxon.
276 1540 343 1561 sec.
381 1532 477 1561 hiems
507 1541 567 1570 pre
589 1533 689 1562 Athos
716 1533 845 1563 Buslid.
883 1535 932 1564 liic
953 1536 1032 1564 Ossa
1059 1539 1226 1565 moventem
1247 1535 1291 1565 id.
1318 1535 1493 1565 Rus-lid.—

33 1574 73 1602 159
95 1582 161 1602 cnm
181 1573 316 1612 pondere
332 1573 417 1603 vellit
434 1573 487 1604 ed.
505 1574 620 1605 Parin.
638 1584 679 1604 ex
703 1575 909 1614 conjectura.
944 1580 1051 1615 sponte
1080 1577 1155 1607 Pal.
1181 1577 1247 1607 duo
1275 1577 1369 1608 Med.
1403 1580 1495 1615 ponte

33 1619 176 1654 quatuor
192 1614 286 1645 Vatt.
304 1615 416 1645 Oxon.
434 1626 502 1647 sec.
519 1617 646 1647 Buslid.
661 1616 746 1648 Cod.
761 1620 793 1647 5.
812 1618 917 1656 Galli,
940 1624 974 1648 et
992 1619 1070 1648 Var.
1096 1619 1162 1650 LL.
1192 1619 1245 1649 ed.
1270 1618 1372 1649 Antv.
1388 1618 1493 1648 Hein-

33 1657 98 1687 sius
116 1657 222 1687 Haemi
237 1667 306 1688 cum
324 1662 425 1689 monte
447 1659 654 1699 conjecerat,
677 1660 733 1689 sed
763 1665 884 1700 postea
913 1660 1140 1691 demvm—70
1163 1662 1304 1691 curtat-it
1325 1662 1404 1691 Vat.
1424 1670 1493 1692 sec.

35 1699 151 1730 volutus
168 1700 252 1730 Exc.
268 1701 346 1731 Pat.
363 1711 432 1732 rec.
468 1703 588 1732 lavatus
601 1702 724 1733 Moret.
739 1705 874 1742 pin—71
900 1703 1013 1733 irrorat
1029 1704 1094 1733 ine.
1116 1703 1234 1734 Heius.
1250 1704 1334 1734 Exc.
1347 1703 1494 1735 Lucens.

33 1751 83 1781 pr.
114 1746 214 1773 ενοι-ιιι
231 1742 315 1774 Cod.
332 1744 451 1784 Epigr.
469 1743 589 1775 Ambr.
624 1748 754 1775 exornat
778 1746 857 1776 Vat.
882 1750 960 1777 tert.
990 1746 1063 1776 Pal.
1094 1746 1188 1777 Rott.
1216 1746 1322 1777 Oisel.
1341 1746 1492 1778 Florent.

35 1785 153 1816 l'etav.
172 1795 239 1816 sec.
258 1785 390 1818 Buslid.
406 1793 476 1817 tres
493 1787 586 1818 Med.
606 1789 686 1818 Exc.
703 1788 784 1819 Coo.
802 1788 1009 1819 lehem—iz
1032 1788 1184 1819 Subditur
1200 1792 1229 1819 el
1248 1790 1331 1820 Exc.
1350 1789 1495 1820 Lucens-

33 1837 84 1867 pr.
122 1827 263 1859 Subsidis
277 1829 353 1860 Pal.
372 1829 465 1860 Med.
482 1840 531 1870 pr.
562 1829 702 1861 Subsidit
716 1830 820 1862 Oisel.
838 1832 990 1861 Florent.
1007 1831 1073 1862 duo
1088 1832 1182 1862 Med.
1197 1832 1260 1862 inc.
1275 1831 1396 1862 Heins.
1412 1832 1493 1863 Put.

33 1870 98 1901 duo
113 1870 233 1902 Petav.
251 1872 381 1902 Buslid.
400 1872 484 1903 Cod.
498 1873 613 1913 Epigr.
632 1872 753 1905 Ambr.
775 1873 854 1905 Ald.
867 1875 948 1904 Var.
964 1875 1030 1905 LL.
1048 1884 1065 1904 e
1082 1884 1187 1914 marg.
1201 1875 1312 1905 Parm.
1347 1873 1495 1904 Subsedit

33 1913 111 1944 Vat.
129 1923 179 1953 pr.
197 1918 232 1944 et
248 1924 314 1945 sec.
333 1915 415 1946 item
444 1916 521 1947 Vat.
548 1916 656 1946 Livin.
693 1917 980 1956 patuli...montis
1009 1917 1140 1947 Buslid.
1179 1918 1244 1948 sine
1271 1917 1401 1948 crimine
1427 1917 1493 1947 duo

33 1956 126 1986 Van.
164 1956 240 1996 ripis
271 1958 355 1988 Exc.
381 1958 460 1989 Pat.
483 1962 639 1990 rea-73
665 1959 702 1989 In
719 1962 804 1990 vates
819 1959 1055 1990 Florent.-—74
1081 1960 1137 1990 Fit
1155 1959 1274 1998 fragor
1301 1958 1395 1990 Med.
1411 1968 1492 1998 sec„

33 1997 123 2037 quod
138 1999 250 2038 placet
266 2000 505 2031 Heinsio—75
530 2001 685 2044 terrificus
700 2001 766 2032 duo
780 2002 876 2033 Vatt.
893 2003 1042 2033 Florent.
1059 2002 1139 2034 Pnt.
1159 2003 1281 2034 Petav.
1296 2012 1346 2042 ρι’.
1360 2002 1492 2033 Bonon.

30 2041 156 2071 Moret.
182 2051 232 2081 ρι’.
261 2042 374 2074 Oxou.
403 2053 472 2074 sec.
499 2045 582 2075 Cod.
610 2045 726 2084 Epigr.
746 2044 864 2076 Ambr.
882 2045 963 2076 Var.
980 2045 1048 2076 LL.
1066 2045 1120 2076 ed.
1137 2044 1331 2079 Auta—76
1356 2045 1494 2075 Otrisios

30 2083 158 2114 Buslid.
196 2085 340 2125 Otrysios
370 2086 448 2116 Vat.
475 2087 583 2127 quint.
611 2088 738 2118 Moret.
763 2097 815 2128 pr.
833 2088 916 2120 Exc.
945 2089 1087 2118 Lucem.
1105 2098 1156 2128 pr.
1195 2088 1342 2119 Odrosios
1354 2088 1436 2118 Cod.
1455 2088 1490 2118 S.

31 2126 132 2157 Galli.
173 2127 310 2166 implerit
334 2137 424 2167 equos
452 2129 612 2160 Par-77
636 2130 824 2169 splendidior
840 2131 967 2161 Moret.
986 2140 1038 2171 pr.
1074 2131 1148 2170 igne
1170 2131 1253 2162 Exc.
1270 2131 1413 2161 Lucens.
1440 2139 1491 2169 ρι’.

30 2171 69 2200 78
93 2169 223 2209 ignescit
248 2170 328 2201 Vat.
360 2175 440 2201 tert.
468 2172 561 2203 Rott.
595 2173 746 2204 Florent.
784 2173 914 2204 nitentis
937 2173 1016 2205 Vat.
1034 2176 1174 2214 piu—79
1196 2175 1355 2214 Aspexere
1375 2172 1491 2204 Ambr.

692 2267 831 2300 NOTAE

70 2332 112 2360 69
135 2329 252 2371 Hebri]
277 2330 415 2363 Hebrus
431 2330 552 2364 fluvius
569 2338 619 2365 est
630 2332 733 2365 Thra-
789 2333 844 2374 qui
863 2332 993 2363 humeri
1011 2332 1086 2363 ideo
1101 2336 1328 2372 asperguntur
1338 2331 1433 2373 aquis
1447 2341 1489 2362 ex

31 2379 102 2410 ciae.
786 2388 901 2415 monte
912 2382 1189 2414 scaturientibus

71 2433 112 2461 ⁷0
135 2430 241 2463 Socios
256 2434 411 2464 truncat-it
427 2433 536 2474 aquas]
572 2433 732 2466 Abscidit
831 2433 984 2474 Enipeus]
1000 2433 1139 2463 Fluvius
1150 2431 1346 2463 Thessaliae.

31 2489 160 2512 cursum
188 2492 351 2523 aquarum
377 2484 558 2523 sociarum,
573 2490 733 2525 cognata·
828 2486 870 2514 74
895 2484 1015 2523 Pugnae
1052 2481 1203 2523 spatium]
1247 2481 1316 2513 Aer
1352 2487 1491 2523 separat

31 2541 114 2570 rum,
131 2533 192 2564 hoc
205 2543 271 2564 uno
288 2544 385 2565 amne
402 2533 644 2574 defluentium3
673 2536 730 2567 ab-
786 2544 910 2575 pngnae
938 2533 1098 2574 spatium,
1133 2533 1212 2573 quia
1242 2533 1398 2573 gigantes
1423 2542 1489 2562 non

28 2581 139 2622 scidit,
151 2583 296 2624 inquam,
313 2585 429 2615 avulso
446 2585 556 2616 medio
573 2586 730 2626 loco‚seu
786 2590 931 2625 tangunt
948 2584 1098 2615 Deorum
1113 2583 1211 2615 sedes
1225 2583 1268 2614 ob
1286 2581 1488 2614 interfusum

28 2633 175 2672 scopulis
191 2638 226 2664 et
242 2634 414 2665 montibus
427 2634 628 2675 interjectis.
785 2635 910 2666 aerem.

71 2683 110 2712 71
135 2682 303 2724 numeros]
327 2683 425 2716 Adeo
441 2690 479 2716 nt
500 2685 594 2726 gigas
611 2685 729 2727 aliquis
831 2689 874 2716 76
898 2684 1057 2726 Odrysios,
1079 2684 1225 2723 Gelonos,
1242 2681 1357 2721 Getas]
1380 2682 1487 2720 Supra

28 2741 104 2763 cum
131 2733 271 2774 rupibus
299 2736 425 2767 avellat
450 2736 560 2777 ipsum
588 2735 728 2768 fluvium
785 2735 827 2768 de
840 2736 890 2768 his
904 2735 1057 2768 omnibus
1070 2734 1201 2767 abunde
1216 2732 1344 2765 dictum
1359 2735 1421 2762 est.

32 2781 209 2824 Enipeum,
236 2787 272 2815 et
297 2784 444 2817 humeris
465 2786 531 2817 suis
548 2786 700 2828 imponat
717 2797 726 2826 ς
