1852 3182
607 211 714 239 EPlG
724 210 786 239 ΚΛ
795 209 826 237 Μ
836 210 866 238 M
875 209 968 238 ΑΤΑ
979 229 987 238 .

1413 197 1525 239 1143

122 310 374 360 Ψευδομὲνων
393 307 421 344 δ’
441 308 601 354 ἐρύθημα
623 307 857 354 καθέγραφεν
876 304 1010 353 ἱὶχροος
1030 300 1151 346 αἰδὼς,

123 375 288 425 ’Λγληΐῃ
309 371 479 417 στέψασα
499 369 584 421 νόθῃ
605 371 863 416 κεκαλυμμένα
884 369 1000 415 μῆλα.

483 464 498 495 Ι
509 465 630 496 &TER
639 463 875 495 PRETATIO
901 460 1114 494 POETICA

369 532 503 563 Decolor
525 531 648 572 affinxit
663 530 783 567 salsum
804 530 903 569 pudor
926 538 978 558 ore
1001 526 1153 565 ruborem,

367 575 482 605 Pinxit
504 578 537 604 ut
561 574 658 604 accito
681 574 784 603 rullus
805 572 963 612 splendore
987 570 1143 601 micantes.

514 661 530 692 Ι
537 661 662 692 NTER
669 659 907 692 PRETATIO
935 658 962 688 P
968 655 1090 688 ROSA

71 725 156 757 oculi
177 734 282 765 vapor
303 729 462 756 notatur:
502 725 620 756 Pudor
637 723 775 756 decolor
791 723 942 754 delineat
970 721 1124 753 ruborem
1149 716 1331 750 mentitum
1352 719 1533 757 postquam

70 768 244 800 coronavit
267 768 450 809 splendore
473 767 559 799 falso
580 768 712 799 fucatas
734 777 847 808 genaS.

736 841 873 873 NOTAE

71 897 111 927 1ae
127 906 135 934 ;
159 895 218 927 sed
235 899 362 933 tamen,
386 906 462 926 cum
487 896 560 927 cavi
578 901 612 927 et
630 895 773 926 liventes

72 946 139 977 siut
156 945 257 984 oculi,
282 946 369 976 utin
396 946 531 977 senibus
555 956 625 977 esse
650 947 773 983 solent,

72 997 152 1027 satis
170 1001 315 1036 apparet
331 996 431 1027 hosce
452 998 626 1028 oculorum
644 996 774 1036 conjec-

73 1054 125 1078 tus
155 1056 227 1077 esse
259 1047 369 1077 radios
398 1057 511 1086 vanos,
549 1052 584 1078 et
614 1056 774 1086 vaporem

72 1098 239 1138 quendam
257 1097 467 1135 emittequ
497 1097 553 1138 qui
579 1097 692 1127 odium
719 1106 775 1135 po-

72 1148 139 1177 tius
157 1157 255 1187 quam
272 1156 420 1177 amorem
435 1146 619 1177 conciliare
636 1145 775 1186 possint.

72 1197 133 1227 Vir
167 1196 303 1238 quidam
335 1196 550 1227 doctissimus
587 1196 673 1236 legit
710 1205 776 1227 nou

72 1248 159 1288 αὔρη,
176 1246 235 1277 sed
253 1246 347 1286 αὐγὴ,
364 1247 396 1278 id
414 1252 478 1287 est,
493 1247 574 1278 acies
589 1248 753 1278 oculorum.

113 1302 130 1329 5
154 1296 365 1338 Ψευδομένων]
405 1298 508 1330 Certe
541 1297 775 1339 reponendum

72 1353 123 1379 est
135 1347 330 1388 ψευδόμενον.

113 1399 244 1438 Ἀχροος
255 1397 358 1437 αἰδὼς]
377 1398 439 1429 Est
455 1397 570 1428 nescio
586 1398 660 1438 quis
677 1397 710 1427 in
721 1397 777 1427 illa

72 1450 175 1481 mima
191 1460 270 1481 seue
283 1449 412 1490 pudor;
431 1449 489 1480 sed
506 1448 632 1488 ἄχροος,
647 1449 778 1487 decolor,

73 1511 132 1532 ¹seu
148 1500 250 1532 salsus
267 1506 303 1531 ct
319 1499 514 1539 affectatus,
537 1505 573 1530 et
589 1500 704 1530 nativo
721 1509 780 1530 suo

829 894 943 925 colore
968 891 1166 929 destitutus,
1195 890 1339 930 ideoque
1355 887 1458 919 falsus
1475 887 1533 918 ille

830 944 952 985 pudor,
978 947 1011 974 et
1029 948 1067 973 ut
1091 942 1137 973 ait
1166 941 1347 978 Homerus,
1373 938 1460 969 αἰδὼς
1482 937 1536 969 οὐκ

829 994 942 1034 ἀγαθὴ,
956 995 1054 1034 pudor
1067 994 1121 1023 ille
1138 1003 1196 1023 non
1214 992 1324 1027 Im7111s;
1348 1001 1405 1022 seu
1425 989 1537 1031 potius

832 1046 889 1076 illa
905 1044 1044 1085 pudoris
1072 1042 1220 1074 affectati
1251 1042 1370 1072 umbra
1385 1041 1539 1071 delineat

830 1097 863 1127 in
882 1096 1004 1126 vetulae
1028 1095 1138 1132 vultu,
1161 1093 1256 1123 velut
1273 1092 1304 1121 in
1333 1091 1460 1130 tabula,
1477 1090 1539 1121 fal·

831 1156 903 1177 sum
929 1145 1098 1184 ruborem,
1120 1143 1340 1183 ostenditque
1370 1152 1436 1172 uon
1460 1151 1537 1172 eum

831 1206 904 1228 esse
921 1195 1120 1233 naturalem,
1143 1203 1240 1234 quem
1267 1197 1362 1223 certe
1379 1201 1444 1222 non
1461 1201 1538 1232 pos-

833 1247 928 1278 sibile
944 1251 996 1278 est
1024 1251 1084 1276 aut
1111 1252 1288 1275 accersere
1314 1247 1373 1274 aut
1400 1241 1538 1273 imitari.

832 1299 881 1329 Ut
898 1297 985 1328 enim
1000 1296 1047 1327 ait
1059 1295 1203 1334 Seneca,
1217 1296 1225 1310 ‘
1238 1293 1398 1325 Artifices
1408 1292 1536 1324 scenici

831 1349 937 1380 multa
949 1350 1212 1388 repraesentaut‚
1224 1345 1283 1376 sed
1298 1345 1457 1376 ruborem
1472 1343 1537 1374 sibi

833 1399 1025 1439 exprimere
1039 1407 1103 1428 nou
1120 1400 1278 1436 possunt:
1304 1404 1366 1426 nec
1385 1393 1539 1436 prohibe-

835 1454 890 1480 tur
905 1449 975 1489 lric,
998 1457 1060 1478 uec
1077 1445 1283 1478 adducitur.’

701 1685 924 1733 LXVII.

190 1844 260 1885 17.
319 1843 399 1881 ΕΙΣ
427 1842 648 1882 ΔΟΥΛΟΝ
675 1839 1041 1880 ΤΥΠΤΗΘΕΝΤΑ
1068 1837 1191 1877 ΠΑΡ’
1218 1835 1414 1876 ΑΥΤΟΥ.

124 1938 263 1988 ’Έδρην
277 1937 544 1990 χαλκεόπεὲαν
565 1938 623 1973 ἐπὶ
643 1938 830 1984 προθύροις
851 1936 1023 1972 ἑλικῶνος

132 2003 299 2049 “Εστὴκει
319 2003 488 2051 θεράπων
508 2018 558 2039 τις
579 2002 670 2051 ὑπὲρ
693 2005 820 2038 νώτοιο
835 2002 1044 2051 μεμαρπὼς,

320 2119 377 2156 IN
408 2119 625 2157 SERVUM
657 2119 1033 2157 VERBERATUM
1066 2119 1136 2156 AB
1165 2115 1296 2154 IPSO.

499 2213 891 2245 INTERPRETATIO
916 2210 1126 2244 POETICA

382 2274 506 2303 AEratis
527 2275 633 2303 sellam
656 2273 784 2313 pedibus
804 2283 861 2313 pro
882 2275 973 2312 porta
999 2270 1160 2302 Heliconis

384 2316 564 2356 Impositum.
585 2326 692 2347 sert-us
714 2317 802 2347 dorso
818 2315 994 2353 famulante
1017 2316 1148 2353 locarat,

525 2396 921 2433 INTERPRETATIO
948 2394 1105 2427 PROSA

128 2456 250 2489 Sellam
278 2456 462 2498 aeripedem
487 2457 521 2487 in
549 2457 719 2488 vestibulo
747 2456 924 2487 Heliconis
941 2458 1110 2487 statuerat
1131 2452 1278 2484 famulus
1303 2449 1452 2493 quidam,
1475 2459 1551 2482 cum

744 2553 888 2585 NOTAE

131 2617 201 2648 Per
229 2627 283 2648 me
317 2618 446 2657 licebit,
482 2619 546 2649 hoc
582 2619 791 2659 epigramma
846 2618 966 2649 daret:
991 2617 1078 2648 male
1106 2619 1335 2651 recusantem,
1361 2613 1448 2644 male
1471 2609 1554 2641 mul-

91 2667 288 2707 simpliciter
305 2670 464 2710 accipias,
491 2670 554 2701 hoc
572 2670 691 2700 modo:
716 2670 792 2701 Ser-

847 2670 927 2701 tavi.
973 2667 1171 2700 Necessitas
1188 2670 1224 2697 et
1239 2665 1321 2696 iram
1335 2667 1371 2694 et
1389 2662 1476 2692 vires
1491 2657 1552 2689 mi-

94 2725 172 2747 vum
193 2719 317 2757 reperi,
334 2719 390 2760 qui
414 2720 531 2750 sellam
549 2724 722 2761 gestaret:
749 2721 792 2751 ab
847 2719 1020 2751 nistravit.

93 2775 132 2797 eo
150 2766 327 2807 petii,eam
341 2774 380 2801 ut
392 2769 474 2801 mihi
488 2769 634 2812 fatigato
647 2780 793 2804 commo-

892 2771 933 2802 In
959 2770 1011 2800 his
1033 2765 1302 2808 interpretandis
1330 2761 1482 2795 consului
1506 2759 1554 2793 vi-
