1852 3182
546 212 609 241 DE
645 213 708 240 lv.

98 313 163 344 lem
188 312 346 348 animam,
371 310 408 340 τὸ
433 306 627 346 ἡγεμονικὸν,
653 307 797 343 Ducem,

97 362 272 402 Aurigam,
285 359 541 400 imperatricem
555 356 711 394 hominis,
726 356 798 386 l'la-

96 412 199 443 tonici
215 412 338 450 aliique
364 406 557 446 Philosophi
577 406 698 445 ubique
718 405 800 435 dcti-

95 463 206 499 ninnt,
230 460 390 501 Aurigam
419 455 601 497 aliquando
617 456 711 486 velut
725 465 799 486 cur-

95 513 146 543 rui
164 512 310 552 cuipiam
329 509 467 550 equisve
484 508 712 547 imponentes.

140 560 272 600 Labori]
307 561 382 591 Quo
406 557 477 588 vita
492 557 635 587 humana
651 559 798 586 constat.

97 612 179 643 Vita
195 610 282 641 enim
301 609 394 639 labor
410 611 605 648 perpetuus.
633 605 744 636 Barth.

139 662 435 700 Prospecturnmque
459 656 571 695 labori]
607 655 799 695 Prospectri-

97 719 220 751 cemque
235 709 372 740 laborum
393 708 521 738 Moreti
540 707 644 747 prior,
661 706 798 738 Jnnian.

96 764 207 802 quart.
223 760 381 790 Vatican.
406 765 439 790 et
458 759 534 789 Pet.
553 767 649 788 uuus.
675 757 799 796 placet.

97 811 234 852 quintus
251 810 409 842 Vaticani.
434 809 706 850 spectatriccmque
721 806 801 836 lubo-

96 871 177 893 rum.
202 862 245 892 D.
264 861 383 893 Heius.

139 916 203 944 238
227 913 337 952 Digna
347 912 497 952 statione]
520 911 567 942 Ut
585 908 802 950 pareantsci-

96 964 193 1002 licet,
215 964 291 994 loco
319 964 393 1003 ipso
417 963 633 993 admonente.
678 960 801 996 statio,

99 1014 198 1046 sedes
217 1014 400 1052 ordinaria,
413 1018 515 1052 atque
533 1013 718 1051 assignata,
733 1011 801 1041 cui-

99 1073 164 1105 que
182 1064 414 1104 peculiariter.
449 1062 609 1092 Manilius
626 1061 667 1090 de
683 1060 804 1098 Astiis,

97 1115 120 1145 1.
138 1123 185 1144 lv.
208 1115 216 1130 ‘
233 1114 491 1153 Iinpleruntque
514 1122 601 1150 stios,
626 1116 721 1141 certa
739 1115 803 1140 sta-

101 1164 207 1203 tione,
221 1163 379 1194 lal›ores.’
408 1163 521 1193 Barth.

141 1218 205 1246 239
223 1215 356 1255 Opiter]
380 1214 623 1245 Prometheum
639 1212 710 1244 sive
727 1221 802 1253 pro-

99 1266 284 1298 videntiam
303 1267 402 1297 dixit.
425 1266 523 1296 Idem.

143 1319 204 1348 241
232 1317 315 1346 Iram
331 1316 493 1355 sanguinei
514 1315 600 1354 regio
614 1314 668 1345 sul}
682 1317 803 1354 pectore

99 1368 201 1398 cordis
219 1367 381 1406 Protegit]
401 1366 627 1406 Sanguineum
645 1365 804 1405 cor,quia

100 1418 175 1449 fons
192 1419 373 1459 sanguinis.

146 1469 246 1509 Iram]
277 1470 358 1509 Ejus
376 1467 473 1499 sedes
499 1467 532 1498 in
556 1466 705 1507 pectoris
728 1465 804 1496 inti-

102 1528 170 1559 mo,
195 1519 310 1551 corde.
356 1518 538 1549 Petronius
555 1516 719 1547 Arbiter:
744 1516 752 1532 ‘
771 1516 804 1545 in

102 1570 307 1602 Pectoribus
324 1570 375 1600 ira
391 1567 562 1599 considit.5

146 1621 212 1652 Sub
234 1620 373 1661 pectore]
417 1619 556 1656 Pectus,
584 1616 805 1655 domicilium,

103 1672 272 1703 habitatio
289 1670 413 1702 cordis.
442 1668 558 1699 Barth.

145 1725 209 1754 242
235 1721 380 1759 Protegit
397 1719 549 1750 imbutam
565 1717 722 1759 flammis]
755 1717 807 1747 In-

104 1772 222 1805 bustom
254 1774 347 1813 prior
376 1771 472 1802 Leid.
512 1774 594 1809 puto
624 1768 807 1799 ambustam.

103 1824 204 1865 paulo
229 1828 307 1854 aute
333 1821 524 1853 committere
548 1829 609 1859 pro
624 1818 809 1858 confundere

104 1874 285 1905 Mediceus
298 1882 381 1903 uuus
396 1876 432 1903 et
445 1871 560 1902 Palat.
575 1869 703 1900 dictum
716 1869 809 1900 alibi.

105 1925 150 1957 D.
164 1925 276 1956 Heius.

147 1975 341 2013 Avidomque
354 1971 500 2011 nocendi]
534 1970 613 2001 Huc
631 1971 719 2001 enini
735 1980 810 2011 pro-

107 2029 204 2065 perat
221 2023 350 2054 animus
367 2025 566 2053 commotus.
592 2020 709 2050 Barth.

149 2077 213 2104 243
238 2073 338 2103 Rabie
351 2081 494 2102 succenso
508 2070 664 2109 tumescit]
687 2070 811 2101 Pecto-

107 2125 153 2156 ris
169 2124 228 2154 illa
246 2124 339 2163 regio
368 2121 597 2152 inflammatur
623 2120 811 2159 iracundia,

105 2173 300 2205 effervescit
312 2173 420 2213 quasi,
433 2177 468 2202 et
484 2171 614 2207 ebullit,
626 2170 717 2200 venis
728 2170 810 2210 ipsis

106 2229 182 2256 toto
198 2233 343 2263 corpore
370 2222 529 2253 incensis.
576 2221 734 2259 Ovidium,
756 2229 810 2251 111.

107 2274 224 2306 Artis:
250 2275 259 2291 ‘
278 2273 352 2304 Ora
377 2277 509 2304 tument
531 2272 592 2310 ira,
616 2271 812 2310 nigrescunt

108 2326 272 2366 sanguine
309 2333 419 2362 venae,
452 2315 595 2353 Lumina
631 2322 812 2360 Gorgoneo

106 2378 229 2409 saevius
245 2385 357 2414 angue
373 2372 520 2404 micant!
544 2372 640 2401 Idem.

153 2427 256 2458 Rabie
269 2423 428 2463 succenso]
453 2423 508 2453 Ira
524 2422 613 2453 enim
631 2420 725 2451 furor
739 2425 811 2458 θεῖς

110 2479 178 2510 imo
215 2477 329 2508 furore
369 2475 527 2506 atrocior.
595 2474 681 2504 Cato
723 2472 811 2512 apud

109 2530 296 2563 Stobaeum.
328 2526 384 2558 τὸν
407 2524 606 2566 ὀργιζόμενον
630 2522 735 2562 νόμιζε
758 2523 815 2553 τοῦ

111 2578 292 2620 μαινομένου
305 2575 405 2618 χρόνῳ
420 2573 582 2615 διαφέρειν.

158 2628 328 2668 Tumescit]
353 2629 461 2658 Extra
484 2635 520 2656 se
545 2623 700 2660 effertur,
725 2622 813 2664 quod

112 2679 230 2720 pulcre
266 2677 434 2708 fermento
476 2685 537 2706 suo
582 2673 816 2714 praefiguravit

113 2729 269 2761 Plautus,
292 2727 415 2759 Barth⁸¹

157 2781 222 2811 244
239 2777 444 2810 Contrahitur
457 2776 612 2818 tepefacta
621 2775 720 2815 metu]
744 2774 816 2807 Pri-

741 210 880 240 coNs.
913 212 1100 242 HONOR.

1436 205 1547 246 1341

849 314 913 335 niae
930 304 1008 336 edd.
1034 314 1109 336 cum
1138 305 1295 343 Isingrini
1322 306 1407 337 libro
1424 313 1457 338 et
1475 318 1550 348 scp-

849 360 917 386 tem
932 366 971 385 ex
991 356 1116 386 uostris
1132 356 1315 395 stupefacto.
1349 357 1443 387 Unus
1458 360 1549 390 Med.

849 406 1028 444 tumefirctu.
1051 406 1136 445 Reg.
1151 412 1182 436 et
1197 407 1307 437 Oxou.
1324 407 1476 445 toln-suctu
1491 419 1551 448 pro

849 456 1013 494 labefacto.
1039 457 1163 487 Pricae.
1187 456 1380 494 tremrsucto.
1405 467 1479 487 mox
1500 459 1553 496 su-

850 508 942 545 rmti,
961 517 1026 536 non
1042 507 1173 547 fluenti,
1189 507 1273 537 bene
1291 507 1411 546 scripti
1429 516 1553 539 onmes,

855 556 994 586 Verteret
1013 557 1115 587 etiam
1132 566 1193 597 pro
1211 556 1347 587 Duceret
1371 557 1461 596 prior
1480 559 1553 588 Mo-

850 606 914 636 reti
930 615 996 636 non
1015 607 1113 637 male.
1140 613 1233 637 recte
1251 612 1362 638 autem
1390 608 1554 639 Croni-ohi-

849 659 913 686 tur.
938 657 986 687 sic
1012 657 1101 697 apud
1128 659 1341 688 Marcianum
1369 658 1557 698 Capellam,

851 707 909 737 lib.
928 716 976 738 vt.
1003 709 1011 724 ‘
1028 709 1114 739 Nam
1142 718 1216 738 cum
1236 713 1356 738 astate,
1375 713 1554 749 torremur,

851 759 918 789 illic
947 758 1071 795 frigore
1098 759 1371 790 contraluintur!
1404 764 1437 790 et
1467 770 1556 798 mox,

851 809 859 824 ‘
878 819 1018 849 quarum
1044 819 1109 839 una
1132 809 1315 840 vicinantis
1340 810 1480 848 plaustri
1509 811 1556 840 al·

852 868 931 895 flore
960 864 1146 896 crustatur,
1181 860 1287 889 altera
1321 860 1555 891 transaustriui

851 910 974 940 halitus
988 910 1181 941 desertione
1196 910 1429 942 contrahitur!
1451 911 1556 941 etde·

853 960 944 997 inde,
960 962 968 976 ‘
989 960 1148 990 Latitudo
1170 967 1282 991 autem
1302 967 1402 991 terra·
1417 971 1435 991 a
1454 961 1557 992 Meri-

854 1010 950 1040 diano
967 1010 1032 1040 situ
1052 1010 1083 1039 iu
1097 1010 1349 1049 Septentriouis
1363 1015 1467 1050 caput
1485 1010 1557 1050 plu-

854 1059 973 1088 rimum
1002 1059 1111 1089 minor
1136 1064 1208 1089 est:
1235 1068 1310 1088 naui
1329 1060 1486 1100 utrinque
1511 1060 1557 1089 in-

854 1109 1038 1149 temperati
1067 1108 1154 1139 a'eris
1185 1109 1360 1138 nimietate
1390 1108 1559 1139 contrahi·

854 1159 931 1190 tur.’
957 1160 1002 1190 D.
1018 1159 1130 1190 Heius.

900 1210 1107 1240 contrahitur
1123 1208 1276 1249 tepefacta
1292 1209 1389 1249 metu]
1423 1207 1483 1238 Uti
1511 1206 1559 1238 et*-

854 1259 974 1290 sertin
1003 1261 1131 1290 calores
1157 1260 1274 1290 nimios
1297 1264 1332 1290 et
1360 1258 1558 1299 praccipites

854 1310 917 1350 ira,
942 1310 991 1340 ita
1015 1314 1126 1340 metus
1150 1309 1321 1340 contrahit
1338 1309 1498 1347 animum,
1522 1315 1559 1339 ut

856 1360 960 1390 veluti
978 1359 1103 1399 frigore
1117 1360 1274 1400 quopiam
1289 1361 1476 1399 perculsus,
1492 1369 1559 1389 non

855 1412 964 1451 possit
985 1410 1096 1441 officio
1117 1421 1175 1441 suo
1201 1409 1315 1449 fungi:
1341 1410 1472 1450 junctis
1499 1410 1561 1449 his,

855 1462 1196 1502 commoderatisque,
1212 1460 1251 1491 fit
1269 1461 1494 1502 aequabilitas.

901 1513 1121 1552 contrahitur]
1144 1513 1285 1551 Frigore
1301 1512 1407 1542 velut.

902 1562 1124 1601 Contruliitur]
1148 1561 1259 1592 Arefit
1276 1563 1384 1602 quasi,
1401 1565 1434 1592 et
1448 1570 1561 1592 corru-

857 1616 967 1652 gatur.
1000 1612 1295 1650 Arnobius‚l.v11.
1318 1613 1326 1627 ‘
1342 1610 1562 1642 Contraliitur

858 1663 1008 1700 tristitia,
1022 1662 1111 1703 quod
1127 1662 1269 1692 solvitur
1287 1661 1485 1701 voluptate.’

902 1713 1082 1754 Tepefacta]
1127 1714 1179 1743 Ex
1210 1712 1344 1743 fervore
1373 1712 1565 1751 relangues-

859 1772 951 1794 cens.

905 1814 1041 1853 Cumque
1068 1813 1170 1843 omnia
1196 1822 1296 1843 secum
1318 1812 1471 1852 Duceret]
1506 1812 1564 1842 Ef-

860 1862 975 1894 fraenis
993 1862 1353 1902 iracun‹lia,fluctiluis
1365 1866 1564 1903 comparata
1604 1897 1607 1900 y

860 1915 902 1945 ab
917 1915 1081 1954 Dionysio
1092 1913 1333 1945 Alexandrino.
1358 1913 1564 1943 Claudianus

860 1969 1102 2005 tempestatem
1121 1963 1481 2004 faciumrrentemvc,
1496 1973 1564 1993 oin-

860 2015 915 2046 nia
932 2016 1121 2055 rapientem
1140 2024 1268 2053 secum,
1285 2024 1413 2054 suoque
1435 2014 1564 2055 impetu

861 2067 1145 2106 pessumdantem.
1170 2063 1287 2095 Barth.

903 2119 968 2147 2216
992 2116 1114 2146 Inrem't
1140 2116 1293 2155 pulmonis
1322 2113 1422 2154 opem]
1461 2113 1565 2145 Cordi

861 2165 1109 2206 refrigerando,
1146 2165 1320 2206 colorique
1366 2163 1566 2194 cohibendo.

866 2218 964 2248 Idem.

906 2270 967 2298 2⁴7
994 2265 1150 2306 Proebuit]

864 2317 925 2348 vit.
952 2318 1050 2348 Idem.

1196 2264 1373 2304 Exhibuit,
1399 2263 1567 2294 ministra-

852 2378 856 2380 *
907 2370 970 2398 248
995 2367 1063 2398 Sibi
1083 2370 1193 2397 cuncta
1214 2370 1333 2407 petens,
1357 2365 1403 2396 nil
1418 2366 1566 2396 collatura

863 2417 987 2459 cupido]
1012 2418 1156 2448 Omnem
1185 2427 1250 2447 uuo
1278 2417 1412 2447 nomine
1438 2415 1566 2455 cupidi-

864 2474 969 2500 tatem
1000 2467 1172 2507 intelligit,
1211 2466 1363 2497 avaritioe
1399 2466 1565 2496 intentum

864 2519 997 2550 oculum
1022 2519 1163 2555 liabens,
1186 2528 1284 2559 quam
1308 2517 1564 2547 alibiscelerum

865 2576 1006 2601 matrem
1023 2574 1133 2600 vocat.
1158 2569 1254 2599 Idem.

908 2623 971 2651 249
995 2619 1146 2660 Injecur]
1178 2618 1285 2650 Jecur
1310 2616 1407 2647 sedes
1436 2612 1566 2653 cupidi-

865 2681 955 2702 num.

912 2723 1044 2753 Tractus
1073 2720 1164 2760 imos]
1198 2719 1363 2757 Relegata
1393 2715 1425 2745 iu
1455 2714 1564 2745 locum

865 2771 1102 2812 indigniorem.
