<?xml version="1.0" encoding="UTF-8"?>
<!DOCTYPE html PUBLIC "-//W3C//DTD XHTML 1.0 Transitional//EN"
    "http://www.w3.org/TR/xhtml1/DTD/xhtml1-transitional.dtd">
<html xmlns="http://www.w3.org/1999/xhtml" xml:lang="en" lang="en">
 <head>
  <title>
</title>
<meta http-equiv="Content-Type" content="text/html;charset=utf-8" />
  <meta name='ocr-system' content='tesseract 3.04.00' />
  <meta name='ocr-capabilities' content='ocr_page ocr_carea ocr_par ocr_line ocrx_word'/>
</head>
<body>
  <div class='ocr_page' id='page_1' title='image "./operaomniaexedit03clauuoft_0351.png"; bbox 0 0 1852 3182; ppageno 0'>
   <div class='ocr_carea' id='block_1_1' title="bbox 538 247 1095 277">
    <p class='ocr_par' dir='ltr' id='par_1_1' title="bbox 538 247 1095 277">
     <span class='ocr_line' id='line_1_1' title="bbox 538 247 1095 277; baseline 0 -1"><span class='ocrx_word' id='word_1_1' title='bbox 538 247 601 277; x_wconf 78' lang='lat' dir='ltr'><strong>DE</strong></span> <span class='ocrx_word' id='word_1_2' title='bbox 634 247 699 276; x_wconf 81' lang='lat' dir='ltr'><strong>lv.</strong></span> <span class='ocrx_word' id='word_1_3' title='bbox 732 247 872 277; x_wconf 64' lang='lat' dir='ltr'><strong>CONS.</strong></span> <span class='ocrx_word' id='word_1_4' title='bbox 907 247 1095 277; x_wconf 85' lang='lat' dir='ltr'><strong>IlONOR.</strong></span> 
     </span>
    </p>
   </div>
   <div class='ocr_carea' id='block_1_2' title="bbox 92 342 821 2395">
    <p class='ocr_par' dir='ltr' id='par_1_2' title="bbox 92 342 422 384">
     <span class='ocr_line' id='line_1_2' title="bbox 92 342 422 384; baseline -0.006 -9"><span class='ocrx_word' id='word_1_5' title='bbox 92 353 250 384; x_wconf 88' lang='lat' dir='ltr'><strong>mumque</strong></span> <span class='ocrx_word' id='word_1_6' title='bbox 265 342 422 374; x_wconf 83' lang='lat' dir='ltr'><strong>officium.</strong></span> 
     </span>
    </p>

    <p class='ocr_par' dir='ltr' id='par_1_3' title="bbox 94 391 795 627">
     <span class='ocr_line' id='line_1_3' title="bbox 136 391 794 431; baseline -0.009 -5"><span class='ocrx_word' id='word_1_7' title='bbox 136 395 249 426; x_wconf 65' lang='lat' dir='ltr'><strong>Sat-ras</strong></span> <span class='ocrx_word' id='word_1_8' title='bbox 277 392 410 431; x_wconf 81' lang='lat' dir='ltr'><strong>curules]</strong></span> <span class='ocrx_word' id='word_1_9' title='bbox 455 392 682 422; x_wconf 82' lang='lat' dir='ltr'><strong>Consecratas</strong></span> <span class='ocrx_word' id='word_1_10' title='bbox 717 391 794 421; x_wconf 86' lang='lat' dir='ltr'><strong>insi-</strong></span> 
     </span>
     <span class='ocr_line' id='line_1_4' title="bbox 96 441 794 483; baseline -0.01 -6"><span class='ocrx_word' id='word_1_11' title='bbox 96 445 200 476; x_wconf 84' lang='lat' dir='ltr'>dente</span> <span class='ocrx_word' id='word_1_12' title='bbox 217 444 393 483; x_wconf 82' lang='lat' dir='ltr'>Principe.</span> <span class='ocrx_word' id='word_1_13' title='bbox 448 441 650 472; x_wconf 75' lang='lat' dir='ltr'><strong>Consulatus</strong></span> <span class='ocrx_word' id='word_1_14' title='bbox 668 450 707 471; x_wconf 79' lang='lat' dir='ltr'><strong>ea</strong></span> <span class='ocrx_word' id='word_1_15' title='bbox 723 446 794 471; x_wconf 90' lang='lat' dir='ltr'><strong>tum</strong></span> 
     </span>
     <span class='ocr_line' id='line_1_5' title="bbox 97 495 795 533; baseline -0.009 -7"><span class='ocrx_word' id='word_1_16' title='bbox 97 497 207 526; x_wconf 83' lang='lat' dir='ltr'><strong>adhuc</strong></span> <span class='ocrx_word' id='word_1_17' title='bbox 243 495 400 533; x_wconf 68' lang='lat' dir='ltr'><strong>dignitas,</strong></span> <span class='ocrx_word' id='word_1_18' title='bbox 431 496 467 521; x_wconf 88' lang='lat' dir='ltr'><strong>ut</strong></span> <span class='ocrx_word' id='word_1_19' title='bbox 498 501 642 521; x_wconf 84' lang='lat' dir='ltr'><strong>summos</strong></span> <span class='ocrx_word' id='word_1_20' title='bbox 676 496 795 531; x_wconf 82' lang='lat' dir='ltr'><strong>postea</strong></span> 
     </span>
     <span class='ocr_line' id='line_1_6' title="bbox 94 542 795 577; baseline -0.007 0"><span class='ocrx_word' id='word_1_21' title='bbox 94 546 196 577; x_wconf 82' lang='lat' dir='ltr'><strong>etiam</strong></span> <span class='ocrx_word' id='word_1_22' title='bbox 211 545 319 575; x_wconf 87' lang='lat' dir='ltr'><strong>fasces</strong></span> <span class='ocrx_word' id='word_1_23' title='bbox 331 543 445 573; x_wconf 79' lang='lat' dir='ltr'><strong>dicere</strong></span> <span class='ocrx_word' id='word_1_24' title='bbox 460 551 559 571; x_wconf 83' lang='lat' dir='ltr'><strong>ausus</strong></span> <span class='ocrx_word' id='word_1_25' title='bbox 574 542 618 572; x_wconf 88' lang='lat' dir='ltr'><strong>sit</strong></span> <span class='ocrx_word' id='word_1_26' title='bbox 636 542 795 572; x_wconf 73' lang='lat' dir='ltr'><strong>Rutilius.</strong></span> 
     </span>
     <span class='ocr_line' id='line_1_7' title="bbox 97 596 211 627; baseline 0.009 -1"><span class='ocrx_word' id='word_1_27' title='bbox 97 596 211 627; x_wconf 70' lang='lat' dir='ltr'><strong>Barth.</strong></span> 
     </span>
    </p>

    <p class='ocr_par' dir='ltr' id='par_1_4' title="bbox 94 643 797 827">
     <span class='ocr_line' id='line_1_8' title="bbox 139 643 796 683; baseline -0.006 -6"><span class='ocrx_word' id='word_1_28' title='bbox 139 649 178 677; x_wconf 76' lang='grc'><strong>14</strong></span> <span class='ocrx_word' id='word_1_29' title='bbox 200 645 392 683; x_wconf 71' lang='lat' dir='ltr'><strong>Laurigeros</strong></span> <span class='ocrx_word' id='word_1_30' title='bbox 411 643 543 683; x_wconf 76' lang='lat' dir='ltr'><strong>secures]</strong></span> <span class='ocrx_word' id='word_1_31' title='bbox 570 644 681 674; x_wconf 85' lang='lat' dir='ltr'><strong>Rebus</strong></span> <span class='ocrx_word' id='word_1_32' title='bbox 706 643 796 674; x_wconf 83' lang='lat' dir='ltr'><strong>laetis</strong></span> 
     </span>
     <span class='ocr_line' id='line_1_9' title="bbox 94 695 797 736; baseline -0.006 -9"><span class='ocrx_word' id='word_1_33' title='bbox 94 700 129 727; x_wconf 87' lang='lat' dir='ltr'><strong>et</strong></span> <span class='ocrx_word' id='word_1_34' title='bbox 141 696 388 736; x_wconf 81' lang='lat' dir='ltr'><strong>Imperatorum</strong></span> <span class='ocrx_word' id='word_1_35' title='bbox 402 695 565 734; x_wconf 43' lang='lat' dir='ltr'><strong>omnibu&amp;</strong></span> <span class='ocrx_word' id='word_1_36' title='bbox 579 695 703 725; x_wconf 80' lang='lat' dir='ltr'>Fasces</span> <span class='ocrx_word' id='word_1_37' title='bbox 715 695 797 725; x_wconf 86' lang='lat' dir='ltr'><strong>Lau-</strong></span> 
     </span>
     <span class='ocr_line' id='line_1_10' title="bbox 94 744 797 777; baseline -0.001 -1"><span class='ocrx_word' id='word_1_38' title='bbox 94 746 160 777; x_wconf 84' lang='lat' dir='ltr'><strong>reis</strong></span> <span class='ocrx_word' id='word_1_39' title='bbox 180 746 308 776; x_wconf 88' lang='lat' dir='ltr'><strong>cinctos</strong></span> <span class='ocrx_word' id='word_1_40' title='bbox 333 745 457 776; x_wconf 87' lang='lat' dir='ltr'><strong>dudum</strong></span> <span class='ocrx_word' id='word_1_41' title='bbox 486 749 648 775; x_wconf 86' lang='lat' dir='ltr'><strong>notarunt</strong></span> <span class='ocrx_word' id='word_1_42' title='bbox 667 744 797 776; x_wconf 84' lang='lat' dir='ltr'><strong>Collec-</strong></span> 
     </span>
     <span class='ocr_line' id='line_1_11' title="bbox 94 795 545 827; baseline -0.002 -1"><span class='ocrx_word' id='word_1_43' title='bbox 94 800 196 826; x_wconf 85' lang='lat' dir='ltr'><strong>tanea</strong></span> <span class='ocrx_word' id='word_1_44' title='bbox 212 795 402 827; x_wconf 87' lang='lat' dir='ltr'><strong>doctorum.</strong></span> <span class='ocrx_word' id='word_1_45' title='bbox 447 796 545 826; x_wconf 71' lang='lat' dir='ltr'><strong>Idem.</strong></span> 
     </span>
    </p>

    <p class='ocr_par' dir='ltr' id='par_1_5' title="bbox 94 845 800 1087">
     <span class='ocr_line' id='line_1_12' title="bbox 137 845 798 885; baseline -0.002 -9"><span class='ocrx_word' id='word_1_46' title='bbox 137 845 330 885; x_wconf 61' lang='lat' dir='ltr'><strong>laurigeras</strong></span> <span class='ocrx_word' id='word_1_47' title='bbox 349 845 483 885; x_wconf 80' lang='lat' dir='ltr'><strong>secures]</strong></span> <span class='ocrx_word' id='word_1_48' title='bbox 531 846 615 876; x_wconf 90' lang='lat' dir='ltr'><strong>Cum</strong></span> <span class='ocrx_word' id='word_1_49' title='bbox 634 846 798 877; x_wconf 72' lang='lat' dir='ltr'><strong>Consules</strong></span> 
     </span>
     <span class='ocr_line' id='line_1_13' title="bbox 96 895 797 937; baseline 0.001 -12"><span class='ocrx_word' id='word_1_50' title='bbox 96 896 149 926; x_wconf 84' lang='lat' dir='ltr'><strong>vel</strong></span> <span class='ocrx_word' id='word_1_51' title='bbox 165 895 410 936; x_wconf 79' lang='lat' dir='ltr'><strong>Imperatores,</strong></span> <span class='ocrx_word' id='word_1_52' title='bbox 428 896 627 936; x_wconf 69' lang='lat' dir='ltr'><strong>praeclaram</strong></span> <span class='ocrx_word' id='word_1_53' title='bbox 651 897 797 937; x_wconf 81' lang='lat' dir='ltr'><strong>aliquam</strong></span> 
     </span>
     <span class='ocr_line' id='line_1_14' title="bbox 94 945 798 985; baseline 0 -9"><span class='ocrx_word' id='word_1_54' title='bbox 94 945 273 977; x_wconf 87' lang='lat' dir='ltr'><strong>victoriam</strong></span> <span class='ocrx_word' id='word_1_55' title='bbox 302 951 401 976; x_wconf 89' lang='lat' dir='ltr'><strong>erant</strong></span> <span class='ocrx_word' id='word_1_56' title='bbox 427 947 615 985; x_wconf 80' lang='lat' dir='ltr'><strong>consecuti,</strong></span> <span class='ocrx_word' id='word_1_57' title='bbox 643 951 714 976; x_wconf 88' lang='lat' dir='ltr'><strong>tum</strong></span> <span class='ocrx_word' id='word_1_58' title='bbox 742 956 798 976; x_wconf 78' lang='lat' dir='ltr'><strong>cos</strong></span> 
     </span>
     <span class='ocr_line' id='line_1_15' title="bbox 96 995 800 1037; baseline 0.004 -12"><span class='ocrx_word' id='word_1_59' title='bbox 96 995 233 1027; x_wconf 84' lang='lat' dir='ltr'><strong>lictores</strong></span> <span class='ocrx_word' id='word_1_60' title='bbox 246 996 401 1034; x_wconf 86' lang='lat' dir='ltr'><strong>laureati,</strong></span> <span class='ocrx_word' id='word_1_61' title='bbox 421 996 529 1027; x_wconf 62' lang='lat' dir='ltr'><strong>fasce&lt;</strong></span> <span class='ocrx_word' id='word_1_62' title='bbox 548 998 713 1028; x_wconf 74' lang='lat' dir='ltr'><strong>laureatos</strong></span> <span class='ocrx_word' id='word_1_63' title='bbox 729 1006 800 1037; x_wconf 80' lang='lat' dir='ltr'><strong>ges·</strong></span> 
     </span>
     <span class='ocr_line' id='line_1_16' title="bbox 97 1046 656 1087; baseline 0 -10"><span class='ocrx_word' id='word_1_64' title='bbox 97 1051 220 1085; x_wconf 62' lang='lat' dir='ltr'><strong>taum,</strong></span> <span class='ocrx_word' id='word_1_65' title='bbox 237 1046 490 1087; x_wconf 67' lang='lat' dir='ltr'><strong>praecedebant.</strong></span> <span class='ocrx_word' id='word_1_66' title='bbox 534 1047 656 1077; x_wconf 61' lang='lat' dir='ltr'><strong>Dclrio.</strong></span> 
     </span>
    </p>

    <p class='ocr_par' dir='ltr' id='par_1_6' title="bbox 93 1096 801 1228">
     <span class='ocr_line' id='line_1_17' title="bbox 143 1096 801 1136; baseline -0.002 -9"><span class='ocrx_word' id='word_1_67' title='bbox 143 1100 180 1127; x_wconf 88' lang='lat'><strong>15</strong></span> <span class='ocrx_word' id='word_1_68' title='bbox 204 1097 299 1127; x_wconf 77' lang='lat' dir='ltr'><strong>Latia</strong></span> <span class='ocrx_word' id='word_1_69' title='bbox 315 1097 405 1136; x_wconf 80' lang='lat' dir='ltr'><strong>toga]</strong></span> <span class='ocrx_word' id='word_1_70' title='bbox 429 1097 559 1136; x_wconf 77' lang='lat' dir='ltr'>Insigni</span> <span class='ocrx_word' id='word_1_71' title='bbox 574 1097 733 1127; x_wconf 73' lang='lat' dir='ltr'><strong>Romanae</strong></span> <span class='ocrx_word' id='word_1_72' title='bbox 748 1096 801 1126; x_wconf 85' lang='lat' dir='ltr'><strong>Ci-</strong></span> 
     </span>
     <span class='ocr_line' id='line_1_18' title="bbox 97 1147 800 1187; baseline 0.001 -10"><span class='ocrx_word' id='word_1_73' title='bbox 97 1147 212 1178; x_wconf 69' lang='lat' dir='ltr'><strong>vitatis</strong></span> <span class='ocrx_word' id='word_1_74' title='bbox 229 1152 264 1178; x_wconf 92' lang='lat' dir='ltr'><strong>et</strong></span> <span class='ocrx_word' id='word_1_75' title='bbox 283 1147 380 1187; x_wconf 87' lang='lat' dir='ltr'><strong>Reip.</strong></span> <span class='ocrx_word' id='word_1_76' title='bbox 396 1148 404 1163; x_wconf 92' lang='lat'>‘</span> <span class='ocrx_word' id='word_1_77' title='bbox 423 1148 516 1178; x_wconf 86' lang='lat' dir='ltr'>Gens</span> <span class='ocrx_word' id='word_1_78' title='bbox 534 1148 671 1187; x_wconf 81' lang='lat' dir='ltr'><strong>togata‚&#39;</strong></span> <span class='ocrx_word' id='word_1_79' title='bbox 686 1148 800 1178; x_wconf 85' lang='lat' dir='ltr'><strong>Maro-</strong></span> 
     </span>
     <span class='ocr_line' id='line_1_19' title="bbox 93 1197 303 1228; baseline -0.005 0"><span class='ocrx_word' id='word_1_80' title='bbox 93 1197 143 1228; x_wconf 71' lang='lat' dir='ltr'><strong>ni.</strong></span> <span class='ocrx_word' id='word_1_81' title='bbox 188 1197 303 1228; x_wconf 78' lang='lat' dir='ltr'><strong>Barth.</strong></span> 
     </span>
    </p>

    <p class='ocr_par' dir='ltr' id='par_1_7' title="bbox 100 1247 802 1380">
     <span class='ocr_line' id='line_1_20' title="bbox 142 1247 802 1288; baseline 0.002 -10"><span class='ocrx_word' id='word_1_82' title='bbox 142 1249 183 1278; x_wconf 83' lang='lat'><strong>16</strong></span> <span class='ocrx_word' id='word_1_83' title='bbox 206 1247 340 1278; x_wconf 81' lang='lat' dir='ltr'><strong>Ferreus</strong></span> <span class='ocrx_word' id='word_1_84' title='bbox 357 1247 493 1287; x_wconf 75' lang='lat' dir='ltr'><strong>Currus]</strong></span> <span class='ocrx_word' id='word_1_85' title='bbox 518 1248 721 1288; x_wconf 71' lang='lat' dir='ltr'><strong>Descriptus</strong></span> <span class='ocrx_word' id='word_1_86' title='bbox 737 1248 802 1279; x_wconf 80' lang='lat' dir='ltr'><strong>Pa·</strong></span> 
     </span>
     <span class='ocr_line' id='line_1_21' title="bbox 100 1297 801 1339; baseline 0.001 -11"><span class='ocrx_word' id='word_1_87' title='bbox 100 1297 209 1338; x_wconf 91' lang='lat' dir='ltr'><strong>pinio,</strong></span> <span class='ocrx_word' id='word_1_88' title='bbox 247 1297 305 1329; x_wconf 89' lang='lat' dir='ltr'><strong>lib.</strong></span> <span class='ocrx_word' id='word_1_89' title='bbox 344 1307 406 1329; x_wconf 77' lang='lat' dir='ltr'><strong>vn.</strong></span> <span class='ocrx_word' id='word_1_90' title='bbox 464 1298 543 1339; x_wconf 87' lang='lat' dir='ltr'><strong>lpse</strong></span> <span class='ocrx_word' id='word_1_91' title='bbox 582 1299 675 1329; x_wconf 78' lang='lat' dir='ltr'><strong>Mars</strong></span> <span class='ocrx_word' id='word_1_92' title='bbox 713 1299 801 1329; x_wconf 84' lang='lat' dir='ltr'><strong>talis.</strong></span> 
     </span>
     <span class='ocr_line' id='line_1_22' title="bbox 101 1348 202 1380; baseline 0.02 -2"><span class='ocrx_word' id='word_1_93' title='bbox 101 1348 202 1380; x_wconf 87' lang='lat' dir='ltr'><strong>Idem.</strong></span> 
     </span>
    </p>

    <p class='ocr_par' dir='ltr' id='par_1_8' title="bbox 99 1397 808 1688">
     <span class='ocr_line' id='line_1_23' title="bbox 147 1397 803 1438; baseline -0.002 -10"><span class='ocrx_word' id='word_1_94' title='bbox 147 1401 184 1429; x_wconf 82' lang='lat'><strong>17</strong></span> <span class='ocrx_word' id='word_1_95' title='bbox 212 1398 347 1428; x_wconf 76' lang='lat' dir='ltr'><strong>Eridani</strong></span> <span class='ocrx_word' id='word_1_96' title='bbox 372 1408 429 1438; x_wconf 85' lang='lat' dir='ltr'><strong>per·</strong></span> <span class='ocrx_word' id='word_1_97' title='bbox 452 1397 561 1438; x_wconf 79' lang='lat' dir='ltr'><strong>prata]</strong></span> <span class='ocrx_word' id='word_1_98' title='bbox 599 1398 676 1429; x_wconf 77' lang='lat' dir='ltr'><strong>Non</strong></span> <span class='ocrx_word' id='word_1_99' title='bbox 704 1398 803 1436; x_wconf 66' lang='lat' dir='ltr'><strong>longe</strong></span> 
     </span>
     <span class='ocr_line' id='line_1_24' title="bbox 99 1447 807 1489; baseline -0.001 -11"><span class='ocrx_word' id='word_1_100' title='bbox 99 1447 234 1479; x_wconf 89' lang='lat' dir='ltr'><strong>scilicet</strong></span> <span class='ocrx_word' id='word_1_101' title='bbox 249 1447 381 1485; x_wconf 77' lang='lat' dir='ltr'><strong>dissita,</strong></span> <span class='ocrx_word' id='word_1_102' title='bbox 393 1449 540 1479; x_wconf 73' lang='lat' dir='ltr'><strong>maxima</strong></span> <span class='ocrx_word' id='word_1_103' title='bbox 554 1458 692 1489; x_wconf 77' lang='lat' dir='ltr'><strong>pascua,</strong></span> <span class='ocrx_word' id='word_1_104' title='bbox 704 1448 807 1486; x_wconf 78' lang='lat' dir='ltr'><strong>digna</strong></span> 
     </span>
     <span class='ocr_line' id='line_1_25' title="bbox 101 1497 807 1539; baseline -0.001 -11"><span class='ocrx_word' id='word_1_105' title='bbox 101 1497 228 1539; x_wconf 84' lang='lat' dir='ltr'><strong>pabulo</strong></span> <span class='ocrx_word' id='word_1_106' title='bbox 253 1498 443 1529; x_wconf 86' lang='lat' dir='ltr'><strong>divinorum</strong></span> <span class='ocrx_word' id='word_1_107' title='bbox 478 1499 663 1539; x_wconf 88' lang='lat' dir='ltr'><strong>Equorum.</strong></span> <span class='ocrx_word' id='word_1_108' title='bbox 710 1497 807 1529; x_wconf 82' lang='lat' dir='ltr'><strong>Adeo</strong></span> 
     </span>
     <span class='ocr_line' id='line_1_26' title="bbox 103 1548 808 1588; baseline -0.003 -8"><span class='ocrx_word' id='word_1_109' title='bbox 103 1549 251 1580; x_wconf 83' lang='lat' dir='ltr'><strong>dilectus</strong></span> <span class='ocrx_word' id='word_1_110' title='bbox 268 1549 386 1580; x_wconf 69' lang='lat' dir='ltr'><strong>Poetis</strong></span> <span class='ocrx_word' id='word_1_111' title='bbox 410 1549 464 1580; x_wconf 88' lang='lat' dir='ltr'><strong>hic</strong></span> <span class='ocrx_word' id='word_1_112' title='bbox 481 1548 616 1588; x_wconf 76' lang='lat' dir='ltr'><strong>fluvius,</strong></span> <span class='ocrx_word' id='word_1_113' title='bbox 641 1554 679 1579; x_wconf 88' lang='lat' dir='ltr'><strong>nt</strong></span> <span class='ocrx_word' id='word_1_114' title='bbox 704 1549 808 1579; x_wconf 86' lang='lat' dir='ltr'><strong>etiam</strong></span> 
     </span>
     <span class='ocr_line' id='line_1_27' title="bbox 104 1598 808 1639; baseline -0.001 -9"><span class='ocrx_word' id='word_1_115' title='bbox 104 1600 136 1630; x_wconf 88' lang='lat' dir='ltr'><strong>iu</strong></span> <span class='ocrx_word' id='word_1_116' title='bbox 166 1608 304 1639; x_wconf 85' lang='lat' dir='ltr'><strong>campos</strong></span> <span class='ocrx_word' id='word_1_117' title='bbox 337 1598 469 1639; x_wconf 71' lang='lat' dir='ltr'><strong>Elysios</strong></span> <span class='ocrx_word' id='word_1_118' title='bbox 496 1598 664 1639; x_wconf 79' lang='lat' dir='ltr'><strong>perfluere</strong></span> <span class='ocrx_word' id='word_1_119' title='bbox 681 1599 808 1638; x_wconf 86' lang='lat' dir='ltr'><strong>dicant,</strong></span> 
     </span>
     <span class='ocr_line' id='line_1_28' title="bbox 106 1648 569 1688; baseline -0.002 -8"><span class='ocrx_word' id='word_1_120' title='bbox 106 1649 155 1680; x_wconf 81' lang='lat' dir='ltr'><strong>uti</strong></span> <span class='ocrx_word' id='word_1_121' title='bbox 173 1649 286 1688; x_wconf 84' lang='lat' dir='ltr'><strong>Maro,</strong></span> <span class='ocrx_word' id='word_1_122' title='bbox 301 1648 358 1679; x_wconf 88' lang='lat' dir='ltr'><strong>lib.</strong></span> <span class='ocrx_word' id='word_1_123' title='bbox 374 1658 424 1680; x_wconf 71' lang='lat' dir='ltr'><strong>vr.</strong></span> <span class='ocrx_word' id='word_1_124' title='bbox 470 1649 569 1680; x_wconf 86' lang='lat' dir='ltr'><em>Idem.</em></span> 
     </span>
    </p>

    <p class='ocr_par' dir='ltr' id='par_1_9' title="bbox 106 1699 813 1888">
     <span class='ocr_line' id='line_1_29' title="bbox 149 1699 809 1740; baseline -0.003 -9"><span class='ocrx_word' id='word_1_125' title='bbox 149 1702 190 1731; x_wconf 81' lang='lat'><strong>19</strong></span> <span class='ocrx_word' id='word_1_126' title='bbox 217 1699 313 1740; x_wconf 85' lang='lat' dir='ltr'><strong>Ulpia</strong></span> <span class='ocrx_word' id='word_1_127' title='bbox 332 1699 513 1740; x_wconf 79' lang='lat' dir='ltr'><strong>progenies]</strong></span> <span class='ocrx_word' id='word_1_128' title='bbox 551 1700 670 1731; x_wconf 88' lang='lat' dir='ltr'><strong>Patria</strong></span> <span class='ocrx_word' id='word_1_129' title='bbox 693 1703 729 1730; x_wconf 89' lang='lat' dir='ltr'><strong>et</strong></span> <span class='ocrx_word' id='word_1_130' title='bbox 745 1699 809 1730; x_wconf 86' lang='lat' dir='ltr'><strong>ori-</strong></span> 
     </span>
     <span class='ocr_line' id='line_1_30' title="bbox 106 1749 812 1791; baseline -0.001 -10"><span class='ocrx_word' id='word_1_131' title='bbox 106 1751 185 1791; x_wconf 83' lang='lat' dir='ltr'><strong>gine</strong></span> <span class='ocrx_word' id='word_1_132' title='bbox 215 1749 257 1781; x_wconf 90' lang='lat' dir='ltr'><strong>ad</strong></span> <span class='ocrx_word' id='word_1_133' title='bbox 284 1750 464 1790; x_wconf 85' lang='lat' dir='ltr'><strong>Trajanum</strong></span> <span class='ocrx_word' id='word_1_134' title='bbox 495 1751 640 1782; x_wconf 87' lang='lat' dir='ltr'><strong>relatum</strong></span> <span class='ocrx_word' id='word_1_135' title='bbox 657 1750 812 1781; x_wconf 85' lang='lat' dir='ltr'><strong>Theodo-</strong></span> 
     </span>
     <span class='ocr_line' id='line_1_31' title="bbox 106 1800 813 1841; baseline -0.003 -9"><span class='ocrx_word' id='word_1_136' title='bbox 106 1802 192 1832; x_wconf 81' lang='lat' dir='ltr'><strong>sium</strong></span> <span class='ocrx_word' id='word_1_137' title='bbox 205 1800 321 1831; x_wconf 88' lang='lat' dir='ltr'><strong>notavi</strong></span> <span class='ocrx_word' id='word_1_138' title='bbox 338 1800 380 1831; x_wconf 88' lang='lat' dir='ltr'><strong>ad</strong></span> <span class='ocrx_word' id='word_1_139' title='bbox 395 1801 607 1841; x_wconf 87' lang='lat' dir='ltr'><strong>superiorem</strong></span> <span class='ocrx_word' id='word_1_140' title='bbox 626 1801 766 1841; x_wconf 75' lang='lat' dir='ltr'><strong>Panegy</strong></span> <span class='ocrx_word' id='word_1_141' title='bbox 774 1800 813 1830; x_wconf 92' lang='lat' dir='ltr'><strong>ri-</strong></span> 
     </span>
     <span class='ocr_line' id='line_1_32' title="bbox 107 1853 351 1888; baseline -0.004 -5"><span class='ocrx_word' id='word_1_142' title='bbox 107 1860 195 1888; x_wconf 83' lang='lat' dir='ltr'><strong>cum,</strong></span> <span class='ocrx_word' id='word_1_143' title='bbox 211 1860 260 1882; x_wconf 88' lang='lat' dir='ltr'><strong>vs.</strong></span> <span class='ocrx_word' id='word_1_144' title='bbox 280 1853 351 1882; x_wconf 89' lang='grc'><strong>176.</strong></span> 
     </span>
    </p>

    <p class='ocr_par' dir='ltr' id='par_1_10' title="bbox 107 1901 816 2034">
     <span class='ocr_line' id='line_1_33' title="bbox 151 1901 813 1943; baseline 0 -10"><span class='ocrx_word' id='word_1_145' title='bbox 151 1901 357 1942; x_wconf 76' lang='lat' dir='ltr'><strong>Diademata]</strong></span> <span class='ocrx_word' id='word_1_146' title='bbox 408 1902 590 1943; x_wconf 82' lang='lat' dir='ltr'><strong>Principes</strong></span> <span class='ocrx_word' id='word_1_147' title='bbox 630 1903 813 1940; x_wconf 88' lang='lat' dir='ltr'><strong>Romanos,</strong></span> 
     </span>
     <span class='ocr_line' id='line_1_34' title="bbox 107 1952 816 1993; baseline 0.003 -11"><span class='ocrx_word' id='word_1_148' title='bbox 107 1962 191 1993; x_wconf 80' lang='lat' dir='ltr'><strong>qnos</strong></span> <span class='ocrx_word' id='word_1_149' title='bbox 213 1952 324 1983; x_wconf 87' lang='lat' dir='ltr'><strong>instar</strong></span> <span class='ocrx_word' id='word_1_150' title='bbox 344 1952 521 1991; x_wconf 81' lang='lat' dir='ltr'><strong>vectigalis</strong></span> <span class='ocrx_word' id='word_1_151' title='bbox 537 1952 741 1993; x_wconf 87' lang='lat' dir='ltr'><strong>Hispaniam</strong></span> <span class='ocrx_word' id='word_1_152' title='bbox 757 1953 816 1984; x_wconf 87' lang='lat' dir='ltr'><strong>de-</strong></span> 
     </span>
     <span class='ocr_line' id='line_1_35' title="bbox 110 2002 515 2034; baseline 0.002 -2"><span class='ocrx_word' id='word_1_153' title='bbox 110 2002 201 2033; x_wconf 85' lang='lat' dir='ltr'><strong>disse</strong></span> <span class='ocrx_word' id='word_1_154' title='bbox 215 2002 295 2032; x_wconf 89' lang='lat' dir='ltr'><strong>alibi</strong></span> <span class='ocrx_word' id='word_1_155' title='bbox 309 2002 368 2033; x_wconf 91' lang='lat' dir='ltr'><strong>ait.</strong></span> <span class='ocrx_word' id='word_1_156' title='bbox 397 2003 515 2034; x_wconf 75' lang='lat' dir='ltr'><strong>Barth.</strong></span> 
     </span>
    </p>

    <p class='ocr_par' dir='ltr' id='par_1_11' title="bbox 113 2051 818 2144">
     <span class='ocr_line' id='line_1_36' title="bbox 153 2051 818 2094; baseline 0.003 -12"><span class='ocrx_word' id='word_1_157' title='bbox 153 2055 195 2082; x_wconf 82' lang='lat'><strong>20</strong></span> <span class='ocrx_word' id='word_1_158' title='bbox 218 2051 310 2082; x_wconf 83' lang='lat' dir='ltr'><strong>lbera.</strong></span> <span class='ocrx_word' id='word_1_159' title='bbox 323 2052 444 2092; x_wconf 84' lang='lat' dir='ltr'><strong>domus]</strong></span> <span class='ocrx_word' id='word_1_160' title='bbox 487 2053 695 2084; x_wconf 86' lang='lat' dir='ltr'><strong>Theodosius</strong></span> <span class='ocrx_word' id='word_1_161' title='bbox 714 2057 818 2094; x_wconf 83' lang='lat' dir='ltr'><strong>gente</strong></span> 
     </span>
     <span class='ocr_line' id='line_1_37' title="bbox 113 2103 304 2144; baseline -0.005 -9"><span class='ocrx_word' id='word_1_162' title='bbox 113 2103 304 2144; x_wconf 86' lang='lat' dir='ltr'><strong>Hispanus.</strong></span> 
     </span>
    </p>

    <p class='ocr_par' dir='ltr' id='par_1_12' title="bbox 112 2154 821 2395">
     <span class='ocr_line' id='line_1_38' title="bbox 157 2154 820 2195; baseline 0.005 -11"><span class='ocrx_word' id='word_1_163' title='bbox 157 2155 225 2185; x_wconf 85' lang='lat' dir='ltr'><strong>Nec</strong></span> <span class='ocrx_word' id='word_1_164' title='bbox 255 2157 353 2185; x_wconf 70' lang='lat' dir='ltr'><strong>tantoe</strong></span> <span class='ocrx_word' id='word_1_165' title='bbox 382 2154 474 2185; x_wconf 75' lang='lat' dir='ltr'><strong>vilior</strong></span> <span class='ocrx_word' id='word_1_166' title='bbox 505 2155 601 2195; x_wconf 81' lang='lat' dir='ltr'><strong>unda]</strong></span> <span class='ocrx_word' id='word_1_167' title='bbox 644 2156 701 2187; x_wconf 88' lang='lat' dir='ltr'><strong>Sic</strong></span> <span class='ocrx_word' id='word_1_168' title='bbox 734 2165 820 2187; x_wconf 90' lang='lat' dir='ltr'><strong>unus</strong></span> 
     </span>
     <span class='ocr_line' id='line_1_39' title="bbox 113 2203 821 2244; baseline 0 -8"><span class='ocrx_word' id='word_1_169' title='bbox 113 2203 243 2236; x_wconf 85' lang='lat' dir='ltr'><strong>Medic.</strong></span> <span class='ocrx_word' id='word_1_170' title='bbox 258 2208 294 2234; x_wconf 90' lang='lat' dir='ltr'><strong>et</strong></span> <span class='ocrx_word' id='word_1_171' title='bbox 309 2204 490 2244; x_wconf 87' lang='lat' dir='ltr'><strong>Junianus,</strong></span> <span class='ocrx_word' id='word_1_172' title='bbox 506 2213 571 2236; x_wconf 91' lang='lat' dir='ltr'><strong>non</strong></span> <span class='ocrx_word' id='word_1_173' title='bbox 587 2208 725 2236; x_wconf 79' lang='lat' dir='ltr'><strong>tantam.-</strong></span> <span class='ocrx_word' id='word_1_174' title='bbox 741 2215 821 2236; x_wconf 90' lang='lat' dir='ltr'><strong>non-</strong></span> 
     </span>
     <span class='ocr_line' id='line_1_40' title="bbox 114 2253 821 2296; baseline 0.001 -11"><span class='ocrx_word' id='word_1_175' title='bbox 114 2253 198 2285; x_wconf 89' lang='lat' dir='ltr'><strong>nulli</strong></span> <span class='ocrx_word' id='word_1_176' title='bbox 213 2254 357 2284; x_wconf 76' lang='lat' dir='ltr'><strong>tandem.-</strong></span> <span class='ocrx_word' id='word_1_177' title='bbox 376 2259 547 2294; x_wconf 72' lang='lat' dir='ltr'><strong>praeterea</strong></span> <span class='ocrx_word' id='word_1_178' title='bbox 559 2255 719 2296; x_wconf 83' lang='lat' dir='ltr'><strong>Isingrini</strong></span> <span class='ocrx_word' id='word_1_179' title='bbox 733 2256 821 2287; x_wconf 86' lang='lat' dir='ltr'><strong>liber</strong></span> 
     </span>
     <span class='ocr_line' id='line_1_41' title="bbox 112 2303 821 2347; baseline 0.004 -12"><span class='ocrx_word' id='word_1_180' title='bbox 112 2305 206 2335; x_wconf 79' lang='lat' dir='ltr'><strong>aula.-</strong></span> <span class='ocrx_word' id='word_1_181' title='bbox 230 2303 319 2345; x_wconf 92' lang='lat' dir='ltr'><strong>quod</strong></span> <span class='ocrx_word' id='word_1_182' title='bbox 343 2313 522 2344; x_wconf 85' lang='lat' dir='ltr'><strong>perperam</strong></span> <span class='ocrx_word' id='word_1_183' title='bbox 539 2311 675 2337; x_wconf 86' lang='lat' dir='ltr'><strong>secutus</strong></span> <span class='ocrx_word' id='word_1_184' title='bbox 690 2307 821 2347; x_wconf 86' lang='lat' dir='ltr'><strong>Raphe-</strong></span> 
     </span>
     <span class='ocr_line' id='line_1_42' title="bbox 115 2354 821 2395; baseline 0.003 -9"><span class='ocrx_word' id='word_1_185' title='bbox 115 2354 269 2395; x_wconf 83' lang='lat' dir='ltr'><strong>lengius:</strong></span> <span class='ocrx_word' id='word_1_186' title='bbox 293 2355 470 2395; x_wconf 86' lang='lat' dir='ltr'><strong>sequentia</strong></span> <span class='ocrx_word' id='word_1_187' title='bbox 497 2365 559 2395; x_wconf 88' lang='lat' dir='ltr'><strong>pro</strong></span> <span class='ocrx_word' id='word_1_188' title='bbox 585 2356 681 2387; x_wconf 91' lang='lat' dir='ltr'><strong>nobis</strong></span> <span class='ocrx_word' id='word_1_189' title='bbox 709 2362 821 2388; x_wconf 86' lang='lat' dir='ltr'><strong>stant:</strong></span> 
     </span>
    </p>
   </div>
   <div class='ocr_carea' id='block_1_3' title="bbox 114 2406 846 2446">
    <p class='ocr_par' dir='ltr' id='par_1_13' title="bbox 114 2406 846 2446">
     <span class='ocr_line' id='line_1_43' title="bbox 114 2406 846 2446; baseline 0.004 -10"><span class='ocrx_word' id='word_1_190' title='bbox 114 2415 220 2446; x_wconf 85' lang='lat' dir='ltr'><strong>supra</strong></span> <span class='ocrx_word' id='word_1_191' title='bbox 239 2414 294 2436; x_wconf 89' lang='lat'><strong>111.</strong></span> <span class='ocrx_word' id='word_1_192' title='bbox 311 2406 487 2437; x_wconf 88' lang='lat' dir='ltr'><strong>Consulat.</strong></span> <span class='ocrx_word' id='word_1_193' title='bbox 512 2407 521 2423; x_wconf 69' lang='lat'><strong><em>⁴</em></strong></span> <span class='ocrx_word' id='word_1_194' title='bbox 535 2407 582 2437; x_wconf 89' lang='lat' dir='ltr'><strong>Te</strong></span> <span class='ocrx_word' id='word_1_195' title='bbox 610 2412 687 2438; x_wconf 87' lang='lat' dir='ltr'><strong>tuus</strong></span> <span class='ocrx_word' id='word_1_196' title='bbox 712 2408 824 2439; x_wconf 84' lang='lat' dir='ltr'><strong>Ocea·</strong></span> <span class='ocrx_word' id='word_1_197' title='bbox 842 2408 846 2410; x_wconf 87' lang='grc'><strong>’</strong></span> 
     </span>
    </p>
   </div>
   <div class='ocr_carea' id='block_1_4' title="bbox 117 2456 827 2789">
    <p class='ocr_par' dir='ltr' id='par_1_14' title="bbox 117 2456 827 2789">
     <span class='ocr_line' id='line_1_44' title="bbox 117 2456 825 2499; baseline 0.003 -12"><span class='ocrx_word' id='word_1_198' title='bbox 117 2465 180 2487; x_wconf 88' lang='lat' dir='ltr'><strong>nus</strong></span> <span class='ocrx_word' id='word_1_199' title='bbox 195 2456 300 2486; x_wconf 88' lang='lat' dir='ltr'><strong>natali</strong></span> <span class='ocrx_word' id='word_1_200' title='bbox 317 2457 452 2496; x_wconf 84' lang='lat' dir='ltr'><strong>gurgite</strong></span> <span class='ocrx_word' id='word_1_201' title='bbox 479 2457 600 2488; x_wconf 80' lang='lat' dir='ltr'><strong>lassum</strong></span> <span class='ocrx_word' id='word_1_202' title='bbox 620 2459 773 2499; x_wconf 80' lang='lat' dir='ltr'><strong>Excipit,</strong></span> <span class='ocrx_word' id='word_1_203' title='bbox 788 2463 825 2489; x_wconf 88' lang='lat' dir='ltr'><strong>et</strong></span> 
     </span>
     <span class='ocr_line' id='line_1_45' title="bbox 118 2506 824 2547; baseline 0.003 -10"><span class='ocrx_word' id='word_1_204' title='bbox 118 2506 206 2537; x_wconf 85' lang='lat' dir='ltr'><strong>notis</strong></span> <span class='ocrx_word' id='word_1_205' title='bbox 224 2506 393 2546; x_wconf 81' lang='lat' dir='ltr'><strong>Hispania</strong></span> <span class='ocrx_word' id='word_1_206' title='bbox 418 2507 545 2547; x_wconf 87' lang='lat' dir='ltr'><strong>proluit</strong></span> <span class='ocrx_word' id='word_1_207' title='bbox 560 2508 682 2540; x_wconf 85' lang='lat' dir='ltr'><strong>un‹lis.’</strong></span> <span class='ocrx_word' id='word_1_208' title='bbox 728 2508 824 2539; x_wconf 77' lang='lat' dir='ltr'><strong>Infra</strong></span> 
     </span>
     <span class='ocr_line' id='line_1_46' title="bbox 119 2557 824 2598; baseline 0.003 -11"><span class='ocrx_word' id='word_1_209' title='bbox 119 2557 183 2588; x_wconf 91' lang='lat' dir='ltr'><strong>hoc</strong></span> <span class='ocrx_word' id='word_1_210' title='bbox 201 2558 273 2598; x_wconf 76' lang='lat' dir='ltr'><strong>ipso</strong></span> <span class='ocrx_word' id='word_1_211' title='bbox 287 2557 386 2595; x_wconf 87' lang='lat' dir='ltr'><strong>libro,</strong></span> <span class='ocrx_word' id='word_1_212' title='bbox 400 2558 409 2574; x_wconf 92' lang='lat'>‘</span> <span class='ocrx_word' id='word_1_213' title='bbox 422 2557 590 2597; x_wconf 85' lang='lat' dir='ltr'><strong>Hispania</strong></span> <span class='ocrx_word' id='word_1_214' title='bbox 606 2563 739 2598; x_wconf 88' lang='lat' dir='ltr'><strong>patrem</strong></span> <span class='ocrx_word' id='word_1_215' title='bbox 754 2559 824 2589; x_wconf 78' lang='lat' dir='ltr'><strong>Au-</strong></span> 
     </span>
     <span class='ocr_line' id='line_1_47' title="bbox 120 2606 824 2648; baseline 0.001 -10"><span class='ocrx_word' id='word_1_216' title='bbox 120 2606 231 2638; x_wconf 83' lang='lat' dir='ltr'><strong>riferis</strong></span> <span class='ocrx_word' id='word_1_217' title='bbox 245 2606 409 2648; x_wconf 82' lang='lat' dir='ltr'><strong>produxit</strong></span> <span class='ocrx_word' id='word_1_218' title='bbox 425 2607 541 2648; x_wconf 68' lang='lat' dir='ltr'><strong>aquis!</strong></span> <span class='ocrx_word' id='word_1_219' title='bbox 566 2609 612 2639; x_wconf 89' lang='lat' dir='ltr'><strong>Et</strong></span> <span class='ocrx_word' id='word_1_220' title='bbox 626 2608 659 2639; x_wconf 92' lang='lat' dir='ltr'><strong>in</strong></span> <span class='ocrx_word' id='word_1_221' title='bbox 678 2609 824 2639; x_wconf 80' lang='lat' dir='ltr'><strong>Fescen-</strong></span> 
     </span>
     <span class='ocr_line' id='line_1_48' title="bbox 121 2656 825 2695; baseline 0.004 -9"><span class='ocrx_word' id='word_1_222' title='bbox 121 2656 223 2695; x_wconf 80' lang='lat' dir='ltr'><strong>niuis,</strong></span> <span class='ocrx_word' id='word_1_223' title='bbox 244 2657 254 2674; x_wconf 87' lang='lat'>‘</span> <span class='ocrx_word' id='word_1_224' title='bbox 271 2657 466 2688; x_wconf 65' lang='lat' dir='ltr'><strong>Caesareum</strong></span> <span class='ocrx_word' id='word_1_225' title='bbox 489 2656 648 2688; x_wconf 86' lang='lat' dir='ltr'><strong>flumineo</strong></span> <span class='ocrx_word' id='word_1_226' title='bbox 674 2658 825 2689; x_wconf 83' lang='lat' dir='ltr'><strong>Stemma</strong></span> 
     </span>
     <span class='ocr_line' id='line_1_49' title="bbox 123 2706 827 2750; baseline 0.006 -15"><span class='ocrx_word' id='word_1_227' title='bbox 123 2706 271 2736; x_wconf 85' lang='lat' dir='ltr'><strong>recurrit</strong></span> <span class='ocrx_word' id='word_1_228' title='bbox 285 2706 382 2738; x_wconf 86' lang='lat' dir='ltr'><strong>ortu.&#39;</strong></span> <span class='ocrx_word' id='word_1_229' title='bbox 428 2707 477 2738; x_wconf 86' lang='lat' dir='ltr'><strong>Ut</strong></span> <span class='ocrx_word' id='word_1_230' title='bbox 502 2713 597 2739; x_wconf 86' lang='lat' dir='ltr'><strong>recte</strong></span> <span class='ocrx_word' id='word_1_231' title='bbox 622 2709 741 2750; x_wconf 87' lang='lat' dir='ltr'><strong>legunt</strong></span> <span class='ocrx_word' id='word_1_232' title='bbox 764 2708 827 2739; x_wconf 89' lang='lat' dir='ltr'><strong>viri</strong></span> 
     </span>
     <span class='ocr_line' id='line_1_50' title="bbox 124 2754 449 2789; baseline 0.009 -3"><span class='ocrx_word' id='word_1_233' title='bbox 124 2754 231 2786; x_wconf 80' lang='lat' dir='ltr'><strong>docti.</strong></span> <span class='ocrx_word' id='word_1_234' title='bbox 276 2756 319 2786; x_wconf 91' lang='lat' dir='ltr'><strong>D.</strong></span> <span class='ocrx_word' id='word_1_235' title='bbox 341 2757 449 2789; x_wconf 73' lang='lat' dir='ltr'><strong>Heius.</strong></span> 
     </span>
    </p>
   </div>
   <div class='ocr_carea' id='block_1_5' title="bbox 175 2804 829 2850">
    <p class='ocr_par' dir='ltr' id='par_1_15' title="bbox 175 2804 829 2850">
     <span class='ocr_line' id='line_1_51' title="bbox 175 2804 829 2850; baseline 0.008 -14"><span class='ocrx_word' id='word_1_236' title='bbox 175 2804 274 2837; x_wconf 75' lang='lat' dir='ltr'><strong>Vilior</strong></span> <span class='ocrx_word' id='word_1_237' title='bbox 290 2806 386 2846; x_wconf 83' lang='lat' dir='ltr'><strong>unda]</strong></span> <span class='ocrx_word' id='word_1_238' title='bbox 428 2808 683 2850; x_wconf 79' lang='lat' dir='ltr'><strong>Antiquissimae</strong></span> <span class='ocrx_word' id='word_1_239' title='bbox 710 2811 829 2841; x_wconf 90' lang='lat' dir='ltr'><strong>nobili·</strong></span> 
     </span>
    </p>
   </div>
   <div class='ocr_carea' id='block_1_6' title="bbox 1435 242 1548 283">
    <p class='ocr_par' dir='ltr' id='par_1_16' title="bbox 1435 242 1548 283">
     <span class='ocr_line' id='line_1_52' title="bbox 1435 242 1548 283; baseline 0.009 -1"><span class='ocrx_word' id='word_1_240' title='bbox 1435 243 1453 282; x_wconf 90' lang='lat'>1</span> <span class='ocrx_word' id='word_1_241' title='bbox 1463 242 1548 283; x_wconf 68' lang='lat'><strong>323</strong></span> 
     </span>
    </p>
   </div>
   <div class='ocr_carea' id='block_1_7' title="bbox 847 340 1600 2841">
    <p class='ocr_par' dir='ltr' id='par_1_17' title="bbox 847 340 1553 573">
     <span class='ocr_line' id='line_1_53' title="bbox 848 340 1549 380; baseline 0.007 -9"><span class='ocrx_word' id='word_1_242' title='bbox 848 340 930 371; x_wconf 85' lang='lat' dir='ltr'><strong>tatis</strong></span> <span class='ocrx_word' id='word_1_243' title='bbox 948 349 1104 380; x_wconf 86' lang='lat' dir='ltr'><strong>suprema</strong></span> <span class='ocrx_word' id='word_1_244' title='bbox 1123 342 1283 380; x_wconf 71' lang='lat' dir='ltr'><strong>repetitio</strong></span> <span class='ocrx_word' id='word_1_245' title='bbox 1301 352 1318 372; x_wconf 85' lang='lat' dir='ltr'><strong>a</strong></span> <span class='ocrx_word' id='word_1_246' title='bbox 1344 342 1549 376; x_wconf 81' lang='lat' dir='ltr'><strong>fluminibus.</strong></span> 
     </span>
     <span class='ocr_line' id='line_1_54' title="bbox 848 390 1550 432; baseline 0.007 -12"><span class='ocrx_word' id='word_1_247' title='bbox 848 390 910 421; x_wconf 87' lang='lat' dir='ltr'><strong>His</strong></span> <span class='ocrx_word' id='word_1_248' title='bbox 928 391 1081 421; x_wconf 85' lang='lat' dir='ltr'><strong>omnibus</strong></span> <span class='ocrx_word' id='word_1_249' title='bbox 1097 396 1131 420; x_wconf 84' lang='lat' dir='ltr'><strong>nt</strong></span> <span class='ocrx_word' id='word_1_250' title='bbox 1149 391 1373 422; x_wconf 66' lang='lat' dir='ltr'><strong>Theodosium</strong></span> <span class='ocrx_word' id='word_1_251' title='bbox 1388 395 1550 432; x_wconf 71' lang='lat' dir='ltr'><strong>pra-serat</strong></span> 
     </span>
     <span class='ocr_line' id='line_1_55' title="bbox 847 441 1551 481; baseline 0.004 -10"><span class='ocrx_word' id='word_1_252' title='bbox 847 446 973 481; x_wconf 87' lang='lat' dir='ltr'><strong>noster,</strong></span> <span class='ocrx_word' id='word_1_253' title='bbox 997 451 1074 480; x_wconf 84' lang='lat' dir='ltr'><strong>non,</strong></span> <span class='ocrx_word' id='word_1_254' title='bbox 1093 447 1128 472; x_wconf 87' lang='lat' dir='ltr'><strong>ut</strong></span> <span class='ocrx_word' id='word_1_255' title='bbox 1147 441 1352 479; x_wconf 76' lang='lat' dir='ltr'><strong>iiii‚n=11ni11i</strong></span> <span class='ocrx_word' id='word_1_256' title='bbox 1378 443 1475 473; x_wconf 82' lang='lat' dir='ltr'><strong>alicui</strong></span> <span class='ocrx_word' id='word_1_257' title='bbox 1495 445 1551 474; x_wconf 85' lang='lat' dir='ltr'><strong>ad-</strong></span> 
     </span>
     <span class='ocr_line' id='line_1_56' title="bbox 847 492 1553 533; baseline 0.001 -12"><span class='ocrx_word' id='word_1_258' title='bbox 847 492 929 521; x_wconf 77' lang='lat' dir='ltr'><strong>dicit</strong></span> <span class='ocrx_word' id='word_1_259' title='bbox 943 497 1070 527; x_wconf 71' lang='lat' dir='ltr'><strong>natum,</strong></span> <span class='ocrx_word' id='word_1_260' title='bbox 1083 492 1139 522; x_wconf 70' lang='lat' dir='ltr'><strong>sed</strong></span> <span class='ocrx_word' id='word_1_261' title='bbox 1155 492 1219 532; x_wconf 88' lang='lat' dir='ltr'><strong>ipsi</strong></span> <span class='ocrx_word' id='word_1_262' title='bbox 1233 492 1382 522; x_wconf 87' lang='lat' dir='ltr'><strong>Deorum</strong></span> <span class='ocrx_word' id='word_1_263' title='bbox 1398 494 1553 533; x_wconf 80' lang='lat' dir='ltr'><strong>genitori,</strong></span> 
     </span>
     <span class='ocr_line' id='line_1_57' title="bbox 849 542 1164 573; baseline -0.003 -1"><span class='ocrx_word' id='word_1_264' title='bbox 849 542 1002 573; x_wconf 85' lang='lat' dir='ltr'><strong>Oceano.</strong></span> <span class='ocrx_word' id='word_1_265' title='bbox 1048 543 1164 572; x_wconf 77' lang='lat' dir='ltr'><strong>Bur-th.</strong></span> 
     </span>
    </p>

    <p class='ocr_par' dir='ltr' id='par_1_18' title="bbox 849 591 1555 779">
     <span class='ocr_line' id='line_1_58' title="bbox 891 591 1554 631; baseline 0.003 -10"><span class='ocrx_word' id='word_1_266' title='bbox 891 595 930 622; x_wconf 76' lang='lat'><strong>21</strong></span> <span class='ocrx_word' id='word_1_267' title='bbox 959 592 1120 622; x_wconf 79' lang='lat' dir='ltr'><strong>Cunabula</strong></span> <span class='ocrx_word' id='word_1_268' title='bbox 1143 592 1226 630; x_wconf 78' lang='lat' dir='ltr'><strong>fovit</strong></span> <span class='ocrx_word' id='word_1_269' title='bbox 1262 591 1417 631; x_wconf 81' lang='lat' dir='ltr'><strong>Oceanus]</strong></span> <span class='ocrx_word' id='word_1_270' title='bbox 1443 592 1554 623; x_wconf 82' lang='lat' dir='ltr'><strong>Ocea-</strong></span> 
     </span>
     <span class='ocr_line' id='line_1_59' title="bbox 849 642 1555 682; baseline 0.003 -11"><span class='ocrx_word' id='word_1_271' title='bbox 849 651 926 671; x_wconf 90' lang='lat' dir='ltr'><strong>num</strong></span> <span class='ocrx_word' id='word_1_272' title='bbox 945 648 1122 681; x_wconf 83' lang='lat' dir='ltr'><strong>parentem</strong></span> <span class='ocrx_word' id='word_1_273' title='bbox 1152 643 1300 672; x_wconf 75' lang='lat' dir='ltr'><strong>Deorum</strong></span> <span class='ocrx_word' id='word_1_274' title='bbox 1333 643 1416 673; x_wconf 85' lang='lat' dir='ltr'><strong>dicit</strong></span> <span class='ocrx_word' id='word_1_275' title='bbox 1431 642 1555 682; x_wconf 74' lang='grc' dir='ltr'>Ὁμηρι-</span> 
     </span>
     <span class='ocr_line' id='line_1_60' title="bbox 849 693 1555 732; baseline 0.003 -11"><span class='ocrx_word' id='word_1_276' title='bbox 849 693 918 729; x_wconf 83' lang='grc' dir='ltr'><strong><em>κῶς,</em></strong></span> <span class='ocrx_word' id='word_1_277' title='bbox 946 702 964 722; x_wconf 86' lang='lat' dir='ltr'><strong>a</strong></span> <span class='ocrx_word' id='word_1_278' title='bbox 992 701 1056 732; x_wconf 87' lang='lat' dir='ltr'><strong>qno</strong></span> <span class='ocrx_word' id='word_1_279' title='bbox 1081 693 1229 722; x_wconf 84' lang='lat' dir='ltr'><strong>omnium</strong></span> <span class='ocrx_word' id='word_1_280' title='bbox 1254 693 1430 732; x_wconf 74' lang='lat' dir='ltr'><strong>originem,</strong></span> <span class='ocrx_word' id='word_1_281' title='bbox 1453 694 1555 724; x_wconf 86' lang='lat' dir='ltr'><strong>etiam</strong></span> 
     </span>
     <span class='ocr_line' id='line_1_61' title="bbox 850 742 1448 779; baseline 0.002 -7"><span class='ocrx_word' id='word_1_282' title='bbox 850 742 1032 779; x_wconf 82' lang='lat' dir='ltr'><strong>hominum,</strong></span> <span class='ocrx_word' id='word_1_283' title='bbox 1048 743 1103 773; x_wconf 85' lang='lat' dir='ltr'><strong>alii</strong></span> <span class='ocrx_word' id='word_1_284' title='bbox 1122 742 1310 773; x_wconf 81' lang='lat' dir='ltr'><strong>deducunt.</strong></span> <span class='ocrx_word' id='word_1_285' title='bbox 1351 743 1448 773; x_wconf 71' lang='lat' dir='ltr'><strong>Idem.</strong></span> 
     </span>
    </p>

    <p class='ocr_par' dir='ltr' id='par_1_19' title="bbox 850 793 1558 1035">
     <span class='ocr_line' id='line_1_62' title="bbox 892 793 1556 832; baseline 0 -9"><span class='ocrx_word' id='word_1_286' title='bbox 892 796 932 824; x_wconf 81' lang='lat'><strong>23</strong></span> <span class='ocrx_word' id='word_1_287' title='bbox 961 793 1124 832; x_wconf 64' lang='lat' dir='ltr'><strong>[mumma]</strong></span> <span class='ocrx_word' id='word_1_288' title='bbox 1158 793 1382 824; x_wconf 80' lang='lat' dir='ltr'><strong>Commodum</strong></span> <span class='ocrx_word' id='word_1_289' title='bbox 1409 802 1488 823; x_wconf 83' lang='lat' dir='ltr'><strong>sane</strong></span> <span class='ocrx_word' id='word_1_290' title='bbox 1515 794 1556 823; x_wconf 83' lang='lat' dir='ltr'><strong>E-</strong></span> 
     </span>
     <span class='ocr_line' id='line_1_63' title="bbox 851 843 1556 884; baseline 0.001 -11"><span class='ocrx_word' id='word_1_291' title='bbox 851 843 1005 883; x_wconf 85' lang='lat' dir='ltr'><strong>pitheton</strong></span> <span class='ocrx_word' id='word_1_292' title='bbox 1026 844 1145 882; x_wconf 79' lang='lat' dir='ltr'><strong>Maris,</strong></span> <span class='ocrx_word' id='word_1_293' title='bbox 1169 844 1258 884; x_wconf 73' lang='lat' dir='ltr'><strong>qumi</strong></span> <span class='ocrx_word' id='word_1_294' title='bbox 1278 853 1342 873; x_wconf 93' lang='lat' dir='ltr'><strong>nou</strong></span> <span class='ocrx_word' id='word_1_295' title='bbox 1372 844 1443 874; x_wconf 82' lang='lat' dir='ltr'><strong>sine</strong></span> <span class='ocrx_word' id='word_1_296' title='bbox 1459 844 1556 874; x_wconf 90' lang='lat' dir='ltr'><strong>mira-</strong></span> 
     </span>
     <span class='ocr_line' id='line_1_64' title="bbox 850 894 1558 934; baseline 0 -10"><span class='ocrx_word' id='word_1_297' title='bbox 850 894 926 925; x_wconf 90' lang='lat' dir='ltr'><strong>culo</strong></span> <span class='ocrx_word' id='word_1_298' title='bbox 946 894 1117 934; x_wconf 71' lang='lat' dir='ltr'><strong>inspicies,</strong></span> <span class='ocrx_word' id='word_1_299' title='bbox 1151 904 1228 924; x_wconf 88' lang='lat' dir='ltr'><strong>cum</strong></span> <span class='ocrx_word' id='word_1_300' title='bbox 1267 894 1438 925; x_wconf 82' lang='lat' dir='ltr'><strong>infinitum</strong></span> <span class='ocrx_word' id='word_1_301' title='bbox 1471 904 1558 933; x_wconf 82' lang='lat' dir='ltr'><strong>esse,</strong></span> 
     </span>
     <span class='ocr_line' id='line_1_65' title="bbox 850 945 1557 986; baseline 0.003 -12"><span class='ocrx_word' id='word_1_302' title='bbox 850 954 913 975; x_wconf 84' lang='lat' dir='ltr'><strong>nec</strong></span> <span class='ocrx_word' id='word_1_303' title='bbox 946 945 1056 974; x_wconf 85' lang='lat' dir='ltr'><strong>auimo</strong></span> <span class='ocrx_word' id='word_1_304' title='bbox 1083 950 1207 975; x_wconf 83' lang='lat' dir='ltr'><strong>metam</strong></span> <span class='ocrx_word' id='word_1_305' title='bbox 1239 945 1314 985; x_wconf 82' lang='lat' dir='ltr'><strong>ejus</strong></span> <span class='ocrx_word' id='word_1_306' title='bbox 1348 951 1380 975; x_wconf 86' lang='lat' dir='ltr'><strong>te</strong></span> <span class='ocrx_word' id='word_1_307' title='bbox 1415 951 1557 986; x_wconf 85' lang='lat' dir='ltr'><strong>tangere</strong></span> 
     </span>
     <span class='ocr_line' id='line_1_66' title="bbox 852 995 1342 1035; baseline 0.002 -11"><span class='ocrx_word' id='word_1_308' title='bbox 852 1005 949 1035; x_wconf 82' lang='lat' dir='ltr'><strong>posse</strong></span> <span class='ocrx_word' id='word_1_309' title='bbox 971 995 1217 1025; x_wconf 79' lang='lat' dir='ltr'><strong>considerabis.</strong></span> <span class='ocrx_word' id='word_1_310' title='bbox 1245 996 1342 1026; x_wconf 81' lang='lat' dir='ltr'><strong>Idem.</strong></span> 
     </span>
    </p>

    <p class='ocr_par' dir='ltr' id='par_1_20' title="bbox 851 1046 1564 1379">
     <span class='ocr_line' id='line_1_67' title="bbox 895 1046 1560 1085; baseline 0 -9"><span class='ocrx_word' id='word_1_311' title='bbox 895 1049 935 1077; x_wconf 72' lang='lat'><strong>24</strong></span> <span class='ocrx_word' id='word_1_312' title='bbox 960 1046 1047 1076; x_wconf 78' lang='lat' dir='ltr'><strong>IIinc</strong></span> <span class='ocrx_word' id='word_1_313' title='bbox 1074 1047 1222 1085; x_wconf 77' lang='lat' dir='ltr'><strong>processit</strong></span> <span class='ocrx_word' id='word_1_314' title='bbox 1254 1046 1343 1085; x_wconf 69' lang='lat' dir='ltr'><strong>arus]</strong></span> <span class='ocrx_word' id='word_1_315' title='bbox 1380 1047 1560 1077; x_wconf 82' lang='lat' dir='ltr'><strong>Theodosii</strong></span> 
     </span>
     <span class='ocr_line' id='line_1_68' title="bbox 852 1095 1560 1135; baseline -0.001 -10"><span class='ocrx_word' id='word_1_316' title='bbox 852 1096 969 1134; x_wconf 83' lang='lat' dir='ltr'><strong>Pater,</strong></span> <span class='ocrx_word' id='word_1_317' title='bbox 990 1095 1131 1126; x_wconf 83' lang='lat' dir='ltr'><strong>Honorii</strong></span> <span class='ocrx_word' id='word_1_318' title='bbox 1150 1106 1252 1125; x_wconf 88' lang='lat' dir='ltr'><strong>avus:</strong></span> <span class='ocrx_word' id='word_1_319' title='bbox 1278 1097 1320 1125; x_wconf 81' lang='lat' dir='ltr'><strong>(le</strong></span> <span class='ocrx_word' id='word_1_320' title='bbox 1344 1097 1442 1135; x_wconf 80' lang='lat' dir='ltr'><strong>cujus</strong></span> <span class='ocrx_word' id='word_1_321' title='bbox 1460 1096 1560 1126; x_wconf 84' lang='lat' dir='ltr'><strong>rebus</strong></span> 
     </span>
     <span class='ocr_line' id='line_1_69' title="bbox 854 1145 1563 1185; baseline 0 -10"><span class='ocrx_word' id='word_1_322' title='bbox 854 1146 958 1185; x_wconf 77' lang='lat' dir='ltr'><strong>gestis</strong></span> <span class='ocrx_word' id='word_1_323' title='bbox 971 1145 1194 1185; x_wconf 72' lang='lat' dir='ltr'><strong>praecedente</strong></span> <span class='ocrx_word' id='word_1_324' title='bbox 1210 1145 1437 1185; x_wconf 70' lang='lat' dir='ltr'><strong>Panegyrico.</strong></span> <span class='ocrx_word' id='word_1_325' title='bbox 1452 1145 1563 1175; x_wconf 68' lang='lat' dir='ltr'><strong>&#39;l‘heo-</strong></span> 
     </span>
     <span class='ocr_line' id='line_1_70' title="bbox 851 1195 1564 1236; baseline 0 -10"><span class='ocrx_word' id='word_1_326' title='bbox 851 1196 981 1227; x_wconf 90' lang='lat' dir='ltr'><strong>dosium</strong></span> <span class='ocrx_word' id='word_1_327' title='bbox 1014 1196 1190 1226; x_wconf 88' lang='lat' dir='ltr'><strong>Seniorem</strong></span> <span class='ocrx_word' id='word_1_328' title='bbox 1230 1195 1345 1226; x_wconf 88' lang='lat' dir='ltr'><strong>dicere</strong></span> <span class='ocrx_word' id='word_1_329' title='bbox 1384 1196 1476 1236; x_wconf 86' lang='lat' dir='ltr'><strong>licet,</strong></span> <span class='ocrx_word' id='word_1_330' title='bbox 1515 1205 1564 1226; x_wconf 89' lang='lat' dir='ltr'><strong>re-</strong></span> 
     </span>
     <span class='ocr_line' id='line_1_71' title="bbox 853 1246 1562 1287; baseline 0 -10"><span class='ocrx_word' id='word_1_331' title='bbox 853 1252 972 1287; x_wconf 88' lang='lat' dir='ltr'><strong>spectu</strong></span> <span class='ocrx_word' id='word_1_332' title='bbox 997 1246 1343 1287; x_wconf 81' lang='lat' dir='ltr'><strong>Imperatoris‚queni</strong></span> <span class='ocrx_word' id='word_1_333' title='bbox 1381 1246 1562 1278; x_wconf 84' lang='lat' dir='ltr'><strong>Juniorem</strong></span> 
     </span>
     <span class='ocr_line' id='line_1_72' title="bbox 854 1297 1564 1337; baseline 0 -10"><span class='ocrx_word' id='word_1_334' title='bbox 854 1303 955 1328; x_wconf 80' lang='lat' dir='ltr'><strong>vocat</strong></span> <span class='ocrx_word' id='word_1_335' title='bbox 986 1307 1047 1328; x_wconf 91' lang='lat' dir='ltr'><strong>nec</strong></span> <span class='ocrx_word' id='word_1_336' title='bbox 1073 1298 1151 1327; x_wconf 87' lang='lat' dir='ltr'><strong>dum</strong></span> <span class='ocrx_word' id='word_1_337' title='bbox 1179 1297 1388 1337; x_wconf 78' lang='lat' dir='ltr'><strong>Principem,</strong></span> <span class='ocrx_word' id='word_1_338' title='bbox 1414 1297 1564 1328; x_wconf 82' lang='lat' dir='ltr'><strong>Ammia-</strong></span> 
     </span>
     <span class='ocr_line' id='line_1_73' title="bbox 855 1349 1052 1379; baseline -0.005 0"><span class='ocrx_word' id='word_1_339' title='bbox 855 1358 926 1379; x_wconf 88' lang='lat' dir='ltr'><strong>nus.</strong></span> <span class='ocrx_word' id='word_1_340' title='bbox 955 1349 1052 1379; x_wconf 73' lang='lat' dir='ltr'><strong>Idem.</strong></span> 
     </span>
    </p>

    <p class='ocr_par' dir='ltr' id='par_1_21' title="bbox 858 1397 1566 1579">
     <span class='ocr_line' id='line_1_74' title="bbox 900 1397 1564 1438; baseline 0 -10"><span class='ocrx_word' id='word_1_341' title='bbox 900 1398 1003 1438; x_wconf 68' lang='lat' dir='ltr'><strong>Avus]</strong></span> <span class='ocrx_word' id='word_1_342' title='bbox 1026 1397 1246 1436; x_wconf 77' lang='lat' dir='ltr'><strong>Theodosius,</strong></span> <span class='ocrx_word' id='word_1_343' title='bbox 1267 1407 1380 1428; x_wconf 84' lang='lat' dir='ltr'><strong>comes</strong></span> <span class='ocrx_word' id='word_1_344' title='bbox 1409 1402 1444 1428; x_wconf 86' lang='lat' dir='ltr'><strong>et</strong></span> <span class='ocrx_word' id='word_1_345' title='bbox 1470 1398 1564 1437; x_wconf 84' lang='lat' dir='ltr'><strong>Mag.</strong></span> 
     </span>
     <span class='ocr_line' id='line_1_75' title="bbox 858 1446 1566 1488; baseline 0.001 -11"><span class='ocrx_word' id='word_1_346' title='bbox 858 1448 1022 1488; x_wconf 78' lang='lat' dir='ltr'><strong>equitum,</strong></span> <span class='ocrx_word' id='word_1_347' title='bbox 1044 1448 1095 1478; x_wconf 88' lang='lat' dir='ltr'><strong>vir</strong></span> <span class='ocrx_word' id='word_1_348' title='bbox 1108 1447 1255 1478; x_wconf 89' lang='lat' dir='ltr'><strong>omnium</strong></span> <span class='ocrx_word' id='word_1_349' title='bbox 1285 1457 1343 1478; x_wconf 87' lang='lat' dir='ltr'><strong>sua</strong></span> <span class='ocrx_word' id='word_1_350' title='bbox 1372 1453 1474 1478; x_wconf 78' lang='lat' dir='ltr'><strong>aetate</strong></span> <span class='ocrx_word' id='word_1_351' title='bbox 1498 1446 1566 1478; x_wconf 82' lang='lat' dir='ltr'><strong>for-</strong></span> 
     </span>
     <span class='ocr_line' id='line_1_76' title="bbox 860 1497 1565 1537; baseline 0.001 -10"><span class='ocrx_word' id='word_1_352' title='bbox 860 1498 1020 1528; x_wconf 88' lang='lat' dir='ltr'><strong>tissimus.</strong></span> <span class='ocrx_word' id='word_1_353' title='bbox 1083 1498 1139 1527; x_wconf 90' lang='lat' dir='ltr'><strong>De</strong></span> <span class='ocrx_word' id='word_1_354' title='bbox 1166 1497 1229 1528; x_wconf 91' lang='lat' dir='ltr'><strong>hoc</strong></span> <span class='ocrx_word' id='word_1_355' title='bbox 1259 1497 1365 1527; x_wconf 88' lang='lat' dir='ltr'><strong>multa</strong></span> <span class='ocrx_word' id='word_1_356' title='bbox 1394 1497 1565 1537; x_wconf 68' lang='lat' dir='ltr'><strong>superius·</strong></span> 
     </span>
     <span class='ocr_line' id='line_1_77' title="bbox 862 1549 986 1579; baseline 0.008 -1"><span class='ocrx_word' id='word_1_357' title='bbox 862 1549 986 1579; x_wconf 77' lang='lat' dir='ltr'><strong>Clurcr.</strong></span> 
     </span>
    </p>

    <p class='ocr_par' dir='ltr' id='par_1_22' title="bbox 861 1597 1568 1778">
     <span class='ocr_line' id='line_1_78' title="bbox 903 1597 1566 1638; baseline 0 -10"><span class='ocrx_word' id='word_1_358' title='bbox 903 1602 942 1629; x_wconf 80' lang='lat'><strong>25</strong></span> <span class='ocrx_word' id='word_1_359' title='bbox 969 1597 1097 1638; x_wconf 69' lang='lat' dir='ltr'><strong>Africa]</strong></span> <span class='ocrx_word' id='word_1_360' title='bbox 1122 1598 1227 1628; x_wconf 83' lang='lat' dir='ltr'><strong>Trans</strong></span> <span class='ocrx_word' id='word_1_361' title='bbox 1246 1598 1402 1628; x_wconf 80' lang='lat' dir='ltr'><strong>Rhenum</strong></span> <span class='ocrx_word' id='word_1_362' title='bbox 1419 1598 1566 1638; x_wconf 88' lang='lat' dir='ltr'><strong>primum</strong></span> 
     </span>
     <span class='ocr_line' id='line_1_79' title="bbox 861 1647 1568 1678; baseline 0 0"><span class='ocrx_word' id='word_1_363' title='bbox 861 1648 1027 1678; x_wconf 85' lang='lat' dir='ltr'><strong>Barbaros</strong></span> <span class='ocrx_word' id='word_1_364' title='bbox 1040 1647 1208 1678; x_wconf 79' lang='lat' dir='ltr'><strong>domuisse</strong></span> <span class='ocrx_word' id='word_1_365' title='bbox 1224 1647 1399 1678; x_wconf 89' lang='lat' dir='ltr'><strong>Seniorem</strong></span> <span class='ocrx_word' id='word_1_366' title='bbox 1414 1647 1568 1678; x_wconf 87' lang='lat' dir='ltr'><strong>Theodo-</strong></span> 
     </span>
     <span class='ocr_line' id='line_1_80' title="bbox 861 1696 1567 1737; baseline -0.001 -9"><span class='ocrx_word' id='word_1_367' title='bbox 861 1698 944 1729; x_wconf 88' lang='lat' dir='ltr'><strong>sium</strong></span> <span class='ocrx_word' id='word_1_368' title='bbox 961 1697 1061 1735; x_wconf 82' lang='lat' dir='ltr'><strong>dicit,</strong></span> <span class='ocrx_word' id='word_1_369' title='bbox 1079 1697 1203 1728; x_wconf 85' lang='lat' dir='ltr'><strong>deinde</strong></span> <span class='ocrx_word' id='word_1_370' title='bbox 1221 1698 1252 1727; x_wconf 90' lang='lat' dir='ltr'><strong>in</strong></span> <span class='ocrx_word' id='word_1_371' title='bbox 1274 1696 1404 1737; x_wconf 86' lang='lat' dir='ltr'><strong>Africa,</strong></span> <span class='ocrx_word' id='word_1_372' title='bbox 1421 1702 1567 1737; x_wconf 86' lang='lat' dir='ltr'><strong>postmo-</strong></span> 
     </span>
     <span class='ocr_line' id='line_1_81' title="bbox 863 1746 1293 1778; baseline -0.002 0"><span class='ocrx_word' id='word_1_373' title='bbox 863 1748 943 1778; x_wconf 89' lang='lat' dir='ltr'><strong>dnm</strong></span> <span class='ocrx_word' id='word_1_374' title='bbox 961 1747 1151 1778; x_wconf 79' lang='lat' dir='ltr'><strong>Britannia.</strong></span> <span class='ocrx_word' id='word_1_375' title='bbox 1176 1746 1293 1777; x_wconf 79' lang='lat' dir='ltr'><strong>Barth.</strong></span> 
     </span>
    </p>

    <p class='ocr_par' dir='ltr' id='par_1_23' title="bbox 863 1795 1600 2082">
     <span class='ocr_line' id='line_1_82' title="bbox 904 1795 1569 1838; baseline -0.005 -9"><span class='ocrx_word' id='word_1_376' title='bbox 904 1801 946 1829; x_wconf 81' lang='lat'><strong>26</strong></span> <span class='ocrx_word' id='word_1_377' title='bbox 972 1796 1162 1838; x_wconf 76' lang='lat' dir='ltr'><strong>Caledoniis]</strong></span> <span class='ocrx_word' id='word_1_378' title='bbox 1186 1795 1397 1827; x_wconf 86' lang='lat' dir='ltr'><strong>Britanniam</strong></span> <span class='ocrx_word' id='word_1_379' title='bbox 1410 1795 1569 1828; x_wconf 87' lang='lat' dir='ltr'><strong>felicibus</strong></span> 
     </span>
     <span class='ocr_line' id='line_1_83' title="bbox 863 1846 1570 1890; baseline -0.004 -10"><span class='ocrx_word' id='word_1_380' title='bbox 863 1847 1142 1890; x_wconf 80' lang='lat' dir='ltr'><strong>expeditionibus</strong></span> <span class='ocrx_word' id='word_1_381' title='bbox 1173 1846 1320 1878; x_wconf 89' lang='lat' dir='ltr'><strong>eundem</strong></span> <span class='ocrx_word' id='word_1_382' title='bbox 1346 1846 1570 1877; x_wconf 83' lang='lat' dir='ltr'><strong>Theodosium</strong></span> 
     </span>
     <span class='ocr_line' id='line_1_84' title="bbox 866 1897 1600 1939; baseline -0.004 -8"><span class='ocrx_word' id='word_1_383' title='bbox 866 1900 1034 1931; x_wconf 85' lang='lat' dir='ltr'><strong>Comitem</strong></span> <span class='ocrx_word' id='word_1_384' title='bbox 1050 1908 1211 1939; x_wconf 84' lang='lat' dir='ltr'><strong>pacasse;</strong></span> <span class='ocrx_word' id='word_1_385' title='bbox 1228 1902 1263 1929; x_wconf 88' lang='lat' dir='ltr'><strong>et</strong></span> <span class='ocrx_word' id='word_1_386' title='bbox 1279 1907 1321 1928; x_wconf 88' lang='lat' dir='ltr'><strong>ex</strong></span> <span class='ocrx_word' id='word_1_387' title='bbox 1340 1903 1485 1939; x_wconf 81' lang='lat' dir='ltr'><strong>utroque</strong></span> <span class='ocrx_word' id='word_1_388' title='bbox 1503 1897 1573 1928; x_wconf 87' lang='lat' dir='ltr'><strong>bel·</strong></span> <span class='ocrx_word' id='word_1_389' title='bbox 1597 1934 1600 1937; x_wconf 39' lang='grc'>,</span> 
     </span>
     <span class='ocr_line' id='line_1_85' title="bbox 866 1948 1573 1989; baseline -0.006 -7"><span class='ocrx_word' id='word_1_390' title='bbox 866 1952 911 1989; x_wconf 90' lang='lat' dir='ltr'><strong>lo,</strong></span> <span class='ocrx_word' id='word_1_391' title='bbox 940 1956 1008 1981; x_wconf 89' lang='lat' dir='ltr'><strong>tam</strong></span> <span class='ocrx_word' id='word_1_392' title='bbox 1038 1948 1201 1980; x_wconf 83' lang='lat' dir='ltr'><strong>Africano</strong></span> <span class='ocrx_word' id='word_1_393' title='bbox 1228 1958 1326 1989; x_wconf 88' lang='lat' dir='ltr'><strong>quam</strong></span> <span class='ocrx_word' id='word_1_394' title='bbox 1357 1948 1573 1986; x_wconf 86' lang='lat' dir='ltr'><strong>Britannico,</strong></span> 
     </span>
     <span class='ocr_line' id='line_1_86' title="bbox 868 1998 1573 2042; baseline -0.001 -11"><span class='ocrx_word' id='word_1_395' title='bbox 868 2010 1010 2042; x_wconf 86' lang='lat' dir='ltr'><strong>quorum</strong></span> <span class='ocrx_word' id='word_1_396' title='bbox 1028 1999 1082 2030; x_wconf 89' lang='lat' dir='ltr'><strong>hic</strong></span> <span class='ocrx_word' id='word_1_397' title='bbox 1099 2004 1221 2038; x_wconf 62' lang='lat' dir='ltr'><strong>noster⁴</strong></span> <span class='ocrx_word' id='word_1_398' title='bbox 1234 1998 1343 2037; x_wconf 87' lang='lat' dir='ltr'><strong>testis,</strong></span> <span class='ocrx_word' id='word_1_399' title='bbox 1357 2004 1488 2029; x_wconf 78' lang='lat' dir='ltr'><strong>statuas</strong></span> <span class='ocrx_word' id='word_1_400' title='bbox 1505 2008 1573 2030; x_wconf 90' lang='lat' dir='ltr'><strong>me·</strong></span> 
     </span>
     <span class='ocr_line' id='line_1_87' title="bbox 869 2051 1106 2082; baseline -0.008 0"><span class='ocrx_word' id='word_1_401' title='bbox 869 2051 981 2082; x_wconf 88' lang='lat' dir='ltr'><strong>ritum.</strong></span> <span class='ocrx_word' id='word_1_402' title='bbox 1008 2051 1106 2080; x_wconf 82' lang='lat' dir='ltr'><strong>Idem.</strong></span> 
     </span>
    </p>

    <p class='ocr_par' dir='ltr' id='par_1_24' title="bbox 868 2098 1576 2539">
     <span class='ocr_line' id='line_1_88' title="bbox 910 2098 1575 2140; baseline -0.002 -9"><span class='ocrx_word' id='word_1_403' title='bbox 910 2104 951 2132; x_wconf 78' lang='lat'><strong>⁶27</strong></span> <span class='ocrx_word' id='word_1_404' title='bbox 977 2101 1041 2136; x_wconf 79' lang='lat' dir='ltr'><strong>Qui</strong></span> <span class='ocrx_word' id='word_1_405' title='bbox 1054 2100 1167 2131; x_wconf 75' lang='lat' dir='ltr'><strong>medios</strong></span> <span class='ocrx_word' id='word_1_406' title='bbox 1184 2098 1220 2130; x_wconf 92' lang='lat' dir='ltr'><strong>L.</strong></span> <span class='ocrx_word' id='word_1_407' title='bbox 1236 2109 1260 2128; x_wconf 90' lang='lat' dir='ltr'><strong>s.</strong></span> <span class='ocrx_word' id='word_1_408' title='bbox 1277 2108 1303 2129; x_wconf 87' lang='lat' dir='ltr'><strong>c.</strong></span> <span class='ocrx_word' id='word_1_409' title='bbox 1318 2099 1450 2139; x_wconf 77' lang='lat' dir='ltr'><strong>pertulit</strong></span> <span class='ocrx_word' id='word_1_410' title='bbox 1467 2100 1575 2140; x_wconf 76' lang='lat' dir='ltr'><strong>oestus]</strong></span> 
     </span>
     <span class='ocr_line' id='line_1_89' title="bbox 868 2149 1575 2192; baseline -0.006 -9"><span class='ocrx_word' id='word_1_411' title='bbox 868 2153 923 2183; x_wconf 91' lang='lat' dir='ltr'><strong>Ita</strong></span> <span class='ocrx_word' id='word_1_412' title='bbox 939 2151 1058 2192; x_wconf 85' lang='lat' dir='ltr'><strong>scripti</strong></span> <span class='ocrx_word' id='word_1_413' title='bbox 1073 2159 1204 2189; x_wconf 89' lang='lat' dir='ltr'><strong>omnes,</strong></span> <span class='ocrx_word' id='word_1_414' title='bbox 1219 2154 1255 2180; x_wconf 90' lang='lat' dir='ltr'><strong>ut</strong></span> <span class='ocrx_word' id='word_1_415' title='bbox 1268 2149 1372 2179; x_wconf 87' lang='lat' dir='ltr'><strong>mirer</strong></span> <span class='ocrx_word' id='word_1_416' title='bbox 1385 2149 1465 2190; x_wconf 85' lang='lat' dir='ltr'><strong>quid</strong></span> <span class='ocrx_word' id='word_1_417' title='bbox 1482 2159 1575 2189; x_wconf 87' lang='lat' dir='ltr'><strong>mag-</strong></span> 
     </span>
     <span class='ocr_line' id='line_1_90' title="bbox 868 2199 1576 2241; baseline -0.006 -8"><span class='ocrx_word' id='word_1_418' title='bbox 868 2212 931 2234; x_wconf 87' lang='lat' dir='ltr'><strong>nus</strong></span> <span class='ocrx_word' id='word_1_419' title='bbox 958 2201 1112 2241; x_wconf 82' lang='lat' dir='ltr'><strong>Scaliger</strong></span> <span class='ocrx_word' id='word_1_420' title='bbox 1139 2205 1174 2231; x_wconf 88' lang='lat' dir='ltr'><strong>et</strong></span> <span class='ocrx_word' id='word_1_421' title='bbox 1201 2199 1454 2240; x_wconf 84' lang='lat' dir='ltr'><strong>Raphelengius</strong></span> <span class='ocrx_word' id='word_1_422' title='bbox 1477 2200 1576 2230; x_wconf 85' lang='lat' dir='ltr'><strong>medio</strong></span> 
     </span>
     <span class='ocr_line' id='line_1_91' title="bbox 869 2250 1576 2294; baseline -0.007 -8"><span class='ocrx_word' id='word_1_423' title='bbox 869 2254 1055 2286; x_wconf 85' lang='lat' dir='ltr'><strong>maluerint</strong></span> <span class='ocrx_word' id='word_1_424' title='bbox 1071 2252 1244 2294; x_wconf 75' lang='lat' dir='ltr'><strong>amplecti.</strong></span> <span class='ocrx_word' id='word_1_425' title='bbox 1262 2252 1336 2283; x_wconf 91' lang='lat' dir='ltr'><strong>Lib.</strong></span> <span class='ocrx_word' id='word_1_426' title='bbox 1351 2260 1391 2282; x_wconf 87' lang='lat'><strong>11.</strong></span> <span class='ocrx_word' id='word_1_427' title='bbox 1409 2250 1451 2282; x_wconf 86' lang='lat' dir='ltr'><strong>de</strong></span> <span class='ocrx_word' id='word_1_428' title='bbox 1469 2250 1576 2290; x_wconf 79' lang='lat' dir='ltr'><strong>Rapt.</strong></span> 
     </span>
     <span class='ocr_line' id='line_1_92' title="bbox 871 2301 1576 2337; baseline -0.009 0"><span class='ocrx_word' id='word_1_429' title='bbox 871 2307 880 2323; x_wconf 93' lang='lat'>‘</span> <span class='ocrx_word' id='word_1_430' title='bbox 895 2311 930 2337; x_wconf 88' lang='lat' dir='ltr'><strong>et</strong></span> <span class='ocrx_word' id='word_1_431' title='bbox 947 2305 1057 2336; x_wconf 85' lang='lat' dir='ltr'><strong>medio</strong></span> <span class='ocrx_word' id='word_1_432' title='bbox 1082 2304 1234 2334; x_wconf 89' lang='lat' dir='ltr'><strong>brumam</strong></span> <span class='ocrx_word' id='word_1_433' title='bbox 1259 2302 1323 2333; x_wconf 90' lang='lat' dir='ltr'><strong>sibi</strong></span> <span class='ocrx_word' id='word_1_434' title='bbox 1344 2301 1500 2332; x_wconf 85' lang='lat' dir='ltr'><strong>vindicat</strong></span> <span class='ocrx_word' id='word_1_435' title='bbox 1516 2311 1576 2332; x_wconf 81' lang='lat' dir='ltr'><strong>aes-</strong></span> 
     </span>
     <span class='ocr_line' id='line_1_93' title="bbox 873 2350 1576 2396; baseline -0.01 -9"><span class='ocrx_word' id='word_1_436' title='bbox 873 2355 932 2388; x_wconf 77' lang='lat' dir='ltr'><strong>tu.y</strong></span> <span class='ocrx_word' id='word_1_437' title='bbox 957 2365 1032 2396; x_wconf 82' lang='lat' dir='ltr'><strong>quae</strong></span> <span class='ocrx_word' id='word_1_438' title='bbox 1066 2362 1147 2384; x_wconf 87' lang='lat' dir='ltr'><strong>vera</strong></span> <span class='ocrx_word' id='word_1_439' title='bbox 1180 2353 1295 2383; x_wconf 86' lang='lat' dir='ltr'><strong>lectio.</strong></span> <span class='ocrx_word' id='word_1_440' title='bbox 1353 2351 1453 2382; x_wconf 84' lang='lat' dir='ltr'><strong>Bello</strong></span> <span class='ocrx_word' id='word_1_441' title='bbox 1481 2350 1576 2382; x_wconf 88' lang='lat' dir='ltr'><strong>Gild.</strong></span> 
     </span>
     <span class='ocr_line' id='line_1_94' title="bbox 871 2401 1576 2443; baseline -0.011 -5"><span class='ocrx_word' id='word_1_442' title='bbox 871 2406 980 2438; x_wconf 87' lang='lat' dir='ltr'><strong>‘Solis</strong></span> <span class='ocrx_word' id='word_1_443' title='bbox 1002 2404 1133 2435; x_wconf 82' lang='lat' dir='ltr'><strong>medios</strong></span> <span class='ocrx_word' id='word_1_444' title='bbox 1149 2402 1319 2443; x_wconf 87' lang='lat' dir='ltr'><strong>objecerit</strong></span> <span class='ocrx_word' id='word_1_445' title='bbox 1336 2401 1465 2432; x_wconf 62' lang='lat' dir='ltr'><strong>aestusl</strong></span> <span class='ocrx_word' id='word_1_446' title='bbox 1498 2401 1576 2440; x_wconf 88' lang='lat' dir='ltr'><strong>Epi-</strong></span> 
     </span>
     <span class='ocr_line' id='line_1_95' title="bbox 872 2451 1576 2494; baseline -0.011 -6"><span class='ocrx_word' id='word_1_447' title='bbox 872 2457 957 2488; x_wconf 86' lang='lat' dir='ltr'><strong>thal.</strong></span> <span class='ocrx_word' id='word_1_448' title='bbox 985 2454 1144 2493; x_wconf 84' lang='lat' dir='ltr'><strong>Palladii,</strong></span> <span class='ocrx_word' id='word_1_449' title='bbox 1180 2457 1188 2470; x_wconf 91' lang='lat'>‘</span> <span class='ocrx_word' id='word_1_450' title='bbox 1207 2452 1289 2494; x_wconf 86' lang='lat' dir='ltr'><strong>quid</strong></span> <span class='ocrx_word' id='word_1_451' title='bbox 1320 2451 1432 2483; x_wconf 90' lang='lat' dir='ltr'><strong>medio</strong></span> <span class='ocrx_word' id='word_1_452' title='bbox 1464 2455 1576 2482; x_wconf 87' lang='lat' dir='ltr'><strong>tecum</strong></span> 
     </span>
     <span class='ocr_line' id='line_1_96' title="bbox 873 2502 1448 2539; baseline -0.01 0"><span class='ocrx_word' id='word_1_453' title='bbox 873 2505 1058 2539; x_wconf 83' lang='lat' dir='ltr'><strong>modularis</strong></span> <span class='ocrx_word' id='word_1_454' title='bbox 1077 2506 1110 2535; x_wconf 90' lang='lat' dir='ltr'><strong>in</strong></span> <span class='ocrx_word' id='word_1_455' title='bbox 1127 2510 1211 2535; x_wconf 83' lang='lat' dir='ltr'><strong>aestu</strong></span> <span class='ocrx_word' id='word_1_456' title='bbox 1224 2502 1246 2534; x_wconf 83' lang='lat'><strong>?&#39;</strong></span> <span class='ocrx_word' id='word_1_457' title='bbox 1270 2503 1315 2534; x_wconf 95' lang='lat' dir='ltr'><strong>D.</strong></span> <span class='ocrx_word' id='word_1_458' title='bbox 1333 2502 1448 2533; x_wconf 75' lang='lat' dir='ltr'><strong>Heius.</strong></span> 
     </span>
    </p>

    <p class='ocr_par' dir='ltr' id='par_1_25' title="bbox 874 2550 1581 2741">
     <span class='ocr_line' id='line_1_97' title="bbox 918 2550 1578 2595; baseline -0.014 -7"><span class='ocrx_word' id='word_1_459' title='bbox 918 2557 1041 2588; x_wconf 80' lang='lat' dir='ltr'><strong>Medios</strong></span> <span class='ocrx_word' id='word_1_460' title='bbox 1067 2553 1196 2595; x_wconf 76' lang='lat' dir='ltr'><strong><em>Libyae]</em></strong></span> <span class='ocrx_word' id='word_1_461' title='bbox 1229 2554 1402 2584; x_wconf 83' lang='lat' dir='ltr'><strong>Summum</strong></span> <span class='ocrx_word' id='word_1_462' title='bbox 1433 2550 1578 2581; x_wconf 89' lang='lat' dir='ltr'><strong>calorem</strong></span> 
     </span>
     <span class='ocr_line' id='line_1_98' title="bbox 874 2599 1581 2645; baseline -0.014 -7"><span class='ocrx_word' id='word_1_463' title='bbox 874 2607 952 2638; x_wconf 82' lang='lat' dir='ltr'><strong>coeli</strong></span> <span class='ocrx_word' id='word_1_464' title='bbox 985 2614 1218 2645; x_wconf 85' lang='lat' dir='ltr'><strong>summumque</strong></span> <span class='ocrx_word' id='word_1_465' title='bbox 1232 2604 1377 2643; x_wconf 82' lang='lat' dir='ltr'><strong>rigorem</strong></span> <span class='ocrx_word' id='word_1_466' title='bbox 1396 2599 1581 2640; x_wconf 81' lang='lat' dir='ltr'><strong>componit,</strong></span> 
     </span>
     <span class='ocr_line' id='line_1_99' title="bbox 875 2650 1579 2691; baseline -0.017 1"><span class='ocrx_word' id='word_1_467' title='bbox 875 2665 913 2691; x_wconf 89' lang='lat' dir='ltr'><strong>ut</strong></span> <span class='ocrx_word' id='word_1_468' title='bbox 944 2660 1056 2690; x_wconf 82' lang='lat' dir='ltr'><strong>omnia</strong></span> <span class='ocrx_word' id='word_1_469' title='bbox 1083 2656 1276 2688; x_wconf 81' lang='lat' dir='ltr'><strong>exantlasse</strong></span> <span class='ocrx_word' id='word_1_470' title='bbox 1307 2654 1401 2684; x_wconf 87' lang='lat' dir='ltr'><strong>dicat</strong></span> <span class='ocrx_word' id='word_1_471' title='bbox 1430 2650 1579 2682; x_wconf 67' lang='lat' dir='ltr'><strong>Heroem</strong></span> 
     </span>
     <span class='ocr_line' id='line_1_100' title="bbox 876 2708 1127 2741; baseline -0.02 0"><span class='ocrx_word' id='word_1_472' title='bbox 876 2720 984 2741; x_wconf 88' lang='lat' dir='ltr'><strong>suum.</strong></span> <span class='ocrx_word' id='word_1_473' title='bbox 1007 2708 1127 2739; x_wconf 83' lang='lat' dir='ltr'><strong>Barth.</strong></span> 
     </span>
    </p>

    <p class='ocr_par' dir='ltr' id='par_1_26' title="bbox 878 2750 1582 2841">
     <span class='ocr_line' id='line_1_101' title="bbox 919 2750 1581 2796; baseline -0.017 -5"><span class='ocrx_word' id='word_1_474' title='bbox 919 2763 962 2791; x_wconf 86' lang='lat'><strong>28</strong></span> <span class='ocrx_word' id='word_1_475' title='bbox 988 2759 1228 2796; x_wconf 76' lang='lat' dir='ltr'><strong>Debellatorque</strong></span> <span class='ocrx_word' id='word_1_476' title='bbox 1252 2752 1400 2784; x_wconf 77' lang='lat' dir='ltr'><strong>Britanni</strong></span> <span class='ocrx_word' id='word_1_477' title='bbox 1431 2750 1581 2790; x_wconf 72' lang='lat' dir='ltr'><strong>Litteris]</strong></span> 
     </span>
     <span class='ocr_line' id='line_1_102' title="bbox 878 2800 1582 2841; baseline -0.017 1"><span class='ocrx_word' id='word_1_478' title='bbox 878 2811 987 2841; x_wconf 89' lang='lat' dir='ltr'><strong>Caute</strong></span> <span class='ocrx_word' id='word_1_479' title='bbox 1002 2812 1038 2839; x_wconf 87' lang='lat' dir='ltr'><strong>et</strong></span> <span class='ocrx_word' id='word_1_480' title='bbox 1054 2815 1146 2837; x_wconf 82' lang='lat' dir='ltr'><strong>vere.</strong></span> <span class='ocrx_word' id='word_1_481' title='bbox 1191 2804 1270 2835; x_wconf 86' lang='lat' dir='ltr'><strong>Non</strong></span> <span class='ocrx_word' id='word_1_482' title='bbox 1287 2802 1374 2833; x_wconf 91' lang='lat' dir='ltr'><strong>enim</strong></span> <span class='ocrx_word' id='word_1_483' title='bbox 1387 2800 1582 2832; x_wconf 86' lang='lat' dir='ltr'><strong>intimorum</strong></span> 
     </span>
    </p>
   </div>
  </div>
 </body>
</html>
