1851 3213
309 190 424 233 1154
738 203 814 235 cr..
847 202 1131 235 cLAumANi
1167 203 1349 236 Lxxlv.

310 297 387 341 Sic
407 312 497 340 non
517 299 783 342 imbriferam
802 305 976 343 noctem
999 302 1261 343 ducentibus
1285 300 1447 342 Haedis

368 366 496 408 Ionio
520 367 693 408 credam
715 369 887 421 turgida
909 371 1009 410 vela
1029 371 1140 410 mari
1159 383 1168 411 ε

309 434 386 476 Sic
408 448 496 476 non
516 435 732 476 Tartareo
755 436 986 477 Furiarum
1009 438 1184 477 verbere
1206 437 1363 490 pulsus
1742 434 1772 476 5

366 502 472 544 Irati
489 504 649 544 laedam
673 505 868 544 carmina
889 506 1160 556 grammatici
1180 518 1189 545 z

310 569 449 612 Nulla
467 584 587 611 meos
609 571 744 612 traxit
763 572 968 624 petulans
987 572 1178 612 audacia
1196 584 1370 622 sensus,

367 637 568 679 Liberior
581 639 703 692 justo
722 651 804 678 nec
825 638 932 680 mihi
953 639 1099 691 lingua
1117 639 1212 680 fuit.

308 703 585 755 Versiculos,
608 706 762 755 fateor,
784 719 870 747 non
893 711 1026 747 cauta
1047 719 1158 748 voce
1177 706 1346 755 notavi,

367 773 472 813 Heu
494 774 623 813 miser
644 773 846 825 ignorans
870 786 1001 826 quam
1023 787 1152 825 grave
1175 774 1335 813 crimen
1356 773 1472 818 erat!
1716 771 1775 814 10

310 839 517 893 Orpheos
538 839 614 879 alii
636 838 772 879 libros
794 839 973 892 impune
1001 839 1252 880 lacessunt:

367 907 469 947 Nec
492 909 567 946 tua
588 918 789 946 securum
812 910 867 955 te,
894 905 1042 955 Maro,
1065 905 1185 946 fama
1205 905 1337 947 vehit.

309 973 415 1027 Ipse
435 986 595 1027 parens
616 977 781 1023 vatum,
803 974 1012 1028 princeps
1037 972 1273 1014 Heliconis
1295 971 1536 1027 Homerus,

365 1040 394 1082 J
398 1041 541 1083 udicis
562 1042 747 1096 excepit
764 1042 853 1083 tela
872 1054 1026 1083 severa
1046 1044 1177 1083 notae.

307 1186 470 1217 traducam
493 1185 631 1226 hyemem
657 1185 712 1217 sab
736 1184 806 1216 ak're
833 1185 1001 1227 Scythico.-
1033 1186 1078 1217 ita
1105 1195 1166 1217 non
1193 1185 1385 1216 committam
1415 1185 1482 1216 vela
1512 1184 1666 1216 tumentia
1695 1183 1778 1218 mari

308 1229 409 1268 Ionio,
432 1228 547 1259 Haedz's
567 1228 771 1269 afferentibus
793 1232 911 1259 noctem
935 1229 1093 1268 pluviam:
1116 1228 1163 1259 ita
1187 1239 1246 1259 non
1270 1228 1425 1268 offendam
1448 1237 1553 1258 versus
1569 1228 1777 1259 Grammatici

307 1271 525 1309 succensentis,
548 1281 610 1310 ego
634 1272 706 1310 ipse
730 1271 877 1310 impulsus
901 1275 990 1301 oestro
1014 1270 1136 1308 inferno
1167 1271 1348 1302 Furiarum.
1396 1271 1494 1301 Nulla
1520 1272 1679 1301 temeritas
1702 1281 1778 1310 pro·

305 1324 368 1345 aaa:
389 1313 527 1352 abripuit
545 1315 682 1344 animum
708 1323 819 1352 meum,
841 1323 935 1353 neque
960 1314 1068 1352 lingua
1091 1313 1170 1344 mihi
1187 1313 1258 1350 fuit
1285 1312 1410 1343 liberior
1431 1322 1492 1343 suo
1517 1322 1610 1343 more.
1659 1313 1776 1353 Repre-

307 1356 402 1387 hendi
423 1356 524 1386 verbis
545 1366 605 1386 non
623 1356 826 1396 prudentibus
845 1356 996 1391 carmina,
1030 1355 1187 1396 confiteor,
1209 1356 1267 1385 heu
1290 1355 1383 1385 miser
1403 1355 1541 1385 nesciens
1566 1365 1657 1394 quam
1680 1356 1778 1386 scelus

307 1397 521 1435 atroxforet!
550 1399 620 1429 Alii
638 1401 806 1437 provocant
819 1400 887 1428 tuto
903 1408 996 1438 opera
1015 1398 1156 1438 Orphei;
1178 1396 1371 1437 nequefama
1387 1400 1452 1436 tua,
1470 1406 1488 1427 o
1511 1397 1639 1435 Virgili,
1655 1401 1684 1428 te
1696 1407 1778 1437 prae-

307 1443 373 1472 stae
398 1443 512 1472 tutum.
557 1440 717 1471 Homerus
745 1441 811 1481 ipse
826 1443 918 1481 pater
935 1440 1110 1481 potiturum,
1135 1443 1172 1470 et
1193 1439 1342 1471 Dictator
1357 1439 1534 1480 Heliconis,
1556 1439 1671 1480 recepit
1694 1440 1778 1472 ictus

926 1540 946 1553 ὤ
950 1540 1164 1553 OOOOOOOOOO

309 1605 410 1638 thium
428 1607 622 1642 Quaestorem
639 1605 752 1637 Oxou.
771 1616 839 1638 sec.
865 1606 906 1637 In
922 1608 1003 1639 Vat.
1021 1617 1071 1648 pr.
1086 1611 1122 1638 et
1139 1607 1219 1638 Vat.
1247 1606 1356 1638 Livin.
1381 1606 1507 1647 iegitur
1530 1606 1648 1646 Incipit
1671 1607 1774 1639 Excu-

306 1649 389 1680 satio
404 1651 486 1689 apud
501 1649 663 1680 Alethium
681 1649 886 1689 Quoestorem,
903 1651 977 1681 dum
992 1650 1177 1689 objiceretur
1191 1650 1231 1689 ei,
1258 1651 1336 1690 quod
1358 1650 1566 1690 Epigramma
1590 1649 1655 1688 qius
1675 1660 1779 1690 repre-

308 1692 474 1722 hendisset.
499 1692 540 1722 In
559 1692 640 1722 Put.
658 1691 791 1722 duobus
810 1693 931 1724 Petav.
948 1693 1077 1724 Buslid.
1092 1695 1157 1725 &c.
1174 1693 1391 1723 desideratur
1408 1692 1604 1732 inscriptio.

353 1737 373 1765 2
396 1734 542 1775 Scythico
559 1734 699 1764 brumam
715 1734 868 1765 Florent.
893 1735 987 1767 Med.
1011 1744 1078 1766 sec.
1103 1736 1169 1766 ine.
1189 1735 1311 1767 Heius.
1324 1735 1404 1766 Put.
1420 1735 1488 1766 duo
1503 1735 1627 1767 Petav.
1643 1736 1776 1770 Bonon.

309 1775 431 1808 Ambr.
449 1782 529 1808 tert.
546 1777 673 1807 Moret.
690 1786 741 1816 pr.
759 1776 870 1808 Oxou.
894 1786 962 1808 sec.
992 1777 1124 1808 Buslid.
1151 1778 1234 1809 Cod.
1252 1778 1368 1818 Epigr.
1385 1777 1506 1809 Ambr.
1528 1778 1614 1808 Exc.
1630 1779 1776 1810 Lucens-

307 1828 358 1859 pr.
372 1818 450 1850 ΑΜ.
467 1820 546 1850 Var.
562 1820 628 1850 LL.
641 1829 660 1849 e
677 1829 784 1860 marg.
798 1819 913 1850 Parm.
939 1820 1078 1851 brumam
1094 1819 1240 1861 Scythico
1265 1821 1346 1851 Vat.
1364 1830 1414 1861 pr.
1430 1821 1506 1852 Pal.
1522 1821 1603 1851 Vat.
1623 1821 1776 1852 Livia.—

308 1864 328 1892 3
352 1861 544 1899 imbriferam
555 1863 635 1893 Vat.
653 1871 705 1901 pr.
721 1862 796 1893 Pal.
808 1862 888 1893 Vat.
907 1862 1017 1893 Livin.
1032 1863 1204 1901 imbriferis
1220 1864 1371 1895 Florent.
1388 1872 1465 1894 cum
1479 1862 1674 1904 quindecim
1690 1863 1778 1902 aliis,

308 1904 395 1935 Exc.
411 1905 556 1936 Lucens.
575 1914 625 1944 pr.
642 1904 722 1935 Ald.
738 1906 822 1936 Var.
839 1905 907 1936 LL.
933 1914 952 1936 e
978 1915 1084 1945 marg.
1103 1906 1218 1937 Parm.
1243 1911 1279 1937 et
1301 1906 1355 1936 ed.
1372 1905 1477 1937 Antv.
1500 1905 1681 1942 umbrzferis
1696 1906 1776 1937 Vat.

309 1951 392 1978 tert.
416 1948 525 1978 nubem
538 1957 597 1988 pro
613 1950 732 1978 noctem
749 1948 836 1988 conj.
850 1947 1039 1979 Heins.—4
1063 1949 1186 1988 tragica
1202 1950 1269 1979 vela
1285 1948 1380 1980 Med.
1397 1950 1535 1979 sem-6
1557 1948 1668 1979 laedam
1692 1948 1774 1979 Vat.

308 1999 361 2029 pr.
382 1989 498 2021 Ambr.
517 2000 566 2030 pr.
583 1991 663 2021 Val.
691 1990 798 2021 Livin.
822 1991 958 2029 relegam
985 1995 1055 2022 tres
1078 1992 1176 2022 Vatt.
1205 1991 1278 2023 Pal.
1307 1992 1402 2022 Rott.
1431 1990 1540 2022 Oisel.
1567 1991 1695 2021 Moret.
1721 2000 1772 2031 pr.

309 2032 439 2064 Buslid.
459 2032 538 2064 ΑΜ.
565 2033 668 2064 Gesn.
696 2037 732 2063 et
758 2032 813 2064 ed.
841 2033 981 2073 Bipout.
1006 2034 1140 2065 crimina
1164 2035 1218 2065 ed.
1244 2035 1359 2064 Parui.
1382 2034 1521 2064 carmina
1545 2033 1628 2064 Var.
1658 2033 1729 2064 LL.
1755 2043 1774 2065 e

308 2084 416 2115 marg.
434 2076 611 2106 Parim—7
634 2076 777 2116 petulans
792 2076 893 2107 traxit
910 2076 984 2107 Pal.
1009 2076 1076 2107 duo
1108 2076 1269 2107 Med.—-S
1283 2077 1373 2115 justo
1388 2077 1468 2107 Vat.
1486 2084 1537 2116 pr.
1568 2076 1648 2107 Vat.
1666 2075 1775 2108 Livin-

306 2118 397 2148 solito
412 2118 492 2149 Vat.
510 2128 578 2149 sec.
596 2119 748 2149 Florent.
767 2122 834 2148 tres
851 2118 944 2149 Med.
969 2119 1036 2150 inc.
1054 2119 1174 2150 Heius.
1193 2119 1273 2149 Put.
1288 2119 1355 2150 duo
1368 2119 1491 2150 Petav.
1506 2119 1639 2150 Bonon.
1658 2118 1774 2151 Ambr.

310 2166 390 2191 tert.
411 2161 535 2192 Moret.
553 2171 602 2200 pr.
617 2160 747 2192 ssuslid.
767 2160 883 2191 Oxou.
901 2171 969 2192 sec.
985 2161 1067 2193 eod.
1085 2161 1202 2201 Epigr.
1218 2161 1336 2193 Ambr.
1362 2162 1447 2192 Exc.
1470 2161 1617 2193 Lucens.
1632 2171 1681 2201 pr.
1694 2160 1774 2194 Ald.

308 2203 390 2234 Var.
408 2204 475 2236 LL.
490 2214 508 2234 e
527 2214 628 2244 marg.
643 2204 756 2235 Parin.
773 2208 809 2234 et
826 2204 878 2234 ed.
896 2203 1070 2236 Antv.—9
1092 2208 1194 2235 mente
1217 2205 1322 2235 notavi
1337 2214 1406 2236 sec.
1429 2204 1510 2236 Vat.
1539 2204 1634 2235 Med.
1659 2213 1775 2235 sec.—

310 2247 349 2278 11
374 2245 406 2276 in
413 2246 483 2289 fine
497 2247 648 2278 lacessunt
665 2246 744 2278 Vat.
763 2256 815 2288 pr.
832 2246 919 2285 facit
935 2247 989 2278 vel
1006 2247 1091 2279 vehit
1108 2248 1187 2280 Vat.
1206 2252 1286 2279 tert.
1302 2248 1486 2279 Rom-16
1512 2250 1623 2287 pastor
1647 2249 1775 2288 uterque

968 2366 1110 2400 NOTAE

309 2447 444 2487 demeti,
470 2446 498 2478 si
524 2456 606 2477 vera
631 2446 786 2479 dicturus
810 2457 895 2487 sum,
915 2448 971 2479 vel
985 2448 1014 2479 si
1070 2448 1193 2480 deatur
1209 2457 1281 2479 esse
1299 2444 1623 2488 pertimescendum.

309 2506 502 2539 quenquam
530 2496 655 2527 laedere
682 2497 786 2536 volui,
811 2498 865 2528 vel
892 2499 920 2528 si
945 2499 1015 2530 ulla
1111 2502 1130 2529 3
1156 2498 1282 2538 Haedis]
1310 2498 1357 2529 Hi
1373 2503 1452 2529 sunt
1469 2497 1534 2529 duo
1550 2501 1642 2528 astra
1658 2496 1772 2528 nautis

310 2558 365 2580 me
382 2548 555 2580 temeritas
569 2547 732 2588 abripuit.
778 2548 843 2578 Sed
860 2547 933 2578 haec
946 2558 1014 2579 om·
1068 2548 1217 2587 inimica,
1245 2549 1279 2579 in
1305 2557 1405 2579 manu
1431 2547 1586 2588 Aurigae,
1611 2556 1671 2577 seu
1701 2547 1774 2578 He-

308 2599 367 2631 nia
379 2598 555 2638 ambigua;
581 2602 696 2638 potest
707 2597 796 2628 enim
808 2597 1012 2628 Claudianus
1068 2598 1194 2636 moeni,
1223 2598 1310 2637 signi
1332 2597 1638 2637 Septemtriouali&
1661 2597 1774 2639 Virgi-

309 2650 361 2682 his
378 2659 495 2681 carere
513 2649 684 2690 periculis,
706 2659 781 2680 cum
804 2658 871 2678 uon
887 2653 1014 2679 statue·
1068 2648 1151 2679 lius:
1177 2649 1186 2665 ‘
1205 2647 1415 2678 pluvialibus
1430 2646 1576 2678 Haedis!

311 2700 358 2732 rit
381 2700 453 2732 haec
479 2699 574 2731 adire
601 2700 701 2737 loca;
726 2703 762 2729 et
786 2708 852 2729 non
880 2702 1013 2730 tantum
1112 2701 1152 2729 12
1178 2698 1286 2738 Maro]
1323 2698 1424 2729 Maro
1451 2702 1487 2729 et
1515 2698 1685 2729 Homerus
1713 2696 1771 2728 ha-

313 2751 443 2785 crimen
467 2750 648 2792 commisit,
672 2754 711 2781 ut
731 2749 872 2782 exilium
886 2748 951 2791 ipsi
965 2749 1013 2781 vi·
1066 2747 1216 2781 buerunt
1233 2757 1312 2781 suos
1333 2747 1461 2791 Zoilos,
1482 2758 1561 2781 suos
1577 2756 1746 2782 censores.
