1851 3213
220 204 334 247 1436

264 314 329 342 219
353 311 492 343 Rabidas
518 311 672 352 diffundit
700 312 851 351 sanguine
879 322 929 342 ve-

221 361 292 401 nas]
317 361 504 393 Iracundos
533 368 666 393 tumere
696 363 802 400 venis,
830 362 930 392 rube-

220 410 308 451 fieri,
322 413 484 453 sanguine
497 411 586 443 foras
600 412 841 452 eluctabundo,
851 422 931 454 quo-

222 461 307 493 tidie
321 462 486 493 videmus.
505 463 623 493 Barth.

265 513 427 554 Suffundz't
439 514 588 552 sanguine
599 512 706 552 venas]
725 513 801 543 Non
811 512 930 552 diffun-

221 565 281 603 «lit,
296 565 337 595 ad
354 564 499 595 Statium
518 564 708 594 Gronovius
722 573 764 594 ex
782 564 930 604 antiquis

219 614 315 645 libris
331 626 337 645 z
357 620 460 645 recte.
471 615 580 645 nostri
599 614 842 654 propemodum
861 625 929 646 om-

221 674 282 695 nes
300 665 492 695 accedunt..
511 665 555 695 D.
573 664 685 695 Heius.

263 718 327 746 220
354 716 528 755 Tempestas
562 715 639 754 oris]
685 715 838 746 Feritate
874 725 930 745 ex·

222 774 340 805 pressa
364 766 458 796 velut
495 764 665 795 fluctibus.
711 766 767 795 Sic
803 766 929 796 irarum

221 814 343 847 fluctus
359 816 449 855 apud
468 817 657 845 Maronem.
684 815 800 846 Barth.

263 869 324 897 221
352 867 461 896 Sontes
486 867 612 905 empulsa
628 866 760 904 corrigis
775 865 839 905 ira]
876 866 929 896 Ne

221 916 367 946 videaris
388 915 429 946 ad
455 915 614 946 affectum
646 922 738 946 tuum
762 916 929 946 vindicem

222 975 342 1007 agere:
362 966 420 997 sed
441 972 536 997 tanta
559 967 659 997 animi
678 967 928 1007 tranquillitate

220 1016 304 1047 vitia
336 1017 446 1057 punis,
475 1022 513 1047 ut
537 1017 662 1046 invitus
680 1016 930 1057 quodammodo

219 1067 350 1108 legibus
379 1077 511 1107 parere,
550 1077 666 1107 poenas
704 1067 931 1106 exigentibus,

222 1117 381 1148 videaris.
407 1118 504 1148 Idem.

263 1171 327 1199 222
350 1168 506 1198 Dentibus
529 1177 672 1207 umquam
692 1168 844 1208 Instrepis
860 1168 929 1198 hor-

220 1219 364 1259 rendum]
389 1219 548 1249 Furentis
581 1218 773 1248 Iracundi-<e
816 1218 929 1255 modo,

223 1278 323 1311 quem
341 1274 462 1299 notare
479 1268 561 1298 licet
588 1268 620 1297 in
648 1267 838 1298 hominibus
863 1268 929 1298 bile

222 1325 414 1350 transversa
426 1318 545 1358 raptis.
570 1317 669 1349 Idem.

263 1372 326 1400 223
355 1369 495 1399 Fremitu
517 1378 569 1398 nec
592 1367 720 1398 verbera
742 1368 856 1408 poscis]
881 1370 930 1400 Ut

221 1420 254 1451 in
272 1419 503 1451 famulosirati
517 1418 664 1448 Domini.
689 1419 788 1449 Idem.

235 1490 237 1492 -
262 1473 325 1503 224
363 1471 428 1506 Qui
457 1470 584 1508 fruitur
604 1480 707 1509 ptem,
742 1469 835 1507 ferus
869 1470 930 1511 est]

223 1522 334 1554 Quem
365 1521 541 1551 delectant
566 1520 740 1550 cruciatus
758 1520 928 1551 sontium:

222 1572 379 1612 exempla
426 1570 652 1610 suppeditant
696 1570 930 1610 Tyrannorum

219 1631 322 1653 voces
339 1626 374 1652 et
388 1621 598 1661 spectacula.
623 1621 723 1652 Idem.

267 1671 481 1710 Quifruitur]
506 1671 631 1700 Deliae
644 1669 782 1701 feritate
800 1671 930 1702 dictum

223 1722 327 1754 etiam
343 1722 377 1752 in
403 1721 569 1752 Rufinum.
595 1723 749 1752 Seneca:
777 1723 786 1739 ‘
807 1723 932 1754 Feriua

223 1772 335 1803 rabies
364 1775 427 1810 est,
467 1771 630 1811 sanguine
668 1776 704 1802 et
735 1773 931 1804 vulneribus

225 1821 399 1864 gaudere.'
441 1822 563 1852 Claver.

266 1873 445 1912 Legumque
484 1872 607 1902 videtur
647 1872 827 1903 Vindictam
850 1884 932 1914 prce-

221 1927 307 1954 stare
321 1921 398 1962 sibi]
425 1923 501 1954 Non
525 1927 593 1952 tam
610 1923 798 1954 secundum
814 1934 929 1955 earum

223 1974 382 2014 rigorem,
408 1983 509 2013 quam
541 1972 701 2004 affectum
730 1984 839 2013 suum,
855 1985 932 2016 sup-

223 2025 327 2066 plicia
343 2033 519 2054 exercens.
566 2023 751 2055 Cordatum
773 2025 863 2056 enim
884 2026 932 2056 vi-

225 2084 297 2105 rum
310 2074 401 2104 nullo
426 2074 586 2104 vindictae
606 2074 727 2114 gaudio
745 2085 818 2106 ean]
836 2085 931 2106 exer-

225 2135 304 2156 cere
318 2125 437 2155 volunt
452 2125 629 2165 sapientiae
647 2131 881 2166 praeceptores
898 2127 931 2158 in

225 2175 367 2206 noxios:
396 2174 456 2205 sed
474 2175 590 2214 procul
606 2175 684 2206 odio
701 2180 736 2206 et
752 2178 932 2217 tyrannica

225 2224 545 2264 laetitia,justitiam
563 2224 749 2257 facessere.
791 2227 932 2269 Seneca,

225 2274 284 2305 lib.
300 2283 325 2305 1.
342 2274 384 2304 de
401 2274 469 2313 Ira,
485 2284 515 2305 c.
534 2277 585 2306 16.
611 2275 728 2306 Barth.

269 2327 332 2355 225
368 2324 453 2355 Fene
479 2326 686 2365 Canduerint]
724 2326 817 2366 Ignis
843 2328 930 2359 enim

227 2375 363 2417 quidam
392 2374 554 2414 pestilens
579 2381 631 2406 est
657 2376 720 2415 ira,
746 2378 843 2418 cujus
869 2378 931 2410 flos

228 2429 279 2456 est
295 2424 435 2455 candor.
461 2424 558 2455 Idem.

268 2478 333 2507 226
356 2475 456 2506 Ardet
470 2475 621 2516 stimulis]
660 2477 714 2508 Ab
729 2478 793 2509 hoc
810 2479 932 2511 ardore

227 2525 451 2566 Pyfflaguraei
475 2533 539 2554 non
561 2525 763 2557 caedendum
787 2537 860 2560 esse
885 2530 933 2569 ig-

227 2585 305 2608 nem
322 2574 494 2613 dicebant,
521 2583 599 2604 cum
614 2575 737 2606 iratum
764 2577 932 2609 homiuem

227 2635 295 2658 non
308 2624 517 2656 efferandum
534 2625 674 2658 vellent.

272 2677 448 2715 Ferturque
464 2675 591 2706 nocendi
611 2676 781 2718 Prodigus]
797 2678 933 2710 Nocere

228 2726 355 2758 homini
369 2725 546 2765 sapientiae
563 2726 800 2759 abominabilis
818 2729 932 2760 animi.

230 2778 239 2796 ‘
251 2777 396 2821 Sapiens
412 2786 479 2808 non
503 2781 566 2819 est,
583 2776 640 2819 qui
657 2778 784 2811 nocet?
817 2779 932 2813 Barth.

448 215 591 246 NOTAE
627 215 893 246 VARIORUM
926 214 979 245 IN
1013 215 1088 246 CL·
1121 215 1304 247 CLAUD.
1336 216 1466 247 XVII<-

1022 313 1086 342 227
1109 311 1246 351 Ignarus
1259 310 1389 351 caussae]
1411 311 1491 342 Non
1504 311 1592 343 enim
1610 321 1688 352 per-

980 362 1112 401 spicere
1140 368 1198 393 aut
1226 362 1395 393 aestimare
1415 361 1496 393 sinit
1510 361 1690 394 iracundIa

981 417 1041 442 aut
1057 412 1239 443 crudelitas
1263 412 1367 443 animi
1384 421 1519 442 caussas
1534 416 1689 442 motuum

981 466 1018 492 et
1034 472 1222 502 poenarum.
1689 486 1691 488 -

1024 513 1101 543 Diis
1114 513 1276 553 proximus
1299 513 1351 543 ille
1375 512 1436 552 est]
1476 513 1554 544 Non
1572 516 1689 553 potest

981 562 1128 594 humana
1155 562 1305 594 felicitas
1340 564 1372 593 in
1408 563 1519 603 majus
1556 563 1689 603 extolli,

981 622 1079 653 quam
1111 623 1188 644 cuin
1219 613 1342 644 divinae
1367 613 1523 653 proxima
1545 613 1691 644 colloca-

982 668 1049 693 tur.
1096 663 1187 694 Hinc
1206 663 1421 703 proverbium
1444 662 1559 694 venit:
1585 663 1595 680 ‘
1612 663 1691 694 Diis

981 714 1155 752 proximus
1168 713 1188 751 3‘
1207 713 1249 744 de
1269 715 1434 753 praeclaro
1454 714 1536 745 viro.
1572 713 1690 745 Barth.

1024 766 1087 793 228
1112 764 1221 801 Ratio,
1234 774 1292 794 non
1310 763 1374 802 ira]
1399 765 1439 794 In
1456 765 1521 794 hoc
1539 764 1619 795 data
1635 768 1690 796 est

980 813 1106 843 homiui
1136 814 1253 852 Ratio,
1271 819 1308 844 ut
1325 814 1524 845 moderetur
1536 824 1625 854 eum,
1641 819 1690 855 et,

981 864 1178 904 principatu
1206 874 1266 895 suo
1283 875 1354 904 usa,
1373 865 1554 896 admoveat
1571 864 1692 896 divini-

982 913 1060 950 tati,
1077 914 1322 955 subtraliatque
1339 914 1440 945 rebus
1457 914 1605 946 fortunae
1630 925 1690 956 pa-

984 964 1147 996 rentibus
1193 965 1255 995 Est
1272 965 1362 995 enim
1387 965 1419 995 in
1447 965 1593 996 humano
1609 975 1690 1006 pec-

982 1019 1071 1053 tore,
1089 1015 1178 1056 quod
1195 1015 1258 1046 sibi
1282 1019 1431 1054 constat,
1448 1016 1584 1047 occulta
1599 1026 1691 1057 quae-

982 1064 1056 1095 dnm
1069 1065 1250 1105 sapientia,
1259 1066 1484 1106 gubernatrix
1494 1065 1692 1108 affectuum,

982 1126 1081 1156 quam
1100 1126 1175 1147 cum
1192 1121 1354 1157 sequetur
1370 1117 1482 1157 homo,
1508 1117 1639 1149 videbit
1653 1126 1691 1148 se

981 1167 1193 1206 superiorem
1229 1167 1385 1197 omnibus
1426 1167 1692 1208 calamitatibus,

981 1217 1072 1246 intra
1109 1226 1144 1247 se
1176 1217 1300 1247 habere
1330 1216 1478 1246 divitiam
1504 1217 1692 1248 ductricem

981 1276 1123 1306 operum
1159 1276 1307 1305 suorum,
1344 1266 1562 1297 directricem
1590 1277 1692 1298 cona-

982 1324 1090 1354 tuum,
1118 1317 1161 1348 ad
1188 1317 1285 1357 cujus
1307 1317 1486 1348 consilium
1509 1319 1692 1359 tranquille

982 1368 1088 1408 possit
1106 1368 1219 1398 vivere
1233 1367 1381 1398 domitor
1397 1367 1607 1407 opinionum,
1621 1369 1693 1400 Do-

981 1420 1089 1450 minus
1107 1418 1303 1458 affectuum,
1321 1419 1436 1459 itaque
1450 1419 1638 1460 composito
1658 1429 1692 1451 a·

982 1470 1072 1500 nimo
1089 1469 1186 1509 felix,
1213 1474 1251 1500 ut
1283 1471 1439 1501 Deorum
1465 1470 1569 1502 vitam
1597 1472 1691 1503 vivat

981 1520 1070 1552 inter
1086 1521 1260 1551 mortales,

1027 1572 1126 1602 Facta
1152 1570 1336 1611 rependens]
1375 1570 1475 1602 Justa
1511 1570 1600 1602 libra
1631 1576 1692 1604 aut

983 1627 1111 1654 statera
1123 1624 1332 1655 examinans.
1361 1625 1474 1655 Barth.

1025 1677 1089 1705 229
1115 1674 1250 1705 Consilio
1263 1675 1376 1714 punire
1392 1675 1509 1715 potest]
1550 1676 1628 1707 Non
1643 1676 1693 1708 af-

983 1723 1092 1763 fectu,
1107 1729 1166 1754 aut
1183 1724 1273 1755 odio.
1523 1720 1526 1725 '

1027 1775 1176 1805 Muci-one
1188 1778 1315 1805 cruento
1330 1775 1371 1805 Se
1387 1774 1510 1813 jactent
1526 1776 1600 1817 alii]
1623 1777 1693 1809 Sae-

983 1825 1058 1864 pius
1075 1825 1170 1865 paria
1186 1825 1220 1855 in
1240 1825 1448 1857 Honorianis
1475 1830 1511 1857 et
1534 1827 1691 1859 Stilicho-

983 1875 1033 1905 nis
1052 1876 1241 1914 Laudibus,
1267 1876 1467 1907 dulcissimis
1497 1883 1533 1909 et
1558 1879 1689 1919 sapien-

984 1925 1122 1955 tissimis
1149 1925 1298 1956 monitis.
1349 1926 1445 1957 Serio
1477 1927 1690 1967 sapientibus

983 1975 1103 2014 priscis
1128 1975 1214 2006 adeo
1241 1975 1427 2007 crudelitas
1453 1980 1490 2007 et
1514 1978 1688 2018 sanguinis

984 2035 1077 2056 amor
1091 2025 1331 2066 displicebant,
1356 2031 1394 2058 ut
1411 2028 1515 2059 etiam
1531 2029 1624 2068 cocis
1642 2034 1691 2060 at-

983 2085 1047 2116 que
1060 2076 1279 2107 venatoribus
1292 2086 1332 2107 eo
1344 2078 1478 2109 nomine
1491 2078 1690 2112 cohabitare

984 2125 1185 2157 abnuerent.
1210 2127 1326 2157 Barth.
1652 2158 1656 2161 c

1026 2179 1089 2207 230
1114 2178 1256 2208 Fet-itate
1266 2177 1387 2218 timeri]
1403 2177 1512 2209 Bruto
1528 2176 1689 2220 foedoque

983 2237 1098 2259 amore
1114 2228 1277 2259 caedium:
1303 2238 1369 2269 quo
1394 2228 1494 2259 homo
1522 2229 1642 2261 transit
1654 2229 1689 2261 in

983 2283 1139 2309 naturam
1157 2279 1318 2310 ferarum.
1353 2279 1453 2310 Idem.

1026 2332 1087 2360 231
1123 2329 1261 2360 Addicto
1297 2328 1403 2368 censu]
1448 2329 1505 2360 Ita
1529 2329 1689 2369 meliores

983 2379 1100 2410 nostri.
1136 2379 1223 2411 vidit
1257 2389 1393 2421 quoque
1425 2380 1689 2421 Raphelengius.

983 2430 1026 2461 D.
1044 2429 1156 2461 Heius.

1026 2481 1228 2520 Adductoqne
1239 2480 1395 2511 honzinum
1409 2481 1581 2521 cumulent]
1598 2482 1688 2514 Fisci

983 2540 1055 2560 rem
1073 2530 1130 2571 qui
1157 2529 1343 2570 praeferuut
1370 2531 1578 2571 privatorum
1597 2542 1690 2565 com·

983 2579 1104 2618 modis,
1130 2583 1291 2620 tyrannos
1316 2585 1482 2620 regnant:
1508 2582 1690 2624 quisecus,

981 2630 1175 2661 laudantur.
1202 2630 1320 2661 Barth.
1648 2659 1652 2665 ‚

1025 2679 1233 2720 Addictoque]
1258 2680 1335 2711 Hoc
1360 2685 1426 2721 est,
1452 2681 1614 2714 damnato
1630 2683 1688 2714 ad·

977 2729 1215 2771 judicatoque.
1241 2729 1365 2762 Delrio.

1027 2781 1090 2813 232
1113 2779 1278 2821 Lenefluit
1292 2780 1402 2823 Nilus]
1427 2782 1687 2817 Commendatio
