1852 3182
462 213 526 243 DE
559 212 737 242 MALLH
771 215 952 246 THEOD.
985 218 1124 249 CONS.

113 308 156 336 60
174 305 389 345 Gradussati]
406 302 559 337 Summas
576 306 770 339 potestates

71 361 107 386 et
124 356 348 396 Magistratus
366 356 526 387 Romanis
543 356 663 388 fatales
680 359 771 389 liabi-

69 408 134 444 tos,
151 405 230 436 alibi
243 405 443 437 monuimus.
483 406 565 437 Fata
581 408 628 437 sic
646 418 705 448 pro
724 409 772 448 ip-

68 454 114 485 sis
131 455 356 496 dignitatibus
380 461 439 486 aut
465 456 644 487 honoribus
668 468 770 498 poue-

67 504 204 545 bantur,
233 510 272 536 ut
302 512 509 537 commutare
539 516 653 538 eoi-uin
688 509 770 540 Fata

66 555 292 596 perhibentur
316 557 510 597 Principes,
537 567 620 598 quos
646 559 679 588 iu
704 569 770 589 me-

66 607 131 637 lius
147 607 294 648 erigunt.
341 608 468 639 Gradus
484 613 596 639 autem
610 609 769 640 interval-

66 657 111 695 la,
127 657 170 687 de
198 657 382 689 minoribus
409 659 451 689 ad
481 660 636 700 majores,
652 660 769 700 pleris-

67 716 133 748 que
149 706 249 738 rebus
265 707 474 741 adscribunt.
501 710 618 741 Barth.
662 736 664 738 ,

59 766 61 768 ·
108 756 222 787 Intulit
243 758 348 798 annis]
387 758 496 790 Induit
519 759 606 790 alter
631 760 767 792 Moreti.

65 807 233 847 quomodo
249 817 298 840 vr.
318 809 418 840 Cous.
436 809 528 840 Hon.
552 810 561 826 ‘
577 820 677 851 quem
701 820 767 841 non

64 855 176 888 aliena
194 866 255 897 per
271 867 350 888 arva
368 857 485 889 Induit
501 858 622 898 hospes
637 859 767 890 honor.’

62 906 162 946 plura
178 907 221 938 de
237 907 298 939 hoc
315 908 420 938 verbo
436 908 477 939 ad
503 910 523 939 l.
541 917 582 940 11.
605 909 647 941 de
666 910 766 951 Rapt.

64 966 112 987 vs.
129 959 182 989 93.
210 958 254 988 D.
275 958 386 990 Heius.

106 1010 145 1038 61
173 1008 273 1039 Parta
289 1009 389 1049 quies]
424 1010 508 1040 Post
533 1009 709 1042 diuturnos
722 1012 765 1042 la-

62 1056 161 1088 bores
177 1060 376 1098 gratissima.
422 1060 628 1091 Claudianus
656 1070 766 1091 seces-

61 1117 132 1138 sum
159 1108 346 1139 studiorum
374 1110 486 1149 gratia
510 1110 630 1140 Manlii
661 1111 764 1150 loqui-

61 1163 136 1197 tur;
160 1159 282 1199 quihus
307 1160 470 1199 optimum
494 1160 602 1189 virum
630 1159 678 1189 ita
705 1160 764 1189 im-

60 1217 207 1239 mersum
225 1208 339 1247 fuisse,
356 1217 392 1240 ut
408 1219 521 1240 rerum
538 1210 762 1241 communium

60 1266 174 1288 curam
191 1259 285 1289 velut
301 1268 432 1290 omnem
447 1259 622 1299 abjecerit.
647 1260 762 1291 Barth.

102 1311 144 1340 62
172 1308 348 1348 Privatum]
388 1309 443 1340 Ab
471 1310 763 1341 administratione

60 1358 272 1399 publicorum
307 1358 507 1398 officiorum,
535 1361 665 1400 privata
694 1360 764 1391 vita

58 1409 154 1440 velut
171 1409 203 1439 in
222 1414 356 1450 portum
372 1410 475 1447 venit,
486 1415 519 1441 et
535 1411 763 1451 tranquillitas

60 1463 231 1490 censetur.
277 1460 382 1491 Quies
400 1464 512 1490 autem
529 1461 672 1501 quaesita
688 1470 763 1490 eru-

60 1509 133 1540 dito
161 1509 233 1540 viro
257 1509 298 1540 ad
325 1510 620 1541 commentandum
643 1520 762 1551 specu-

58 1558 274 1600 laudumque.

103 1608 248 1648 Portum]
281 1609 419 1640 Certam
447 1608 618 1650 fidamque
645 1610 762 1642 statio-

59 1667 150 1698 nem,
165 1663 270 1689 tutam
286 1659 328 1689 ab
342 1660 496 1691 omnibus
509 1661 616 1691 turbis
630 1666 664 1692 et
678 1667 762 1692 tem·

58 1709 259 1749 pestatibus.
282 1709 399 1740 Barth.

101 1761 143 1789 63
161 1759 287 1798 Ingenii
299 1759 568 1801 redeuntfluctus]
591 1760 764 1799 Nonsruc-

57 1813 120 1849 tus,
145 1814 224 1840 octo
251 1810 380 1850 scripti.
405 1815 524 1850 portus
553 1811 654 1851 paulo
683 1815 763 1841 ante

58 1860 271 1890 meminerat.
295 1860 449 1900 persistit
473 1860 504 1890 in
521 1869 562 1890 ea
578 1859 762 1891 locutione.

49 1909 177 1947 fructus
206 1911 259 1940 vel
277 1909 399 1950 fluctus
422 1910 520 1950 prim.
546 1910 660 1940 Vatic.
713 1910 761 1942 D.

58 1959 174 1992 Heius.

100 2009 228 2050 Aliiqae
243 2009 374 2049 labores]
407 2009 504 2041 Inest
518 2010 593 2040 huic
609 2010 667 2040 atii
683 2019 762 2040 con-

58 2064 184 2090 temtus
202 2060 338 2100 quidnm
352 2060 506 2090 occultus
522 2064 557 2090 et
573 2059 763 2100 ingeniosus

58 2109 208 2149 priorum
226 2110 392 2141 laborum.
416 2110 532 2141 Barth.

54 2174 56 2176 ’
100 2162 141 2190 64
170 2160 254 2191 Vitoe
266 2170 341 2200 pars
356 2161 438 2190 nulla
452 2159 550 2198 perit]
585 2159 696 2190 Perire
712 2159 760 2190 di-

57 2209 117 2248 cit,
131 2219 206 2250 quae
224 2210 310 2239 male
335 2209 566 2249 impendatur,
589 2213 626 2239 ut
643 2218 760 2249 parum

56 2259 138 2290 vitae
148 2258 273 2290 habere
283 2258 496 2290 ambitiosum
507 2259 672 2289 hominem
688 2268 759 2299 prae

57 2309 185 2351 quieto.

102 2358 336 2399 Quodcumque]
372 2360 584 2399 Quacunque
615 2358 759 2389 ratione.

57 2409 132 2441 Nos
154 2411 357 2449 quodcumque
382 2410 424 2440 ad
446 2410 525 2440 vitae
554 2414 685 2449 partem
711 2419 760 2439 re-

57 2458 223 2490 ducimus,
283 2459 532 2500 Quodcumque
565 2461 642 2490 vitae
668 2459 761 2499 judi-

57 2509 119 2539 ciis
135 2508 272 2539 demere
298 2513 423 2549 potest,
449 2509 616 2549 impendit
640 2509 759 2540 literis.

58 2559 174 2590 Barth.

101 2609 318 2649 Quodcumque
332 2609 447 2640 recedit
462 2609 598 2648 Litibus,
614 2608 761 2640 incumbit

55 2660 181 2700 studiis]
205 2660 307 2691 Forte
320 2660 535 2691 scribendum
551 2661 674 2691 recidit.
697 2660 760 2691 hoc

57 2715 122 2750 est,
149 2710 266 2742 demit.
299 2710 347 2741 sic
370 2710 482 2741 infra:
516 2721 585 2751 quoe
610 2720 684 2751 pars
712 2711 761 2740 in-

48 2759 139 2799 justa
152 2759 283 2790 recidat.
306 2759 364 2790 ubi
390 2759 494 2789 etiam
517 2761 640 2791 recedat
663 2758 761 2791 multi

142 2812 257 2854 Delph.
268 2814 299 2845 et
320 2810 394 2844 Vur.
408 2812 493 2845 Clas.

427 2926 443 2943 Q

736 2812 850 2843 Claud.

1408 213 1520 256 1425

822 314 967 341 veteres.
999 311 1086 341 Vide
1105 317 1217 342 tamen
1234 323 1306 354 qua²
1322 317 1423 354 paulo
1440 323 1518 348 ame

822 359 863 389 ad
883 369 932 390 vs.
947 363 998 390 57.
1022 370 1083 400 pro
1101 363 1237 401 vulgata
1252 364 1419 403 scriptura
1436 367 1519 397 dixi·

821 418 903 440 mus.
928 410 972 440 1).
989 411 1100 441 Istius.

862 462 901 488 65
941 460 1078 500 Litibus]
1126 462 1327 494 Forensibus
1362 465 1517 504 negotiis.

819 508 934 540 Barth.

861 561 902 587 66
915 559 978 589 Aut
997 570 1099 590 curam
1114 562 1519 603 i111pouitpopu1is,autotia

819 607 937 648 Musis]
959 609 1015 639 Sic
1044 615 1078 639 et
1103 612 1232 651 scripti.
1262 613 1375 644 malim
1403 614 1520 645 nihilo·

818 657 940 695 minus,
956 660 1116 698 impendit.
1142 662 1186 691 l).
1204 662 1323 693 Heius.

882 709 1017 748 Impouit
1049 710 1186 750 populis]
1243 713 1351 753 Leges
1396 724 1518 755 nempe

817 757 883 787 suis
899 760 1045 790 oraculis
1061 762 1166 792 velut.
1211 762 1332 802 Virgil.
1349 763 1477 804 Georg.
1495 774 1519 797 ι.

814 807 824 823 ⁵
842 807 899 838 has
923 810 1027 848 leges,
1053 816 1249 852 aeternaque
1270 812 1399 844 foedera
1415 815 1518 846 certis

817 857 984 898 Imposuit
998 862 1130 892 Natura
1149 863 1258 893 locis.'

861 911 936 940 Otia
952 911 1067 950 Musis]
1092 913 1223 950 Otium,
1237 913 1347 944 studia
1361 923 1515 946 curarum

815 957 995 1000 fugientia,
1032 972 1155 1002 expers
1193 963 1264 994 vita
1301 965 1515 996 tumultuum.

816 1009 932 1041 Barth.

857 1062 897 1090 67
933 1061 1088 1101 Cecropioe
1113 1063 1255 1103 senectae]
1289 1063 1516 1104 Antiquitatis

816 1110 1041 1142 Graecanicae.
1087 1112 1195 1142 Senes
1214 1117 1292 1143 sunt
1308 1113 1516 1153 Philosophi,

815 1160 1056 1191 auctoritatem
1110 1162 1288 1202 sapientiae
1338 1162 1517 1195 habentes.

813 1209 913 1240 Idem.

858 1259 971 1290 Omnia
991 1261 1164 1301 Cecropioe]
1190 1261 1258 1292 Hic
1275 1261 1419 1293 docetur
1431 1262 1516 1294 Mal-

812 1308 893 1340 lium
910 1309 1011 1341 fuisse
1028 1311 1102 1351 plus
1119 1313 1200 1342 satis
1215 1311 1383 1343 curiosum
1399 1312 1433 1343 in
1450 1312 1516 1344 dis·

813 1360 1008 1399 ceptatione
1026 1362 1269 1402 philosophica.
1297 1362 1420 1394 Claver.

855 1411 896 1439 68
931 1409 1111 1441 Discutiens
1138 1411 1216 1450 quod
1241 1411 1364 1451 quisque
1389 1412 1515 1453 aarum]

815 1456 899 1491 Quia
914 1459 1012 1498 prim.
1032 1459 1187 1491 Vatican.
1203 1460 1325 1501 aliique
1350 1462 1512 1493 nonnulli.

813 1506 928 1546 Forte,
944 1510 1021 1548 quod
1036 1509 1159 1549 quisque
1174 1511 1254 1541 novi.
1288 1510 1332 1540 D.
1351 1509 1468 1541 Heius.

857 1558 941 1593 Quid
956 1560 1083 1599 quisque
1106 1560 1230 1599 novum]
1266 1560 1376 1591 Aures
1402 1561 1516 1592 Philo-

812 1609 958 1648 sopliicae
986 1619 1149 1640 novarum
1169 1610 1395 1641 doctrinarum
1422 1611 1515 1652 cupi-

813 1658 877 1689 dae.
902 1660 1018 1690 Barth.

855 1712 896 1740 69
915 1709 1111 1750 Quantaque]
1136 1710 1230 1742 Quot
1246 1709 1434 1749 agminibus
1449 1709 1515 1740 sin-

813 1759 899 1798 gulae
917 1764 1019 1790 sectae
1037 1761 1217 1800 stipentur.
1241 1760 1320 1791 Non
1336 1760 1423 1790 enim
1438 1768 1514 1790 auc-

814 1813 906 1839 tores
937 1813 1069 1840 tautum
1109 1815 1278 1840 sectarum
1309 1809 1513 1849 singularum

813 1868 889 1889 suas
911 1859 1081 1890 habebant
1105 1860 1262 1898 asseclas,
1280 1859 1339 1889 sed
1356 1859 1513 1899 discipuli

814 1917 947 1949 quoque
973 1908 1033 1939 sub
1056 1909 1252 1940 doctoribus
1279 1910 1383 1947 velut,
1411 1914 1513 1950 atque

812 1959 1088 1989 eminentioribus
1118 1959 1196 1989 inde
1227 1959 1452 1997 adhaerentes,
1478 1960 1513 1990 iu

811 2018 878 2039 una
908 2014 1000 2039 secta
1031 2008 1167 2040 diversa
1197 2009 1331 2048 agmina
1355 2007 1513 2040 conficie-

813 2058 908 2090 bant.
953 2059 1070 2090 Donec
1086 2070 1125 2089 eo
1140 2068 1194 2089 res
1210 2059 1365 2096 redierit,
1382 2063 1419 2089 ut
1436 2059 1514 2089 Phi·

811 2109 962 2149 losophia
974 2119 1084 2140 merus
1097 2114 1182 2140 esset
1196 2109 1334 2146 titulus;
1359 2109 1512 2139 Heroum

813 2164 965 2190 veterum
993 2160 1137 2196 nomina,
1166 2159 1221 2200 qui
1249 2158 1392 2190 familias
1420 2158 1513 2189 velut

812 2208 985 2247 fecissent,
1009 2219 1102 2239 mera
1124 2209 1214 2248 vulgi
1237 2208 1398 2246 ludibria,
1417 2212 1452 2237 ut
1470 2216 1514 2238 ex

813 2259 937 2298 Gellio,
954 2259 1116 2296 Luciano,
1130 2259 1272 2298 aliisque
1290 2257 1405 2288 videre
1420 2257 1513 2288 licet.

813 2310 949 2347 Agmina
966 2319 1048 2348 ergo
1065 2310 1150 2339 scite
1167 2309 1264 2338 dixit.

855 2358 973 2399 Sectae]
997 2359 1095 2389 Sectoe
1111 2357 1248 2389 familia:
1267 2361 1346 2388 sunt
1362 2356 1513 2387 Philoso-

812 2408 965 2448 phorum.
1010 2409 1110 2439 Secta
1126 2408 1213 2438 enim
1236 2406 1390 2438 doctrina
1414 2414 1512 2446 quam

812 2458 885 2499 quis
901 2458 1118 2498 proposuerit
1137 2457 1346 2498 sequendam
1363 2466 1433 2497 prae
1450 2465 1514 2486 cae-

812 2508 906 2539 teris.
932 2508 1050 2539 Barth.

854 2561 895 2589 70
924 2559 1062 2598 Namque
1080 2558 1161 2597 aliis,
1183 2557 1253 2598 lisa]
1287 2556 1340 2587 Ne
1365 2554 1511 2594 singilla-

813 2609 873 2640 tim
895 2617 1039 2650 quaeque
1066 2617 1242 2648 exponam,
1264 2609 1452 2645 opponatur
1468 2612 1511 2633 ex

812 2658 1031 2689 contentione
1049 2658 1142 2688 locus
1159 2657 1212 2686 hic
1238 2654 1409 2686 Ciceronis
1427 2652 1512 2683 Aca—

812 2708 902 2739 dem.
918 2708 941 2739 l.
956 2717 1005 2739 iv.
1021 2712 1055 2738 et
1066 2706 1178 2737 Sidon.
1192 2704 1394 2744 Epitlialam.
1411 2702 1512 2733 Pole-

812 2758 870 2789 mii
886 2762 923 2790 et
938 2756 1131 2789 Araneolae.
1153 2754 1275 2787 Dario.
1393 2803 1426 2835 X

1356 2807 1376 2836 4
