1851 3213
320 232 434 275 1188
811 241 887 273 cn.
920 240 1203 271 chAuniAni
1237 240 1300 270 οι.

322 339 505 381 Mortali
525 339 688 394 pietate
711 339 844 380 timet.
905 337 1001 387 Nil,
1024 339 1193 386 sancia,
1214 336 1414 390 superbae

322 407 503 448 Pellicis
524 407 710 448 insidias
731 406 849 447 coelo
870 405 1000 445 modo
1020 403 1130 444 freta
1149 405 1392 454 tremiscas,

322 475 452 516 Neve
468 476 565 516 haec
585 478 782 515 monstra
801 473 882 513 tibi
899 472 1079 521 faciant,
1099 470 1328 522 Alcmena,
1351 483 1576 525 pavorem.

322 544 398 584 Sic
420 547 556 584 mater
574 547 703 596 potes
726 554 825 582 esse
847 540 947 582 Dei.
1005 539 1034 580 J
1039 553 1108 580 am
1130 540 1234 580 tolle
1256 553 1453 580 serenum

322 611 450 652 Laeta
471 612 679 658 animum,
700 613 910 662 tantoque
927 607 1067 648 libens
1088 607 1186 647 haec
1209 607 1363 660 aspice
1381 608 1517 657 vultu,
1546 623 1549 626 ⁴

323 677 389 720 Ut
407 678 560 718 deceat
580 677 781 730 genuisse
801 675 830 716 J
835 689 974 716 ovem.
1036 676 1222 729 Depone
1244 676 1443 716 timorem

323 745 557 798 Indignum
577 749 720 798 partu,
741 747 888 783 natum
910 755 1008 795 quae
1031 743 1255 795 exemplar
1272 742 1482 783 habebas.

323 812 408 854 Cui
429 812 606 860 metuis,
628 812 688 850 nil
710 811 809 862 ipse
830 811 954 849 timet
973 824 981 847 :
1013 821 1115 849 nam
1135 810 1309 849 numine
1328 814 1448 851 recto

325 880 526 921 Ridebas
549 882 609 926 tu,
634 877 767 925 Dive‚
789 879 1032 928 trucesque,
1055 876 1317 929 animosque
1344 877 1557 930 superbos

324 947 394 989 De
408 947 601 1000 genitore
620 948 756 996 tenes,
772 944 976 997 votisque
993 945 1249 998 aptissimus
1268 944 1387 986 orbis

1727 603 1786 646 50

1731 942 1789 984 55

327 1105 435 1126 mance.
480 1093 562 1132 Sed,
580 1102 598 1123 o
615 1094 722 1123 sancta
738 1090 900 1128 Alcmena,
915 1099 994 1121 nunc
1017 1089 1137 1120 munita
1161 1089 1243 1120 Coelo
1260 1100 1320 1121 non
1337 1089 1494 1128 formides
1507 1091 1592 1121 dolos
1605 1089 1724 1131 pellicis
1737 1099 1791 1121 αι·-

323 1137 476 1178 rogantis,
492 1146 564 1166 nere
588 1136 652 1165 hoec
676 1136 821 1174 portenta
848 1133 1004 1163 incutiant
1019 1132 1077 1162 tibi
1100 1135 1260 1163 terrorem.
1306 1133 1360 1163 Sic
1394 1137 1482 1173 potes
1507 1143 1571 1164 esse
1590 1137 1690 1164 mater
1714 1133 1791 1165 Dei.

323 1182 399 1211 Jacm
422 1180 561 1219 gaudens
588 1178 697 1208 attolle
722 1176 858 1207 animum
885 1175 1026 1214 hilarem,
1052 1177 1081 1205 et
1098 1175 1198 1205 valens
1226 1176 1293 1206 vide
1317 1175 1382 1205 hoec
1405 1176 1528 1215 onmia,
1557 1186 1590 1206 eo
1614 1176 1710 1214 vultu,
1733 1186 1791 1216 quo

324 1225 465 1254 decorum
481 1221 522 1251 sit
537 1220 692 1261 peperisse
713 1220 823 1249 Jurem
847 1218 1002 1249 alterum.
1050 1218 1134 1247 Pone
1154 1221 1268 1248 metum
1287 1218 1451 1257 indignum
1474 1221 1581 1259 partu,
1597 1228 1664 1259 quoe
1680 1218 1793 1249 habeas

325 1267 499 1305 exemplum
523 1265 556 1294 in
579 1263 674 1304 filio:
700 1263 763 1300 ille,
790 1261 840 1291 cui
873 1261 976 1298 times,
1001 1259 1082 1290 nihil
1099 1261 1206 1290 timet.-
1245 1260 1358 1291 etenim
1381 1265 1427 1298 tu,
1458 1271 1476 1292 o
1507 1262 1589 1292 Dive
1606 1261 1789 1298 Hercules,

325 1308 494 1340 divinitate
518 1316 590 1337 vera
618 1304 771 1335 irridebas
799 1313 940 1343 angues,
964 1305 996 1334 et
1018 1301 1110 1333 habes
1125 1312 1164 1333 ex
1184 1305 1273 1342 patre
1289 1303 1417 1343 spiritus
1429 1303 1519 1343 jeros
1545 1307 1575 1334 et
1590 1305 1680 1340 altos,
1697 1307 1789 1345 atque

941 1405 1176 1417 eeeeeeeeeeee

327 1479 410 1508 —47
435 1479 598 1506 fremosens
613 1474 778 1506 Ald.—51
803 1475 876 1505 Jovi
894 1473 1034 1505 volebat
1050 1473 1171 1505 Heins.
1195 1475 1309 1514 depone
1322 1473 1465 1511 savorem
1482 1472 1648 1505 Ald.—52
1671 1478 1793 1506 natum·

326 1529 381 1560 que
398 1520 553 1559 exemplar
568 1519 675 1549 habeto
692 1518 787 1549 malit
807 1517 923 1548 Heins.
938 1522 973 1548 et
991 1517 1039 1548 sic
1056 1517 1191 1548 Claver.
1216 1520 1378 1557 natumque
1394 1517 1552 1557 exemplar
1566 1517 1698 1548 habebat
1713 1516 1792 1550 Ald.

329 1562 453 1593 habebit
468 1562 662 1593 Livin.—53
687 1560 801 1591 lumine
815 1564 897 1591 recto
915 1559 1109 1591 Livia—54
1132 1563 1234 1590 truces
1259 1560 1331 1590 sine
1358 1560 1481 1600 copula
1502 1559 1665 1592 Alth—55
1689 1563 1794 1592 tenens

328 1605 418 1646 conj.
435 1604 552 1635 Heius.
565 1604 623 1645 qui
638 1604 687 1635 sic
703 1603 883 1644 legendum
902 1607 1019 1643 putat:
1039 1612 1110 1633 nam
1125 1603 1239 1633 lumine
1252 1606 1336 1633 recto
1353 1602 1490 1634 Ridebus
1504 1606 1551 1643 tu,
1568 1604 1669 1643 Duce,
1680 1606 1794 1645 truces,

991 1722 1020 1753 N
1027 1721 1133 1754 OTAE

327 1827 454 1858 angues
472 1816 576 1848 filium
593 1827 690 1849 suum
713 1817 921 1852 invadentes.
960 1821 1034 1851 Cre-

330 1878 383 1899 ure
406 1868 532 1908 optime
550 1868 676 1899 dicitur
700 1879 761 1910 pro
787 1879 910 1910 parere,
929 1874 965 1901 ut
980 1880 1034 1900 su-

331 1929 392 1960 pra
407 1919 562 1950 vidimus.

1090 1820 1131 1852 ad
1149 1831 1184 1852 se
1203 1821 1357 1861 pelliciat
1371 1820 1471 1853 viros.
1529 1855 1532 1860 ,

1135 1872 1329 1912 Coelosreta]
1368 1871 1641 1913 Metonymicczs:
1671 1871 1704 1903 id
1729 1875 1794 1912 est,

1089 1922 1190 1962 Jove,
1207 1923 1263 1963 qui
1280 1923 1312 1953 in
1336 1923 1421 1954 coelo
1437 1927 1500 1962 est,
1516 1921 1618 1962 freta,
1639 1922 1719 1954 nihil
1738 1922 1795 1953 de-

372 1972 414 2000 46
439 1969 572 1999 Mortali
591 1968 710 2008 pietate
726 1969 831 2010 limet]
867 1970 984 2001 Timet
999 1974 1036 2001 ut

332 2020 444 2050 solent
461 2020 634 2050 mortales.

373 2069 503 2110 Sam-ta]
532 2069 696 2101 Alcmena
714 2080 755 2101 ex
777 2071 865 2103 Jove
883 2072 1035 2112 gravida,

329 2125 365 2152 et
382 2121 457 2151 ideo
477 2122 568 2151 velut
585 2126 786 2152 consecrata
802 2133 809 2160 3
836 2123 889 2152 vel
903 2132 977 2162 quae
993 2122 1035 2153 ab

331 2172 420 2203 omni
438 2172 562 2212 injuria
587 2171 728 2202 defensa
753 2182 791 2203 ae
820 2172 949 2203 munita
964 2181 1036 2203 esse

331 2222 444 2254 debet.
493 2223 687 2254 Marcianus
713 2224 826 2255 l.v111.
844 2225 890 2255 D.
917 2224 959 2254 de
986 2234 1036 2255 re-

330 2282 403 2303 rum
432 2273 620 2304 divisione:
647 2276 655 2290 ‘
672 2275 836 2305 Sanctum
864 2279 917 2305 est
945 2275 1036 2315 quod

330 2322 373 2353 ab
400 2322 523 2362 injuria
547 2323 715 2354 hominum
739 2323 917 2356 defensum
935 2329 1037 2366 atque

332 2373 499 2404 munitum
518 2373 594 2403 est.y

375 2425 415 2454 47
451 2423 593 2462 Pellicis]
635 2424 752 2455 Pellex
770 2427 1038 2466 καταχρηστικῶς,

330 2485 386 2516 per
399 2474 538 2513 abusum,
556 2474 609 2505 hic
622 2476 785 2507 sumitur:
812 2487 886 2507 nam
904 2477 1036 2508 Alcme-

332 2536 375 2557 na
391 2526 503 2567 pellex
528 2530 591 2562 est,
614 2535 679 2555 uon
695 2527 799 2566 ιΙιιιιο,
815 2538 890 2568 quae
909 2533 961 2559 est
977 2528 1037 2559 Jo-

333 2577 382 2608 vis
396 2577 532 2617 conjux.
579 2577 699 2607 Pellex
716 2582 828 2607 autern
848 2578 899 2608 vel
930 2589 949 2609 a
975 2580 1038 2618 pel-

333 2627 432 2666 lendo,
449 2628 536 2667 quorl
564 2637 703 2657 uxorein
731 2627 918 2667 legitimam
938 2628 1040 2659 thala-

333 2686 388 2708 mo
405 2677 529 2717 pellat,
556 2678 607 2707 vel
634 2676 693 2707 ἀπὸ
713 2678 768 2714 τῆς
791 2680 957 2715 παλλακῆς
981 2685 1039 2710 aut

333 2725 536 2767 παλλακίδος,
555 2737 628 2768 quae
646 2737 745 2758 voces
763 2732 884 2759 notant
899 2729 1038 2760 concubi-

334 2788 429 2815 uum;
452 2778 506 2809 vel
530 2787 549 2809 a
563 2777 782 2819 pelliciendo,
808 2778 897 2820 quod
914 2778 1041 2811 alienos

1091 1972 1150 2003 bes
1181 1982 1327 2013 unquam
1360 1973 1618 2013 pertimescere,
1648 1981 1690 2003 ne
1719 1972 1796 2013 ipsa

1091 2021 1226 2063 quidem
1241 2022 1457 2053 horribiliora
1470 2028 1630 2053 monstra.

1134 2075 1172 2103 51
1218 2073 1260 2103 Ut
1290 2074 1396 2103 deceat
1425 2073 1567 2112 genuisse
1597 2072 1722 2113 Jovem]
1762 2071 1793 2105 Ο

1091 2121 1269 2162 Alcmena,
1307 2123 1413 2154 debes
1447 2124 1495 2154 ita
1532 2124 1685 2164 aspicere
1721 2124 1796 2155 haec

1091 2179 1254 2215 monstra,
1277 2179 1313 2206 ut
1333 2175 1457 2206 deceat
1480 2179 1514 2206 te
1539 2175 1697 2215 genuisse
1713 2175 1797 2206 alte-

1091 2235 1165 2255 rum
1180 2225 1314 2265 Jovem,
1339 2225 1402 2256 lroc
1427 2231 1491 2266 est,
1518 2225 1703 2257 Herculem
1716 2224 1796 2257 Jovi

1091 2275 1245 2306 similem.

1134 2328 1175 2356 52
1199 2325 1368 2365 Indignum
1384 2326 1493 2366 partu]
1531 2325 1709 2365 Indignum
1737 2329 1795 2357 tuo

1093 2375 1256 2415 Hercule,
1273 2386 1374 2417 quem
1396 2376 1572 2417 peperisti,
1596 2380 1631 2407 et
1650 2385 1726 2417 quae
1742 2375 1797 2407 ha-

1092 2426 1151 2457 bes
1178 2427 1212 2456 iu
1239 2430 1318 2457 nato
1342 2436 1409 2457 non
1437 2427 1581 2457 timente
1602 2426 1796 2467 exemplum

1093 2475 1134 2506 ad
1153 2480 1279 2506 metum
1297 2475 1549 2516 deponendum.

1135 2528 1175 2556 53
1195 2525 1333 2556 Numine
1348 2524 1446 2565 recto]
1469 2526 1629 2557 Heinsius
1643 2525 1737 2568 legit,
1752 2527 1798 2558 lu-

1092 2575 1173 2606 mine
1187 2579 1282 2615 recto,
1302 2581 1337 2606 et
1355 2576 1453 2608 bene.

1135 2629 1174 2656 55
1205 2625 1496 2666 Votis—aptissimus]
1520 2626 1795 2667 Aptissimusex-
1845 2626 1851 2660 {3

1094 2676 1227 2718 plendis
1254 2678 1339 2708 votis
1360 2677 1543 2718 hominum,
1567 2682 1600 2709 te
1624 2678 1668 2709 ad
1683 2679 1797 2710 extin-
1844 2676 1851 2714 i

1093 2727 1226 2769 guenda
1242 2728 1332 2760 orbis
1348 2733 1498 2760 monstra
1512 2729 1762 2771 expetentium.
