1852 3182
475 615 829 668 NICOLAUS
886 616 938 662 H
951 615 1219 664 EINSIUS

258 768 322 825 H
329 763 751 824 ADRIANO
802 760 1159 819 WALLIO
1215 758 1384 818 SUO

704 907 752 954 S.
781 905 839 953 P.
864 904 931 953 D.

91 1220 320 1276 NAcrus
357 1232 606 1283 opportune
641 1227 877 1268 admodum
908 1225 1041 1272 diem,
1064 1222 1123 1263 mi
1143 1218 1299 1268 Walli‚
1322 1231 1349 1259 a
1368 1217 1553 1270 negotiis

90 1298 282 1352 publicis
314 1297 528 1346 feriatum,
563 1295 663 1337 dum
706 1296 750 1335 in
785 1294 959 1335 seriniis
991 1291 1100 1331 meis
1139 1286 1415 1329 excutiendis
1456 1297 1553 1324 sum

91 1371 228 1414 totus,
251 1368 291 1405 et.
311 1364 367 1404 ad
391 1363 620 1404 Musarum
644 1361 893 1402 intermissa
921 1372 1046 1400 saera
1073 1355 1266 1397 nonnihil
1287 1352 1553 1406 cogitatione

92 1436 334 1480 convertor,
352 1431 551 1471 obtulere
586 1442 634 1469 se
662 1429 782 1477 mihi,
813 1440 911 1480 quae
940 1426 1043 1466 olim
1066 1426 1172 1465 inter
1195 1418 1554 1474 peregrinandum

92 1504 401 1541 annotaveram
423 1511 446 1538 e
466 1498 656 1538 vetustis
688 1493 1016 1548 exemplaribus
1047 1492 1102 1532 ad
1125 1489 1324 1541 Elegiam
1345 1486 1398 1526 de
1422 1485 1555 1526 Phoe-

90 1568 209 1616 nice,
228 1567 322 1607 sive
346 1578 372 1605 a
393 1564 640 1612 Lactantio,
668 1562 795 1615 cujus
824 1574 876 1601 ea
908 1557 1282 1600 lucubrationibus
1304 1554 1432 1606 vulgo
1454 1553 1555 1592 sub-

91 1634 262 1683 texitur,
286 1634 379 1673 sive
403 1632 458 1672 ab
491 1631 580 1672 alio
614 1630 773 1683 quovis
807 1628 1122 1680 conscriptam,
1161 1623 1337 1674 dignam
1359 1619 1555 1673 profecto

91 1701 377 1753 meritamque
394 1698 657 1750 castigatius
677 1696 904 1749 aliquanto
927 1691 1192 1734 circumferri
1209 1689 1403 1743 publice,
1422 1698 1555 1739 quam

91 1769 304 1809 haetenus
325 1770 390 1807 est
421 1766 598 1806 factum.
660 1763 714 1803 In
750 1763 863 1803 hunc
900 1761 1068 1814 quippe
1103 1758 1218 1798 diem
1253 1754 1438 1795 maculis
1471 1751 1557 1792 fre-

93 1836 323 1890 quentibus
345 1834 594 1876 foedissime
617 1843 799 1885 aspersa
820 1842 897 1883 per
928 1839 1084 1868 manus
1110 1824 1333 1865 hominum
1366 1819 1557 1861 erudito-

92 1916 186 1943 rum
204 1902 417 1943 volitabat
432 1901 527 1942 haec
550 1899 718 1951 Elegia.
752 1897 795 1938 N
801 1909 850 1937 os
873 1895 1017 1936 secuti
1034 1893 1284 1946 exemplum
1300 1893 1431 1943 atque
1455 1900 1558 1928 aue-

93 1971 314 2011 toritatem
345 1970 489 2023 magni
526 1967 755 2019 Seahgeri,
804 1964 1048 2006 Claudiano
1089 1959 1294 2002 secundis
1327 1956 1440 1998 curis
1482 1946 1587 2009 per¹

96 2049 179 2078 nos
217 2038 435 2078 illustrato
474 2049 571 2077 eam
607 2036 858 2076 curabimus
900 2030 1162 2073 addendam.
1206 2027 1342 2068 *Nam
1378 2024 1445 2065 vir
1485 2023 1558 2063 ille

96 2104 457 2158 incomparabilis
508 2103 747 2144 Francisco
796 2098 1100 2153 Raphelengio
1156 2094 1338 2136 dederat
1383 2090 1559 2133 consili-

95 2185 184 2222 um,
221 2172 338 2225 quod
373 2172 498 2221 alias,
530 2172 573 2211 ui
603 2170 747 2219 fallor,
774 2182 830 2210 ex
859 2181 926 2208 me
957 2164 1220 2219 cognovisti,
1257 2159 1500 2202 Claudiano
1534 2171 1560 2197 a

97 2253 144 2280 se
176 2240 393 2280 recensito
428 2243 559 2291 atque
594 2236 822 2278 emendato
857 2234 901 2275 id
938 2245 1111 2275 carmen
1151 2230 1214 2271 uti
1255 2228 1558 2282 subjungeret:

97 2306 244 2356 credo,
267 2306 384 2360 quod
405 2305 604 2359 ejusdem
639 2304 881 2358 argumenti
902 2302 1106 2355 Idyllium
1130 2297 1450 2340 Claudianeum
1470 2306 1560 2333 me-

96 2375 295 2415 minisset
316 2373 371 2414 ad
394 2386 477 2414 nos
500 2373 763 2426 pervenisse.
827 2370 948 2410 Inter
985 2367 1163 2409 codices
1200 2368 1401 2406 vetustos
1428 2359 1559 2413 hujus

97 2441 309 2495 poematii
343 2454 369 2481 a
403 2453 472 2480 me
508 2440 731 2487 consultos
767 2426 1056 2478 et'evolutos
1096 2433 1391 2487 principatum
1430 2427 1559 2469 facilc

97 2512 215 2550 tenet
246 2510 575 2549 membraneum
609 2506 846 2559 exemplar,
875 2502 993 2557 quod
1023 2502 1068 2542 in
1105 2499 1370 2542 bibliotheca
1402 2495 1485 2535 viri
1520 2495 1560 2533 et

99 2576 228 2616 amici
260 2577 394 2616 nostri
427 2575 584 2615 summi
626 2574 776 2615 Isaaei
809 2572 968 2613 Vossii
1000 2573 1249 2610 asservatur
1281 2571 1378 2606 ante
1419 2573 1558 2602 annos

101 2643 370 2695 octingentos
400 2643 690 2695 descriptum.
753 2641 992 2681 Proximas
1029 2640 1179 2691 partes
1212 2633 1341 2674 facile
1364 2631 1444 2670 sibi
1469 2627 1561 2667 vin-

103 2708 267 2748 dicabit
292 2711 557 2750 Bodleianus
581 2710 770 2750 Oxoniae
802 2709 845 2747 in
870 2705 1101 2747 Britannia
1128 2701 1285 2748 codex,
1321 2698 1394 2750 qui
1427 2706 1560 2734 anno-

102 2787 197 2816 rum
228 2782 402 2817 aetatem
439 2778 768 2830 quingentorum
801 2788 893 2828 prae
928 2786 976 2814 se
1013 2772 1123 2812 ferre
1153 2768 1284 2808 nobis
1319 2768 1384 2803 cst
1424 2761 1560 2801 visus.
