1851 3213
290 205 402 246 1118
731 219 806 249 ce.
840 218 1119 250 CLAUDIAM
1156 220 1303 251 xmx.

290 310 476 362 Felices,
498 313 724 366 proprium
746 316 821 368 qui
843 319 884 356 te
907 328 1109 365 meruere,
1131 316 1289 366 coloni,

347 378 434 420 Fas
456 380 616 433 quibus
635 387 703 421 est
724 380 915 435 Aponon
928 383 1041 437 juris
1061 383 1218 424 habere
1239 384 1324 425 sui.

290 445 392 487 Non
412 447 496 488 illis
517 452 685 490 terrena
705 450 812 499 lues,
835 455 1038 503 corrupta
1057 464 1140 491 nec
1163 450 1315 492 Austri

346 513 561 563 Flamina,
584 528 661 556 nec
685 529 807 557 saevo
828 516 971 557 Sirius
992 517 1090 568 igne
1105 523 1245 559 nocet.

286 580 372 622 Sed
389 583 589 634 quamvis
610 582 823 624 Lachesis
843 584 962 624 letali
979 585 1165 625 stamine
1185 585 1376 636 damnet,

345 648 455 690 Inde
476 651 559 690 sibi
579 650 657 691 fati
678 652 956 705 prosperiora
976 656 1138 705 petunt.

288 714 420 766 Quod
443 718 480 757 si
501 717 612 759 forte
633 719 773 759 malus
794 720 998 760 membris
1018 720 1229 761 exuberat
1247 720 1416 770 humor,

343 783 571 837 Languida
592 785 662 825 vel
681 786 812 825 nimio
833 786 1006 826 viscera
1023 785 1123 826 felle
1146 787 1298 836 virent,

284 942 355 970 runt
372 949 411 970 cx
428 940 530 969 monte
542 941 642 978 rupto.
690 938 720 969 Ο
728 938 910 977 fortunatos
926 940 1051 978 incolas,
1069 940 1122 981 qui
1143 940 1306 980 promeriti
1322 942 1393 971 sunt
1414 939 1538 971 habere
1560 943 1603 979 te,
1621 950 1640 971 o
1655 939 1740 981 som,

279 982 452 1020 proprium,
469 981 579 1021 quibus
599 981 754 1021 contingit
773 982 883 1013 habere
898 984 1040 1023 Aponum
1052 984 1085 1013 in
1102 993 1159 1014 saa
1180 986 1344 1023 potestate.
1363 983 1472 1022 Neque
1493 982 1579 1014 tabes
1602 986 1739 1023 terrena,

282 1034 375 1064 neque
389 1024 492 1064 flauas·
516 1025 593 1054 Noti
618 1024 740 1062 infecti,
770 1035 865 1065 neque
891 1025 996 1056 Sirius
1021 1026 1110 1056 laeclit
1140 1026 1209 1056 illos
1233 1027 1333 1057 calore
1359 1025 1540 1065 pernicioso.
1593 1027 1639 1056 At
1666 1027 1738 1057 licet

282 1066 434 1098 Lachesis
470 1068 647 1098 condemnet
675 1067 750 1098 illos
773 1067 833 1109 filo
862 1069 998 1105 mortali,
1037 1073 1151 1099 tamen
1180 1069 1215 1099 in
1245 1069 1299 1099 hoc
1326 1067 1422 1099 fonte
1448 1068 1556 1106 satum
1577 1067 1742 1106 favorabi-

281 1110 341 1140 lius
353 1110 414 1141 sibi
427 1110 595 1140 inveniunt.
643 1109 732 1144 Quod
753 1111 781 1140 si
798 1110 938 1148 fortasse
959 1111 1067 1142 humm·
1083 1111 1195 1142 noxias
1210 1114 1336 1150 turgeat
1359 1111 1391 1141 in
1407 1120 1541 1150 corpore,
1556 1112 1603 1142 vel
1617 1111 1644 1142 si
1658 1121 1739 1151 prce-

278 1152 384 1183 corde'a
399 1152 511 1183 debilia
525 1153 682 1184 virescunt
698 1152 740 1184 ob
756 1153 847 1185 bilem
861 1154 1092 1194 incommodam,
1106 1164 1166 1185 non
1180 1157 1283 1185 secant
1300 1154 1365 1185 sibi
1380 1164 1498 1195 venam,
1517 1164 1611 1195 neque
1626 1158 1737 1186 curant

895 1249 1128 1260 eeeeeeeeeeee

278 1312 357 1343 Pat.
371 1321 438 1344 rec.
455 1313 596 1343 Lucens.
613 1323 665 1352 pr.
681 1313 763 1344 Var.
780 1313 848 1344 LL.
866 1323 884 1343 e
900 1322 1007 1353 marg.
1023 1313 1225 1343 Parm.—90
1250 1312 1389 1352 Aponum
1405 1314 1486 1343 Vat.
1514 1323 1565 1353 pr.
1592 1316 1628 1344 et
1656 1317 1736 1345 tert.

279 1354 376 1386 Rott.
388 1356 468 1386 Vat.
486 1355 595 1386 Livin.
611 1356 739 1395 Aponon
755 1355 822 1386 duo
834 1356 930 1386 vatt.
948 1356 1023 1385 Pal.
1039 1355 1323 1386 Cod.Bartholin.
1342 1355 1408 1385 duo
1426 1355 1518 1385 Med.
1535 1356 1601 1386 inc.
1617 1356 1737 1387 Heius.

277 1396 357 1428 Put.
375 1397 497 1428 Petav.
516 1407 566 1436 pr.
583 1398 713 1428 Bonou.
729 1398 796 1428 duo
814 1397 931 1428 Ambr.
950 1398 1074 1428 Moree
1091 1407 1141 1437 pr.
1158 1397 1270 1428 Oxon.
1288 1407 1358 1428 sec.
1381 1398 1498 1437 Epigr.
1511 1396 1630 1428 Ambr.
1652 1399 1737 1431 Exc.

278 1439 356 1471 Pat.
374 1449 442 1470 rec.
458 1441 602 1470 Luc-ens.
620 1450 670 1480 pr.
688 1440 811 1470 Sched.
830 1440 920 1472 Gud.
939 1439 1016 1470 Ald.
1029 1440 1110 1470 Var.
1129 1440 1197 1470 LL.
1213 1450 1231 1470 e
1248 1449 1352 1480 marg.
1369 1439 1483 1470 Parm.
1498 1443 1630 1480 Aponon
1653 1441 1738 1472 Bus-

276 1481 421 1512 lim-91
444 1483 608 1513 metuenda
631 1483 696 1513 lues
724 1482 933 1523 conjiciebat
961 1482 1168 1514 Heins.—92
1194 1482 1340 1513 Flumina
1366 1483 1417 1513 vel
1444 1483 1587 1514 Fulmina
1605 1483 1738 1516 Buslid.

276 1534 356 1555 soevo
375 1525 450 1555 Vat.
467 1535 519 1565 pr.
535 1525 608 1556 Pal.
623 1526 700 1556 [εει-ο
718 1529 787 1556 tres
804 1526 900 1556 Vatt.
917 1526 1014 1556 Rott.
1033 1524 1138 1556 Oisel.
1156 1525 1304 1557 Florent.
1329 1525 1423 1556 Med.
1450 1536 1517 1556 sec.
1535 1526 1599 1557 inc.
1616 1526 1737 1558 Heius.

277 1567 356 1598 Put.
374 1567 496 1598 Petav.
514 1577 563 1607 pr.
581 1568 709 1599 Bonon.
726 1569 852 1599 Mon-et.
878 1578 929 1608 pr.
959 1567 1073 1598 Oxou.
1101 1577 1168 1598 sec.
1194 1568 1325 1599 Buslid.
1353 1567 1437 1599 Cod.
1466 1568 1585 1608 Epigr.
1613 1567 1734 1600 Ambr.

275 1619 362 1640 sacro
380 1610 459 1640 Var.
475 1611 540 1640 LL.
557 1610 610 1640 ed
630 1609 733 1641 Antv.
736 1613 820 1641 —93
837 1609 938 1648 ferali
964 1611 1095 1641 stamine
1121 1610 1243 1641 Petav.
1260 1620 1310 1651 pr.
1329 1610 1448 1648 furiali
1472 1610 1602 1642 Buslid.
1629 1612 1736 1642 damni

278 1661 339 1690 pro
357 1654 481 1683 damnet
497 1652 591 1683 Med.
621 1662 687 1683 see.
689 1655 773 1684 —94
801 1654 900 1683 Unda?
913 1652 988 1690 fata
1000 1652 1060 1683 sibi
1083 1653 1161 1683 Vat.
1178 1653 1286 1684 Livin.
1316 1654 1404 1684 Unde
1418 1652 1493 1691 sata
1507 1653 1568 1683 sibi
1583 1654 1664 1684 Vat.
1682 1663 1734 1694 pr.

275 1694 357 1725 Exc.
375 1695 518 1725 Lucens.
536 1704 586 1734 pr.
604 1694 680 1725 Inde
696 1695 755 1725 sibi
773 1694 847 1732 sata
874 1699 942 1725 tres
960 1695 1056 1726 Vatt.
1086 1695 1162 1725 Pal.
1191 1696 1285 1726 Rott.
1312 1696 1418 1726 Oisel.
1442 1697 1734 1729 Cod.Bartholi11.

266 1736 340 1774 fato
357 1736 568 1767 Axnbr.te1·.t
577 1737 661 1773 fatis
676 1738 793 1768 Barth.
808 1737 877 1775 fati
893 1739 974 1768 Exc.
998 1738 1074 1768 Par.
1091 1747 1157 1768 rec
1182 1736 1316 1776 [deerat
1333 1748 1413 1768 vero
1439 1739 1513 1770 haec
1530 1749 1596 1769 vox
1612 1740 1734 1772 Petav.

275 1789 326 1818 pr.
331 1778 345 1818 ]
360 1782 464 1819 petent
479 1780 560 1809 var.
577 1780 646 1810 LL.
665 1779 719 1810 ed.
744 1780 848 1812 Antv.
872 1781 970 1811 Unace
986 1781 1039 1811 vel
1063 1780 1163 1811 Undis
1180 1779 1256 1818 fata
1280 1781 1340 1811 sibi
1365 1781 1500 1821 legebat
1519 1781 1734 1814 Heinsius.-

273 1824 313 1852 95
339 1823 450 1852 Deest
478 1822 540 1853 hoc
569 1822 737 1853 distichon
766 1823 894 1854 Buslid.
898 1826 982 1854 —96
1000 1822 1077 1859 felle
1101 1824 1204 1853 virent
1219 1824 1299 1855 Vat.
1316 1830 1425 1864 quart.
1443 1824 1527 1856 Cod.
1543 1825 1732 1856 Bartholin.

273 1863 339 1896 inc.
354 1863 474 1896 Heius.
489 1865 612 1897 Petav.
628 1875 680 1907 pr.
692 1866 820 1897 Bonon.
839 1867 923 1898 Exc.
936 1866 1011 1898 Pat.
1028 1875 1098 1898 rec
1121 1876 1164 1898 m.
1181 1875 1231 1907 pr.
1244 1867 1325 1898 Var.
1347 1867 1415 1899 LL.
1433 1868 1486 1899 ed.
1503 1867 1609 1899 Antv.
1622 1868 1733 1900 rubent

931 1988 1076 2021 NOTAE

315 2076 354 2104 91
384 2075 516 2106 Terrena
532 2075 611 2115 lues]
647 2076 814 2116 contagio
837 2079 917 2107 nata
933 2085 975 2107 ex
1032 2075 1197 2107 tensionis
1221 2079 1377 2115 aestuum,
1393 2075 1471 2106 dum
1499 2075 1599 2106 simul
1623 2075 1732 2107 oritur

273 2128 365 2155 terra
381 2124 653 2165 insalubri,utiu
667 2126 833 2158 Sardinia.
1031 2135 1106 2157 cum
1136 2126 1237 2165 Sole3
1259 2130 1412 2157 attamen
1443 2136 1496 2157 res
1522 2135 1588 2157 non
1618 2126 1667 2158 sic
1694 2136 1731 2157 se

315 2177 356 2204 92
380 2174 500 2214 Sirius]
534 2178 642 2216 Supra
659 2178 700 2207 de
723 2177 823 2217 hujus
846 2181 974 2217 etymo-

271 2222 361 2263 logia
377 2223 533 2256 diximus.
579 2226 683 2257 Sirz'as
699 2232 812 2257 autem
837 2237 895 2257 seu
914 2227 974 2257 Ca-

269 2273 384 2311 nicula,
401 2275 491 2306 sidus
513 2282 564 2306 est
593 2287 635 2307 ex
654 2278 826 2309 veteribus
853 2277 972 2308 arden-

272 2323 459 2362 tissimun13
485 2326 569 2356 adeo
596 2332 634 2358 ut
655 2337 674 2358 a
697 2328 816 2358 Poetis
838 2328 973 2369 quibus·

270 2374 347 2405 dam
361 2375 494 2406 dicatur
515 2378 664 2408 ‘latrare
691 2379 857 2410 Canicula
879 2378 972 2410 flam-

271 2424 373 2463 nias3’
398 2429 432 2456 et
445 2426 544 2466 linJus
571 2433 693 2459 exortu
718 2430 806 2460 Solis
829 2439 972 2470 vapores

271 2475 399 2514 augeri,
415 2474 548 2506 fervere
566 2478 684 2518 maria,
699 2478 865 2510 fluctuare
883 2480 972 2520 vina,

268 2524 396 2555 moveri
410 2530 532 2565 stagna
554 2527 684 2558 credita
701 2529 777 2560 sint.
823 2529 871 2560 At
887 2530 969 2560 Gas-

267 2574 390 2606 sendus
402 2586 474 2606 cum
493 2578 754 2618 recentioribus,
768 2584 884 2609 contra
896 2589 968 2609 sen-

269 2623 323 2664 tit,
338 2624 416 2656 dum
445 2626 516 2656 haec
535 2628 581 2657 ait
604 2637 646 2658 ex
672 2628 837 2659 Gemino:
864 2630 968 2660 ‘Om-

269 2684 327 2705 nes
343 2680 463 2715 putant
479 2677 565 2708 hanc
577 2679 710 2708 stellam
722 2677 882 2719 (Canem)
901 2679 967 2710 vim

267 2725 393 2757 habere
407 2727 591 2769 propriam,
607 2732 642 2759 et
666 2737 802 2759 causam
830 2738 904 2760 esse
920 2729 968 2760 in·

1029 2178 1157 2216 habet;
1181 2178 1255 2218 sed,
1272 2178 1431 2219 quoniam
1450 2178 1555 2218 juxta
1568 2178 1731 2210 calidissi-

1029 2238 1120 2259 mum
1138 2233 1284 2270 tempus,
1300 2239 1376 2260 cum
1397 2229 1470 2259 haee
1494 2229 1595 2259 stella
1617 2233 1729 2260 ortum

1029 2278 1195 2318 faciebat,
1219 2279 1318 2319 hujus
1335 2279 1563 2319 apparitione,
1581 2279 1668 2310 aeris
1693 2280 1729 2310 in

1027 2334 1146 2360 aestum
1193 2330 1415 2360 mutationem
1472 2329 1729 2369 significarunt!

1026 2379 1119 2410 Hinc
1135 2383 1230 2410 certe
1245 2384 1339 2410 ortus
1355 2379 1529 2411 Caniculae
1543 2389 1610 2411 non
1626 2390 1730 2412 causa

1026 2435 1089 2470 est,
1100 2429 1159 2460 sed
1177 2435 1307 2460 tantum
1319 2430 1450 2470 siguum
1465 2430 1598 2461 caloris.
1628 2430 1728 2462 Idem

1027 2480 1237 2517 Gassendus,
1252 2480 1310 2511 lib.
1328 2490 1378 2512 νι.
1403 2481 1446 2512 de
1463 2481 1612 2512 siderum
1625 2481 1727 2521 effec-

1026 2529 1126 2566 tibus,
1143 2529 1201 2567 ait,
1214 2530 1223 2546 ‘
1235 2530 1376 2569 Canem,
1388 2531 1444 2571 qui
1457 2531 1578 2562 caloris
1593 2532 1726 2572 signum

1025 2579 1120 2609 nobis
1148 2584 1211 2618 est,
1236 2590 1310 2610 esse
1347 2580 1577 2621 Antipodibus
1602 2582 1727 2613 nostris

1023 2629 1152 2669 signum
1169 2628 1326 2668 frigoris?

1064 2681 1104 2709 93
1128 2678 1288 2718 Lachesis]
1304 2680 1380 2710 Una
1391 2680 1589 2719 Parcarum,
1603 2679 1645 2711 de
1659 2690 1725 2722 qua

1021 2738 1123 2769 supra
1137 2739 1146 2769 ;
1171 2730 1310 2770 ponitur
1326 2739 1389 2771 pro
1404 2729 1556 2772 qualibet
1573 2730 1697 2763 Parca.
