1851 3213
300 201 412 243 1018
722 213 798 245 οι.
833 214 1118 246 ct.AUn1AN1
1152 216 1340 248 xxxvr.

296 308 419 359 Quid
440 322 519 350 vos
541 314 745 363 expertes
769 311 986 353 thalami?
1047 313 1293 355 Tantumne
1313 315 1491 356 relictus

295 376 578 430 Virginitatis
598 378 740 419 honos
759 380 776 420 Τ
838 380 1029 421 Tantum
1051 386 1223 423 mutata
1244 383 1483 423 voluntas?
1676 382 1763 424 280

294 443 324 485 J
328 457 399 484 am
419 445 597 495 Veneri,
620 449 663 486 et
686 448 820 487 sociis
837 447 1005 501 junctae
1029 449 1279 502 raptoribus
1300 450 1376 490 itis
1397 451 1415 489 'l

296 510 335 552 O
359 514 534 567 templis
556 513 768 568 Scythiae,
791 518 924 568 atque
945 516 1164 557 hominem
1188 517 1442 558 sitientibus
1465 518 1554 560 aris

296 579 498 633 Utraque
520 581 654 634 digna
673 582 759 623 coli
780 583 787 623 Ξ
821 584 929 624 tanti
954 598 1054 637 quae
1077 597 1215 625 causa
1233 584 1425 626 suroris?

295 646 441 697 Quam
459 662 558 689 mea
578 650 646 690 vel
667 650 785 691 dicto
806 651 927 691 tenui
948 651 1216 705 Proserpina
1237 652 1354 693 laesit
1373 653 1391 692 ‘l

295 715 477 757 Scilicet
499 722 577 758 aut
599 719 711 759 caris
731 720 905 772 pepulit
927 726 981 769 te,
1009 720 1151 769 Delia,
1175 721 1330 774 sylvis,
1676 720 1762 763 285

294 781 385 824 Aut
405 785 481 825 tibi
503 787 763 827 commissas
787 789 952 840 rapuit,
976 787 1191 837 Tritonia,
1216 790 1416 841 pugnas?

294 849 365 891 An
386 852 532 904 gravis
554 853 785 906 alloquio?
818 858 987 894 vestros
1010 866 1066 893 an
1086 854 1195 895 forte
1218 857 1406 908 petebat

293 972 387 1002 talem
404 971 585 1004 infamiam.
634 974 720 1008 Quid
738 974 840 1005 vultis
854 985 916 1013 ros,
933 984 951 1005 ο
968 974 1126 1005 Minerva
1143 978 1179 1005 et
1197 974 1319 1014 Diana,
1335 975 1446 1006 nesciae
1461 973 1666 1015 nuptiarum?
1694 975 1763 1009 Sic-

293 1014 360 1045 cine
383 1015 485 1054 glorz'a
505 1016 668 1056 pudicitiae
685 1027 705 1047 a
730 1017 822 1048 vobis
844 1019 983 1056 neglectu
1001 1018 1075 1048 est?
1119 1017 1240 1048 Siccine
1260 1018 1422 1048 consilium
1437 1023 1586 1049 vestrum
1609 1022 1763 1050 mutatum

294 1058 369 1087 est?
414 1059 489 1088 Jam
505 1059 620 1089 raditis
635 1060 802 1098 conjuncta²
826 1061 937 1091 Veneri
953 1064 982 1090 et
999 1060 1178 1100 raptoribus
1193 1058 1380 1091 comitibus?
1414 1062 1443 1091 Ο
1455 1060 1552 1091 amboe
1573 1061 1677 1101 dignae
1691 1063 1764 1093 ado-

292 1100 359 1130 rari
376 1099 408 1129 in
425 1101 561 1131 delubris
576 1101 725 1142 Scythae,
756 1107 785 1133 et
802 1104 955 1134 ultoribus
970 1103 1162 1143 cupientibus
1177 1104 1376 1143 sanguinem
1393 1104 1545 1134 hominum
1561 1103 1576 1135 Ι
1622 1104 1699 1140 Quoe
1714 1114 1763 1136 ra-

293 1142 337 1171 tio
352 1145 396 1172 est
412 1147 510 1174 tuutoe
525 1143 648 1176 rabiei?
686 1146 787 1180 Quam
803 1156 846 1176 ex
865 1147 960 1176 vobis
978 1156 1044 1176 mea
1060 1145 1192 1186 off'eudit
1208 1147 1277 1177 tilia
1294 1147 1495 1186 Proserpina,
1510 1148 1557 1176 vel
1572 1147 1632 1178 levi
1649 1145 1762 1179 verbo?

297 1185 415 1224 Nempe
427 1196 466 1216 un
484 1188 604 1226 expulit
621 1191 664 1225 te,
691 1198 709 1218 o
737 1189 859 1225 Diana,
881 1189 1148 1230 sylrisjucundis,
1171 1191 1219 1220 tel
1233 1189 1349 1229 eripuit
1366 1189 1437 1228 tibi,
1462 1199 1481 1220 o
1509 1190 1632 1228 Pullos,
1651 1190 1763 1230 proelia

292 1227 478 1260 commissa?
523 1231 572 1261 An
590 1231 716 1262 molesta
734 1237 807 1262 erat
823 1230 1038 1263 sermonibus?
1082 1231 1133 1262 An
1149 1231 1292 1269 forsitan
1315 1231 1461 1262 turbabat
1477 1236 1593 1263 vestros
1606 1237 1702 1264 coetus
1716 1233 1762 1264 in-

909 1316 1144 1328 eeeeeeeeeeee

292 1389 347 1410 nos
363 1380 443 1411 Vat.
464 1381 569 1420 quint.
598 1383 748 1414 Floreut.
793 1384 852 1414 Vos
877 1384 972 1415 Med.
991 1395 1041 1425 pr.
1070 1385 1203 1415 Bonon.
1231 1384 1367 1414 Tholos.
1393 1383 1447 1413 ed.
1463 1382 1578 1414 vicet.
1615 1382 1763 1413 thalamis

293 1421 410 1452 Ambr.
431 1428 508 1454 tert.
550 1425 696 1456 Cererine
713 1426 842 1456 relictus
860 1427 982 1458 Petav.
1002 1431 1082 1457 tert.
1130 1427 1248 1457 relictis
1260 1426 1345 1457 Exc.
1363 1426 1461 1456 Laeti.
1507 1425 1548 1455 In
1564 1425 1644 1456 Vat.
1662 1434 1712 1465 pr.
1728 1428 1764 1456 et

292 1473 360 1494 sec.
379 1469 412 1495 et
426 1470 538 1505 quart.
558 1467 641 1498 Cod.
660 1468 849 1499 Bartliolin.
869 1470 952 1509 Reg.
981 1470 1114 1500 Bonou.
1133 1469 1226 1500 Leid.
1248 1468 1362 1500 Oxou.
1380 1478 1429 1509 pr.
1457 1467 1540 1500 Jun.
1558 1477 1628 1498 sec.
1646 1466 1763 1499 Ambr.

292 1511 374 1537 tert.
391 1509 475 1538 Exc.
490 1509 611 1540 Petav.
626 1514 739 1551 quart.
753 1511 819 1542 inc.
840 1512 959 1542 Heius.
977 1518 1011 1542 et
1034 1512 1087 1542 ed.
1106 1512 1217 1541 Vicet.
1235 1512 1397 1541 inseritur
1413 1510 1467 1540 hic
1486 1521 1614 1549 versus,
1649 1510 1761 1540 Omnis

292 1549 385 1580 honos
400 1551 480 1581 recti
504 1552 588 1581 vobis
602 1553 646 1582 sic
667 1556 737 1582 ratu
754 1555 892 1584 recessit.
921 1554 974 1584 vel
999 1553 1232 1584 recedit—>280
1257 1554 1398 1593 voluptas
1424 1562 1484 1593 pro
1511 1554 1652 1583 voluntas
1677 1553 1762 1584 Exc.

292 1592 392 1623 Laeti.
426 1592 546 1624 deerat
564 1604 643 1624 vero
661 1594 715 1624 hic
735 1605 848 1625 versus
868 1597 952 1635 Reg.
969 1596 1068 1626 Voss.
1088 1605 1137 1635 pr.
1157 1597 1276 1626 Petav.
1294 1605 1344 1635 pr.
1373 1596 1455 1627 Jun.
1473 1605 1542 1625 sec.
1590 1595 1631 1626 In
1648 1594 1761 1626 Oxou.

290 1635 506 1665 interseritur
523 1636 611 1666 alter
627 1646 758 1675 versus,
777 1642 814 1668 ut
830 1643 865 1668 et
881 1639 912 1668 in
931 1639 1011 1669 Put.
1035 1638 1166 1669 scilicet
1181 1649 1187 1668 :
1218 1639 1298 1668 Haec
1314 1638 1374 1677 ait,
1391 1641 1418 1668 el
1433 1639 1550 1668 lectura
1558 1637 1649 1675 faces
1662 1637 1762 1669 intrat

290 1687 397 1707 nemus
423 1679 531 1708 ultum.
567 1679 619 1709 hic
637 1680 743 1710 multa
761 1680 883 1711 desunt
908 1681 941 1711 in
959 1682 1039 1711 Vat.
1065 1685 1144 1711 tert.
1171 1685 1281 1721 quart.
1299 1686 1334 1711 et
1352 1681 1384 1711 d.
1415 1681 1496 1711 item
1514 1681 1590 1712 Pal.
1609 1681 1762 1712 Florent.

292 1719 388 1750 Med.
405 1730 454 1760 pr.
473 1725 508 1750 et
524 1726 634 1761 quart.
653 1722 772 1753 Heius.
791 1724 834 1754 H.
853 1724 933 1754 Pur.
950 1724 1072 1754 Petav.
1092 1733 1158 1754 sec,
1175 1729 1209 1754 et
1228 1724 1310 1754 Exc.
1327 1723 1448 1754 Petav.
1468 1729 1578 1763 quart.
1593 1728 1629 1754 et
1647 1722 1757 1754 Oxon.

292 1771 344 1802 pr.
372 1772 477 1803 usque
504 1764 545 1793 ad
564 1774 610 1795 vs.
627 1767 700 1795 361.
726 1765 786 1795 sed
810 1766 842 1795 iu
868 1767 991 1797 Petav.
1010 1771 1089 1797 tert.
1116 1766 1260 1806 margini
1287 1766 1430 1806 ascripti
1457 1769 1674 1797 erant.—281
1690 1766 1761 1805 jam

297 1805 409 1836 Veneri
424 1807 516 1836 sociis
531 1807 611 1837 Vat.
631 1817 680 1846 pr.
699 1812 733 1838 et
749 1809 856 1848 quint.
886 1809 972 1839 Cod.
992 1809 1181 1840 Bartholin.
1215 1809 1280 1839 inc.
1300 1809 1418 1839 Heins.
1458 1809 1700 1846 VeneriJunctae
1715 1818 1762 1839 so-

290 1847 348 1878 ciis
364 1847 483 1879 Ambr.
504 1853 582 1879 tert.
606 1851 703 1880 Voss.
724 1860 774 1890 pr.
802 1852 881 1883 Jun.
900 1862 967 1883 seo.
993 1852 1113 1890 jum-tw
1134 1852 1225 1882 sociis
1251 1852 1330 1882 Vat.
1357 1862 1425 1882 sec.
1446 1852 1528 1892 neg.
1556 1852 1680 1883 Petav.
1709 1861 1760 1892 pr.

290 1890 403 1921 vinctoe
420 1891 473 1922 ed.
490 1892 603 1923 Vicet.
644 1896 749 1933 nuptoe
763 1894 855 1925 sociis
879 1895 959 1926 Var.
976 1896 1044 1925 LL.
1063 1906 1079 1925 e
1098 1905 1204 1935 marg.
1224 1894 1450 1925 Paron—282
1475 1895 1512 1925 In
1529 1894 1652 1934 templis
1677 1895 1760 1927 Jun.

292 1942 360 1964 sec.
388 1934 466 1968 Qua>
480 1935 603 1974 templis
620 1935 716 1967 Voss.
735 1946 786 1977 pr.
810 1938 838 1968 A
857 1939 979 1978 templis
996 1938 1135 1978 Scythia*
1150 1942 1241 1977 utque
1255 1948 1273 1967 a
1287 1937 1466 1968 sitientibus
1480 1938 1545 1968 aris
1558 1938 1637 1968 Vat.
1651 1937 1761 1978 quint.

291 1978 398 2006 —283
422 1987 490 2017 quoe
516 1979 599 2008 tunti
626 1979 707 2009 Vat.
736 1988 802 2010 sec.
830 1985 866 2010 et
892 1981 998 2020 quint.
1038 1981 1121 2011 tanti
1147 1990 1215 2020 quoe
1239 1981 1291 2010 vel
1319 1991 1386 2020 quae
1411 1981 1494 2010 tunti
1520 1980 1621 2010 Voss.
1647 1989 1761 2011 sec.—

291 2020 355 2049 284
392 2019 492 2054 Quem
515 2021 637 2051 Petav.
664 2031 714 2061 pr.
743 2032 785 2052 m.
809 2032 858 2063 pr.
894 2024 981 2054 tenui
996 2023 1080 2054 dicto
1098 2024 1175 2055 Vat.
1193 2033 1260 2054 sec.
1289 2029 1320 2053 et
1339 2023 1446 2063 quint.
1487 2023 1575 2053 [sedit
1595 2022 1675 2054 Jun.
1693 2032 1760 2054 sec.

292 2059 412 2092 Ambr.
432 2066 618 2094 te1·t.--2S5
643 2068 697 2094 aut
710 2065 789 2096 Jun.
804 2075 873 2096 sec.
891 2076 999 2106 marg.
1017 2066 1143 2106 Isiugr.
1159 2066 1213 2096 ed.
1235 2066 1312 2096 Ald.
1338 2066 1402 2096 hoec
1416 2066 1496 2096 caris
1512 2066 1590 2095 Vat.
1607 2075 1658 2106 pr.
1675 2065 1758 2097 Cod.

292 2103 561 2136 Ba1·tholiu.inc.
576 2107 698 2137 Heius.
716 2107 853 2139 'sholos.
872 2110 952 2140 Vat.
970 2109 1081 2140 Livin.
1099 2109 1151 2139 ed.
1170 2109 1282 2140 Pam».
1301 2115 1335 2139 et
1351 2109 1463 2139 Vicet.
1487 2111 1541 2138 uut
1559 2108 1663 2139 velun
1678 2109 1759 2139 Vat.

291 2146 402 2186 quint.
418 2146 498 2178 Ald.
536 2149 619 2180 haud
644 2150 698 2180 vel
721 2161 761 2181 un
788 2151 885 2183 Voss.
903 2162 970 2183 sec.
1009 2153 1125 2192 repulit
1139 2152 1273 2182 Tholos.
1311 2151 1455 2191 prohibet
1473 2161 1533 2192 pro
1548 2151 1667 2191 pepulit
1681 2151 1760 2182 Vat.

291 2189 400 2230 quint.
441 2191 630 2232 Proserpina
648 2203 709 2233 pro
730 2194 873 2225 Tritonia
895 2196 976 2226 Vat.
993 2204 1060 2226 sec.
1079 2196 1178 2225 Voss.
1203 2197 1382 2225 sest—287
1406 2194 1473 2225 Aut
1487 2194 1596 2233 grat-is
1610 2194 1692 2224 Vat.
1710 2203 1759 2235 pr.

962 2294 1101 2327 NOTAE

292 2378 391 2416 rium,
406 2377 604 2417 ludibrium,
621 2378 805 2411 infamiam.
1052 2380 1200 2411 Taurica
1216 2380 1442 2420 Chersoneso,
1465 2381 1590 2412 Dianae
1609 2381 1760 2413 immola-

333 2431 397 2459 279
422 2429 578 2468 Expertes
595 2429 740 2470 thalami]
762 2430 921 2470 Virgines
950 2431 997 2461 in·
1051 2431 1176 2462 bantur
1203 2430 1377 2461 homines:
1405 2436 1441 2462 et
1469 2432 1597 2463 Busiris
1619 2433 1761 2464 illauda-

294 2483 423 2520 nuptae.
469 2479 634 2519 Virgilius
652 2491 659 2510 ε
684 2481 692 2496 ‘
710 2481 788 2511 Non
814 2481 910 2512 licuit
927 2481 998 2512 tha·
1052 2484 1105 2511 tus
1130 2480 1164 2510 in
1182 2479 1331 2521 AEgypto
1358 2480 1511 2520 hospites
1527 2481 1698 2513 mactabat
1716 2482 1758 2514 ad

291 2530 370 2561 lami
408 2536 586 2570 expertem
618 2531 689 2560 sine
720 2530 860 2562 crimine
892 2531 997 2562 vitam
1053 2541 1140 2561 aras.

293 2579 454 2620 Degere,'
471 2582 536 2609 Sec.
1096 2584 1159 2612 285
1185 2580 1296 2620 Delio]
1319 2580 1441 2619 Diana,
1459 2591 1533 2621 quae
1551 2591 1628 2612 cum
1652 2581 1760 2622 Apol-

334 2633 396 2661 281
423 2630 625 2670 Raptoribus]
663 2631 743 2662 Jam
768 2641 836 2661 non
854 2641 910 2662 vos
939 2642 998 2671 pu-
1053 2632 1120 2662 line
1148 2637 1230 2662 nata
1245 2636 1297 2662 est
1316 2631 1349 2662 in
1366 2631 1475 2661 insula
1492 2631 1588 2663 Delo.
1636 2631 1760 2663 Praesi-

293 2680 353 2712 det
368 2681 521 2712 comitari
538 2687 693 2721 raptores
716 2682 904 2721 puellarum
920 2682 930 2711 ?
1055 2682 1114 2713 det
1131 2682 1302 2713 venationi
1318 2686 1353 2712 et
1370 2681 1487 2722 sylvis.

334 2733 398 2762 282
425 2731 557 2773 Templis
573 2731 723 2772 Scythia’,
740 2735 831 2772 atque
846 2732 996 2763 hominem
1094 2737 1158 2765 286
1184 2733 1343 2773 Tritonia]
1365 2733 1494 2772 Panas,
1509 2743 1585 2774 quae
1602 2737 1685 2765 nata
1708 2733 1758 2764 di-

292 2781 469 2814 sitientibus
483 2782 563 2823 arie]
598 2783 729 2814 Versus
750 2781 939 2823 Scythiam,
962 2783 998 2814 in
1052 2784 1140 2816 citur
1164 2794 1207 2816 ex
1237 2783 1371 2816 Palude
1387 2783 1586 2825 Tritonide,
1616 2788 1652 2816 et
1679 2794 1755 2826 quae
