1852 3182
542 203 604 232 DE
640 204 797 234 BELLO

142 292 252 324 Frenis
276 295 498 337 communibus]
531 298 630 328 Mens
661 309 701 329 ea
732 299 797 332 fuit

93 341 287 382 Theodosii,
310 350 347 375 ut
375 345 497 377 fratres
525 348 583 385 illi,
615 351 708 381 velut
733 361 794 391 pro

91 391 237 424 indiviso
254 394 383 425 Orbem
404 397 637 436 possiderent:
663 405 696 430 at
725 401 792 431 Ru-

90 440 176 473 finus
201 445 309 483 primo
338 445 514 487 Illyricum
544 449 687 487 invasit;
714 451 790 482 dein

89 491 275 534 Eutropius
303 495 479 535 Africam3
515 499 634 539 quibus
664 503 791 533 restitit

86 542 241 576 Stilicho.
274 547 321 578 ita
337 553 373 579 nt
391 553 460 579 tres
478 551 625 591 tyranni,
642 552 790 585 Gildone

87 594 218 635 addito,
233 607 336 637 opera
360 605 394 630 et
415 601 556 631 consilio
574 603 684 642 magni
701 605 789 635 illins

86 644 182 676 ducis
195 648 429 681 occubuerint.
456 651 576 683 Clarer.

126 698 146 727 4
170 697 328 738 Europam
358 700 480 743 Libyae]
514 703 677 736 Restituit
698 705 788 738 Afri-

82 754 156 777 cam
171 747 315 780 Honorii
332 751 486 790 partibus
502 753 563 783 hoc
580 755 678 786 Bello
694 757 786 788 Stili-

81 796 154 827 cho.
200 798 245 828 Et
264 800 421 839 postinde
438 802 523 833 adeo
541 813 591 835 res
609 806 679 845 ojus
700 808 784 847 egit,

80 849 118 876 ut
144 846 322 886 plurimum
347 850 413 890 ipsi
438 853 591 885 Orientis
610 856 782 889 vindicare

77 895 233 929 voluerit.
257 899 374 931 Barth.

119 949 137 977 5
163 948 263 980 Plena
279 951 376 991 redii]
401 951 577 995 Absoluta,
594 957 764 997 perfecta.

117 997 243 1029 Patriis
280 1003 358 1040 quod
399 1004 494 1034 solum
531 1007 631 1044 (isfuit
668 1010 780 1050 armis]

74 1045 169 1080 Male
184 1051 239 1080 alii
255 1049 349 1083 arrz's.
396 1055 523 1087 Lucani
541 1058 776 1091 hemistichion

73 1102 124 1128 est
141 1108 183 1128 ex
198 1100 254 1131 lib.
272 1110 323 1133 ix.
345 1103 353 1119 ‘
372 1107 473 1136 terr-«e
492 1107 669 1148 pelagique
684 1110 775 1140 labo-

71 1156 124 1178 res
151 1149 280 1189 Donat,
307 1156 342 1183 et
369 1154 535 1186 Emathiis
560 1158 648 1197 quod
665 1160 774 1191 solum

71 1197 182 1231 defuit
213 1202 339 1233 armis?
362 1206 539 1244 superiora
567 1217 700 1248 quoque
729 1219 772 1240 ex

69 1247 188 1281 eodem
214 1260 303 1283 nono
329 1254 391 1285 sub
416 1255 528 1293 finem,
553 1257 562 1274 ‘
581 1258 772 1291 Concordia

68 1299 193 1331 mundo
210 1302 340 1334 Nostra
356 1305 471 1345 perit.’
495 1307 539 1338 D.
557 1308 668 1340 Heius.

110 1350 234 1383 Patriis
253 1355 331 1393 quod
345 1356 441 1386 solum
455 1356 557 1394 defuit
576 1360 681 1397 armi&
698 1360 769 1392 Ter-

63 1399 127 1430 tius
148 1403 304 1444 occubuit]
335 1406 453 1438 Plenae
472 1409 647 1441 securitati
662 1411 767 1443 Theo·

63 1447 191 1481 dosiani
208 1454 314 1484 seculi
326 1454 438 1487 abfuit
452 1457 601 1489 nondum
623 1459 767 1492 domuis-

61 1508 97 1530 se
116 1499 308 1534 Gildonem.
333 1505 450 1538 Barth.

102 1551 123 1579 6
146 1551 226 1582 Nati
243 1554 374 1595 virtute]
399 1557 479 1588 Nou
495 1559 575 1589 solis
590 1560 763 1603 auspiciis,

59 1598 175 1632 dicere
193 1603 276 1635 vult.
323 1605 378 1636 De
404 1607 525 1639 eodem
546 1609 684 1642 ineunte
711 1620 761 1643 xv.

60 1648 157 1682 Cous.
181 1662 246 1693 quo
273 1660 370 1694 gesta
396 1656 467 1689 haec
494 1664 593 1690 sunt:
618 1661 626 1677 ‘
643 1662 761 1701 patriis

59 1699 136 1731 olim
159 1700 273 1734 fueras
285 1708 496 1740 successibus
510 1716 638 1752 auctor,
657 1713 759 1745 Nunc

56 1750 121 1780 eris
138 1751 211 1791 ipse
227 1754 314 1786 tuis?
338 1756 436 1789 Idem.

95 1802 115 1830 7
139 1801 260 1834 Horret
282 1805 381 1836 adhuc
405 1808 541 1849 animus]
575 1809 757 1844 Poeticum

53 1848 158 1882 πάθος.
192 1857 231 1884 ut
255 1854 288 1885 in
313 1856 504 1889 incredibili
521 1869 629 1901 eoque
645 1862 756 1894 subito

50 1900 171 1940 gaudio
182 1903 310 1936 animus
320 1906 479 1939 humanus
491 1911 631 1948 percelli
647 1913 753 1945 solet:

51 1949 99 1980 sic
125 1951 274 1985 videmus
302 1965 432 1998 usuque
463 1960 657 1999 experimur
684 1967 752 1995 tam

47 2000 230 2042 insperatis
247 2006 388 2046 gaudiis,
403 2017 503 2048 quam
527 2010 646 2042 subitis
671 2022 751 2045 mo:-

47 2061 159 2084 rorum
176 2055 283 2086 causis
298 2058 447 2088 attonari
463 2059 629 2101 homines,
645 2062 750 2095 inter·

48 2101 127 2133 dum
145 2105 279 2144 penitus
297 2107 399 2138 etiam
417 2108 570 2141 interire.

89 2154 320 2196 Illam'sestaque
347 2159 466 2196 gaudia
503 2161 626 2201 differt,
662 2163 748 2195 Dum

43 2204 161 2245 stupet]
186 2206 283 2238 Licet
308 2208 351 2239 sit
378 2210 469 2241 clara
486 2221 551 2250 reS,
569 2218 681 2244 tamen
699 2216 745 2247 la-

44 2253 144 2286 borat
160 2256 289 2288 anImus
305 2258 340 2288 in
354 2257 433 2298 tide,
445 2261 670 2305 gaudiumque
684 2264 746 2296 dif-

42 2301 124 2344 fert,
151 2305 230 2336 dum
257 2311 378 2348 stupor
405 2309 478 2349 ejus
503 2312 613 2343 locum
640 2314 744 2355 subit,

41 2351 112 2385 fieri
127 2355 291 2388 videlicet
307 2358 361 2388 vix
378 2361 540 2402 potuisse,
556 2373 631 2404 quae
649 2364 742 2397 facta

39 2409 129 2436 sunt.
151 2406 268 2439 Barth.

79 2458 100 2486 9
125 2457 312 2498 Cinyphias]
336 2459 533 2494 Africanus.
561 2465 660 2497 Idem.

80 2508 121 2537 10
145 2508 251 2539 Nullis
263 2510 394 2542 victoria
410 2514 498 2545 nodis
514 2515 636 2556 Haesit]
662 2517 746 2563 Vir?

35 2555 150 2595 gilium
179 2558 353 2592 imitatur:
391 2563 400 2579 ‘
420 2564 579 2596 Hectoris
609 2566 737 2599 AEneae-

34 2615 99 2647 que
125 2617 225 2639 manu
252 2611 408 2644 Victoria
435 2614 576 2646 Graium
600 2617 736 2658 Haesit‚'

32 2657 96 2688 ὅτε.
124 2658 221 2690 Idem.

76 2710 113 2739 11
141 2709 213 2739 Non
229 2713 320 2741 terrae
335 2714 451 2754 spatio]
485 2716 628 2750 Poterat
644 2720 733 2752 enim

31 2755 64 2789 in
91 2758 253 2791 immensa
291 2763 402 2802 spatia
423 2765 556 2799 Africae
583 2775 732 2801 retroce-

115 2813 228 2854 Delplt.
244 2818 275 2846 et
292 2814 365 2847 Var.
386 2818 469 2850 Clas.

412 2931 426 2947 Q

703 2824 812 2855 Claud.

830 208 1116 244 cinnoNico.
1442 212 1553 254 1393

848 302 930 334 dere
962 305 1077 345 Gildo,
1112 312 1148 338 et
1185 309 1311 342 bellum
1345 312 1376 343 in
1407 317 1550 348 multum

848 357 980 394 tenipus
1009 356 1149 397 ducere,
1180 370 1245 400 qua
1280 362 1309 391 in
1334 371 1369 392 re
1395 368 1549 398 cavenda

843 403 1038 436 Stilichonis
1073 407 1296 440 l'rndentiani
1335 416 1548 447 commendat

844 459 960 484 noster
983 456 1038 487 lib.
1070 467 1092 488 1.
1121 459 1284 498 Laudum,
1306 471 1324 492 a
1350 471 1449 493 versu
1476 468 1547 495 3:⁵0.

844 504 966 534 Pam-is
983 508 1085 538 etiam
1099 519 1141 539 ex
1158 510 1332 550 inopinato
1349 522 1546 553 oppressum

842 554 1040 593 Tyrannum
1057 558 1180 589 ibidem
1196 567 1373 592 memorat.

887 604 993 642 objice
1018 609 1121 648 ponti]
1170 610 1360 643 obstaculo
1395 613 1545 654 objecto.

843 654 954 685 Obices
982 661 1054 687 sunt
1080 661 1215 699 pessuli,
1239 662 1360 702 quihus
1374 663 1488 703 januae
1507 672 1543 697 et

839 704 988 736 claustra
999 706 1186 741 firmantur.
1215 711 1326 743 Barth.

882 759 921 786 12
948 759 1163 797 Congressum,
1194 762 1373 804 profugum,
1405 770 1540 806 captum,

835 815 894 835 vox
910 808 1035 838 nunciat
1051 810 1126 849 una]
1146 811 1405 852 Elegantissima
1422 818 1469 848 rei
1486 827 1540 849 ce-

835 856 953 887 leriter
969 864 1074 898 gestae
1097 863 1246 894 narratio
1265 869 1538 905 repraesentatio·

833 916 897 947 que
925 910 1101 942 verborum
1132 923 1230 944 cursu
1257 920 1291 946 et
1308 914 1535 952 festinatione.

832 956 1007 997 originem
1038 961 1143 992 debet
1181 963 1277 995 dicto
1309 966 1452 998 Caesaris
1491 969 1534 1000 de

830 1005 1003 1039 debellato
1025 1010 1199 1043 Pharnace
1215 1013 1356 1045 Romam
1384 1017 1533 1049 scriben-

829 1055 892 1087 tis:
913 1067 1011 1089 VENI.
1029 1069 1118 1091 um.
1142 1071 1230 1093 vici.
1278 1064 1374 1096 Idem.

873 1106 1089 1148 Congressum,
1100 1110 1181 1149 prof.
1196 1111 1263 1151 ise]
1280 1113 1406 1144 Eadem
1423 1114 1531 1156 figura

825 1153 910 1186 illud
929 1157 1070 1189 Caesaris
1087 1171 1094 1191 :
1128 1160 1216 1199 Veni,
1230 1162 1308 1202 vidi,
1319 1164 1390 1196 vici.

869 1209 907 1236 13
932 1208 1160 1251 Rumoremque
1181 1212 1229 1242 sui
1253 1216 1405 1253 prcevenit
1425 1217 1529 1250 laurea

823 1255 907 1296 belli]
931 1258 1087 1291 'Victoria
1103 1271 1189 1301 pene
1207 1269 1286 1293 ante
1305 1264 1429 1297 bellum
1447 1277 1530 1299 nun-

821 1306 908 1337 ciata
926 1313 987 1340 est.
1024 1310 1148 1343 Laurea
1171 1312 1370 1354 simpliciter
1387 1317 1527 1349 victori·

819 1365 885 1395 am,
897 1356 1031 1389 felicem
1045 1361 1123 1392 belli
1134 1363 1274 1403 exitum,
1287 1370 1394 1397 notat.
1408 1367 1525 1402 Barth.

859 1407 996 1449 Laurea]
1020 1411 1164 1452 Proprie
1182 1413 1311 1445 dietum
1336 1417 1388 1446 vel
1407 1427 1469 1457 pro
1487 1420 1524 1449 li-

817 1458 899 1488 teris
917 1460 1100 1492 laureatis:
1130 1473 1192 1494 nec
1224 1465 1311 1496 enim
1337 1466 1440 1499 Gildo
1455 1468 1522 1501 fnit

815 1508 915 1548 tanti,
943 1515 981 1541 ut
998 1511 1101 1552 ipsius
1116 1514 1247 1545 cladem
1265 1516 1452 1558 triumphus
1469 1530 1520 1551 se-

814 1565 996 1598 queretur:
1033 1568 1136 1604 atque
1163 1565 1197 1595 in
1227 1565 1292 1596 hoc
1319 1576 1386 1597 non
1411 1570 1518 1601 solum

814 1610 1009 1652 prudentia,
1038 1614 1098 1645 sed
1130 1614 1297 1647 modestia
1318 1618 1429 1648 elucet
1446 1620 1517 1651 Ho-

811 1661 912 1692 norii.
938 1664 1064 1695 elaver.

855 1713 894 1742 14
920 1713 989 1747 Quo
1007 1715 1087 1754 Deo]
1110 1715 1158 1747 Ut
1179 1715 1239 1746 ἀπὸ
1258 1717 1414 1757 μηχάνης,
1433 1729 1515 1761 qua-

809 1760 836 1791 si
853 1761 1083 1802 impatrabilia
1108 1766 1260 1798 humanis
1290 1769 1421 1809 opibus.
1459 1771 1514 1803 In·

809 1811 964 1850 greditur
988 1814 1164 1846 poeticam
1193 1816 1235 1848 de
1263 1819 1450 1852 Theodosio
1477 1826 1513 1853 et

807 1860 964 1894 Honorio
979 1863 1164 1905 fictionem,
1193 1867 1247 1897 cui
1274 1868 1435 1900 divinitus
1462 1871 1511 1901 in-

807 1910 948 1951 dultam,
979 1924 1041 1954 per
1079 1921 1212 1956 patrem
1239 1918 1313 1958 jam
1347 1921 1509 1961 coelitem,

806 1961 982 1994 victoriam
1010 1972 1207 1998 narraturus
1236 1975 1300 2001 est.
1346 1971 1407 2001 Dii
1429 1972 1510 2003 alio-

803 2012 883 2052 quin
900 2012 1072 2045 fortunam
1090 2016 1267 2049 denotant.
1292 2020 1408 2052 Barth.

846 2065 884 2093 15
912 2064 1098 2106 Dementia]
1121 2068 1286 2100 Stultitia.
1311 2070 1416 2102 Velut
1428 2080 1506 2103 con-

801 2116 853 2144 tra
883 2115 996 2146 Deum
1028 2119 1221 2158 pugnaturi.
1265 2120 1322 2151 Sic
1370 2121 1506 2153 Demens

800 2163 987 2196 Claudiano
1023 2167 1116 2198 Gildo
1145 2169 1199 2209 qui
1226 2170 1416 2202 Honorium
1443 2181 1504 2213 op-

799 2222 952 2254 pugnare
969 2226 1068 2248 ausus
1085 2218 1140 2250 sit.
1164 2219 1261 2251 Idem.

830 2269 870 2303 16
895 2268 993 2302 Quem
1012 2270 1134 2301 veniens
1149 2271 1281 2311 indixit]
1315 2272 1371 2304 Ita
1386 2273 1502 2306 melio-

795 2326 847 2348 res
864 2319 938 2350 libri
951 2326 1098 2362 excepto
1110 2323 1209 2363 prim.
1227 2324 1405 2357 Vaticano.
1419 2336 1503 2373 quo-¹

792 2369 894 2401 modo
918 2371 927 2387 ‘
945 2371 1069 2403 bellum
1098 2373 1272 2415 indicere,’
1298 2380 1332 2407 et
1364 2377 1496 2408 similia.

792 2420 893 2459 vulgo
909 2422 1046 2454 induxit.
1070 2424 1208 2457 Consul.
1226 2426 1366 2457 Manlii:
1392 2429 1400 2444 ‘
1420 2428 1493 2468 quis

792 2471 950 2502 tenebras
966 2473 1027 2504 soli
1044 2475 1218 2515 causisque
1235 2483 1403 2508 meantem
1425 2478 1492 2509 De-

790 2519 914 2552 fectum
933 2523 1061 2554 indicat
1079 2529 1262 2558 numerus.²
1304 2527 1418 2558 Laude
1434 2528 1494 2558 Se-

789 2580 876 2602 renae
892 2583 898 2602 :
917 2574 926 2589 ⁴
942 2579 1082 2615 totoque,
1094 2585 1230 2607 severos
1242 2576 1367 2607 Indicit
1380 2587 1490 2608 mores

787 2623 909 2663 pelago
927 2624 1056 2664 pudor-,⁹
1080 2627 1128 2657 sic
1142 2637 1216 2657 cum
1234 2627 1327 2657 libris
1345 2632 1487 2667 utroque

786 2673 862 2705 loco
878 2675 1071 2714 legendum.
1118 2678 1290 2707 Caeterum
1308 2686 1367 2716 pro
1376 2687 1486 2716 percu·

783 2722 822 2752 lit
838 2723 983 2763 Gyrald.
996 2731 1031 2756 et
1047 2726 1175 2756 Lovan.
1203 2726 1346 2765 proterit.
1365 2731 1402 2756 ut
1419 2727 1438 2756 l.
1458 2735 1482 2758 1.

783 2771 817 2802 in
834 2773 949 2805 Rufiu.
976 2775 985 2791 ‘
1003 2775 1059 2816 qui
1089 2775 1229 2816 cuspide
1256 2775 1399 2815 proterit
1428 2776 1482 2807 In-

1327 2830 1346 2858 4
1368 2828 1395 2858 Τ
