1851 3213
307 210 419 252 1120
800 219 874 248 οι..
906 215 1184 246 cummium
1224 215 1264 246 n.

305 315 335 357 J
341 319 435 357 usta
456 316 617 370 quibus
638 314 806 369 rapidae
828 313 963 355 cessit
980 311 1222 353 reverentia
1242 310 1448 358 flammae,

365 383 421 424 Et
440 384 597 425 mirata
618 396 753 436 vagas
773 381 935 435 repulit
956 381 1092 421 AEtna
1112 379 1250 420 faces.

308 450 542 504 Complexi
563 451 769 491 manibus
792 449 930 489 fultos
953 447 1126 488 cervice
1147 449 1365 499 parentes-¹,
1740 444 1767 482 5

364 517 581 559 Attollunt
599 518 758 567 vultus,
783 516 1116 567 accelerantque
1139 513 1318 565 gradus.

311 585 551 627 Grandaevi
571 585 743 638 gemina
764 584 973 625 sublimes
995 582 1114 636 prole
1135 580 1342 629 feruntur,

368 653 425 693 Et
447 666 549 693 cara
567 658 698 694 natos
719 652 977 706 implicuere
999 662 1139 691 mora.

312 720 469 763 Nonne
493 720 630 768 vides,
651 724 699 761 ut
719 733 842 760 saeva
863 732 1001 759 senex
1022 717 1226 758 incendia
1246 714 1484 755 monstret?

369 787 430 828 Ut
451 787 620 840 trepido
641 787 827 838 genitrix
848 786 1028 825 invocet
1049 797 1124 824 ore
1146 783 1304 823 Deos?
1713 776 1769 817 10

311 853 466 895 Erexit
484 852 669 892 formido
692 863 882 900 comam,
904 863 1066 904 perque
1088 861 1214 889 omne
1235 846 1460 887 metallum

369 920 517 960 Fusus
539 920 583 959 in
604 919 789 960 attonito
808 919 967 972 palluit
988 930 1073 958 aere
1091 922 1264 958 tremor.

313 1030 398 1061 cultu
412 1029 517 1060 divino
529 1041 539 1060 .·
563 1029 674 1070 quilms
687 1028 852 1060 fratribus
866 1029 1022 1059 veneratio
1033 1037 1121 1067 (equa
1137 1026 1219 1064 ignis
1233 1024 1371 1056 ardentis
1395 1022 1545 1064 pepercit,
1559 1025 1589 1053 et
1607 1022 1706 1053 AEtna
1727 1023 1773 1052 at-

314 1074 415 1104 tom'ta
429 1073 558 1103 removit
578 1073 675 1103 taedas
695 1075 843 1103 errantes.
889 1071 943 1102 Illi
959 1069 1082 1101 fratres
1098 1069 1249 1109 complexi
1271 1066 1410 1098 manibus
1436 1065 1503 1097 suis
1516 1069 1662 1106 parentes
1685 1073 1774 1102 suos,

315 1115 440 1146 innixos
453 1116 529 1146 collo
548 1125 620 1154 suo,
640 1115 765 1152 erigunt
791 1115 892 1145 cultus
907 1123 983 1144 suos
1007 1116 1037 1144 et
1060 1114 1225 1153 properant
1246 1120 1356 1151 passus
1378 1119 1468 1140 suos.
1516 1109 1668 1138 Parentes
1690 1116 1775 1138 senes

315 1158 390 1188 elati
404 1168 421 1188 a
428 1158 514 1199 filiis
533 1158 648 1188 (luobus
661 1161 847 1198 portantur.-
869 1160 898 1187 et
914 1154 1234 1197 impediveruntfilios
1256 1152 1391 1182 eosdem
1413 1160 1496 1182 mora
1508 1154 1616 1189 grata.
1661 1149 1776 1180 Annon

315 1201 439 1240 aspicis,
455 1204 488 1231 ut
505 1210 599 1231 senex
620 1205 717 1240 pater
732 1201 875 1230 ostendat
890 1199 978 1238 ignes
992 1195 1155 1229 crudeles?
1178 1201 1214 1226 et
1233 1198 1268 1226 ut
1291 1197 1391 1224 mater
1413 1193 1556 1233 imploret
1571 1201 1639 1223 voce
1663 1192 1775 1222 timida

316 1241 424 1275 Deos?
451 1243 554 1274 Timor
567 1243 689 1274 arrexit
705 1244 818 1282 crines,
833 1245 863 1273 et
878 1245 976 1272 metus
990 1241 1023 1272 in
1048 1251 1110 1271 aere
1125 1238 1300 1269 admirante
1317 1237 1409 1275 fusus
1422 1245 1478 1276 per
1504 1238 1604 1266 totum
1619 1234 1774 1265 metallum

929 1316 1064 1326 eaeeoeee
1070 1315 1165 1325 eote-e

318 1375 462 1406 Lucem.
480 1384 530 1415 pr.
547 1375 687 1413 habent,
701 1375 761 1405 DE
788 1382 856 1405 Pus
875 1380 1079 1404 vitumnus
1109 1380 1153 1402 m*
1181 1380 1228 1402 DE
1251 1371 1405 1401 STATms
1423 1377 1564 1404 EORUM,
1580 1375 1662 1401 01]AE
1685 1376 1777 1399 suar

317 1426 416 1448 APUD
433 1418 617 1448 CATiNAM.
635 1418 670 1447 in
688 1418 767 1448 Var.
785 1418 851 1448 LL.
869 1426 887 1446 e
900 1425 1004 1453 marg.
1019 1415 1129 1444 Parm.
1147 1414 1282 1453 legitur,
1302 1413 1348 1443 De
1367 1412 1430 1451 piis
1445 1410 1604 1449 fratribus
1620 1414 1651 1442 et
1665 1411 1776 1441 statuis

318 1470 432 1498 eorum,
447 1471 514 1500 qua>
527 1464 600 1490 sunt
615 1461 696 1500 apud
713 1460 895 1491 Cathenam.
909 1459 943 1490 in
960 1458 1111 1488 Florent.
1127 1457 1207 1487 Put.
1221 1454 1350 1487 Buslid.
1367 1454 1477 1485 tribus
1493 1453 1587 1484 Med.
1602 1457 1638 1484 et
1654 1453 1776 1484 Petav.

320 1502 449 1534 duobus
476 1503 596 1534 deerat
625 1502 820 1543 Inscriptio.
870 1503 922 1533 De
949 1501 999 1531 his
1024 1499 1147 1531 Strabo
1165 1508 1221 1530 ιιι.
1239 1502 1272 1530 6.
1298 1498 1403 1529 Solin.
1427 1496 1555 1528 Auson.
1571 1495 1727 1527 Martial.
1743 1500 1778 1526 et

320 1545 523 1576 Aristoteles
541 1547 573 1576 in
590 1545 820 1576 Admirandis.
837 1544 922 1585 Gyr.

363 1591 379 1619 1
414 1589 578 1619 suadantes
605 1589 726 1619 Petav.
755 1597 804 1626 pr.
829 1592 864 1617 et
887 1596 951 1616 sec.
973 1584 1133 1615 suadentes
1160 1583 1289 1613 Bonon.
1318 1582 1430 1614 Oxon.
1455 1590 1522 1612 sec.
1547 1580 1631 1611 Cod.
1656 1580 1776 1620 Epigr.

319 1630 501 1661 Ambr.—3
523 1631 617 1661 ιΙιιεῖα
635 1631 716 1661 Lov.
737 1629 865 1660 Buslid.
880 1628 958 1659 Ald.
972 1627 1087 1657 Lustra
1103 1627 1249 1656 Florent.
1264 1626 1376 1656 Parm.
1391 1625 1511 1663 lsingr.
1527 1624 1633 1654 Colin.
1647 1623 1779 1663 Grypii.

319 1676 383 1704 -4
405 1673 528 1704 rettulit
544 1673 748 1712 conjiciebat
767 1671 1003 1702 Heinsius.—-5
1031 1670 1212 1709 Complexus
1230 1667 1307 1699 vat.
1323 1671 1405 1698 tert.
1425 1667 1571 1697 Florent.
1587 1666 1697 1696 stultos
1715 1674 1776 1705 pro

313 1714 416 1752 fultos
442 1715 535 1746 Med.
569 1720 679 1756 quart.
705 1713 850 1754 suffultos
874 1714 958 1744 crine
982 1711 1115 1743 Buslid.
1146 1711 1263 1741 cervice
1288 1710 1343 1740 vel
1370 1710 1494 1740 cinxere
1525 1709 1654 1739 Moret.
1684 1717 1779 1748 pr.—

322 1761 342 1788 6
378 1758 796 1797 Attollunt...accelerantque
825 1756 890 1786 dno
913 1757 1008 1785 Vatt.
1039 1754 1114 1784 Pal.
1138 1753 1204 1783 duo
1229 1753 1324 1784 Med.
1351 1751 1418 1782 inc.
1446 1751 1564 1782 Heius.
1588 1751 1710 1781 Petav.
1729 1759 1778 1790 pr.

323 1801 451 1840 Moret.
465 1800 596 1830 Buslid.
610 1800 695 1830 Exc.
708 1800 850 1830 Lucens.
869 1808 918 1837 pr.
934 1797 985 1827 ed.
1001 1797 1117 1827 Parm.
1135 1796 1292 1826 Attollaat
1305 1796 1346 1826 al.
1364 1795 1406 1826 Ut
1420 1795 1532 1824 tollant
1549 1794 1641 1824 malit
1658 1793 1779 1824 Heius.

323 1843 551 1882 accelerantque
573 1842 704 1873 Buslid.
726 1842 837 1873 Oxon.
855 1851 923 1871 sec.
943 1844 1095 1870 ceterum
1119 1838 1173 1868 hic
1201 1843 1235 1867 et
1260 1847 1329 1877 seq.
1356 1846 1471 1868 versus
1493 1836 1731 1866 desiderantur
1747 1836 1780 1865 in

326 1886 471 1917 Low—7
493 1885 636 1916 sublimes
647 1883 1020 1924 grandeferuntm'Vat.
1037 1886 1146 1922 quart.
1174 1880 1240 1911 inc.
1269 1880 1390 1910 Heius.
1421 1880 1540 1910 Petav.
1571 1888 1621 1917 pr.
1650 1879 1781 1909 Bonon.

322 1929 450 1959 Moret.
476 1937 528 1967 pr.
556 1928 670 1958 Oxou.
695 1929 830 1958 sec.—S
854 1935 927 1956 cara
955 1925 1038 1955 Exc.
1065 1924 1206 1954 Luceus.
1233 1932 1284 1962 pr.
1311 1923 1403 1953 chara
1432 1923 1511 1952 Var.
1540 1921 1608 1952 LL.
1633 1930 1651 1951 e
1674 1929 1781 1960 marg.

323 1969 438 2002 Parm.
453 1971 537 2001 clara
553 1974 622 2001 tres
637 1971 734 2000 Vatt.
754 1970 827 2000 Pal.
855 1968 960 1999 Oisel.
988 1967 1139 1997 Florent.
1168 1970 1236 1996 tres
1261 1965 1353 1996 Med.
1379 1965 1444 1996 inc.
1470 1963 1591 1994 Heins.
1610 1964 1690 1993 Pnt.
1715 1962 1781 1993 duo

323 2013 445 2044 Petav.
465 2013 593 2044 Bonon.
622 2012 689 2043 duo
707 2012 825 2043 Ambr.
843 2012 924 2042 Lov.
948 2008 1077 2040 Baslid.
1105 2008 1217 2039 Oxou.
1245 2017 1314 2038 sec.
1339 2007 1421 2038 Cod.
1445 2007 1565 2046 Epigr.
1593 2005 1713 2036 Ambr.
1729 2004 1782 2036 ed.

324 2055 535 2086 Parn1.Var.
553 2056 618 2086 LL.
636 2055 690 2086 ed.
707 2055 810 2086 Antv.
838 2052 1024 2093 implicuisse
1050 2050 1104 2082 od.
1129 2051 1244 2081 Parm.
1267 2050 1443 2090 implicuere
1458 2050 1540 2079 Var.
1558 2049 1624 2079 LL.
1641 2057 1660 2079 e
1675 2057 1783 2087 marg.

325 2098 440 2129 Parm.
465 2108 549 2128 coma
576 2098 649 2128 Pal.
677 2098 743 2128 duo
771 2096 866 2128 Med.
892 2096 988 2126 mitra
1015 2095 1078 2124 ine.
1110 2093 1292 2123 Heins.—9
1319 2095 1470 2123 monstrat
1495 2091 1562 2122 duo
1588 2091 1682 2121 Vatt.
1709 2090 1782 2121 Pal.

327 2140 433 2171 Oisel.
448 2141 572 2171 Moret.
591 2151 639 2180 pr.
656 2141 767 2172 Oxon.
793 2149 862 2170 sec.
885 2141 1034 2169 monstret
1051 2135 1167 2167 Ambr.
1185 2140 1263 2166 tert.
1278 2135 1359 2166 Var.
1386 2135 1453 2166 LL.
1471 2143 1489 2164 e
1506 2143 1609 2174 marg.
1626 2133 1784 2164 Parm.-—

328 2186 367 2214 10
391 2184 527 2223 trepidos
542 2184 622 2214 Lov.
639 2183 758 2213 deerat
774 2192 853 2213 vero
869 2181 923 2211 hic
940 2189 1056 2210 versus
1070 2180 1152 2210 Var.
1167 2179 1234 2209 LL.
1253 2178 1306 2208 ed.
1322 2177 1512 2208 Antv.-—ll
1539 2176 1670 2206 Arrexit
1687 2176 1783 2206 Rott.

319 2225 451 2263 fortuna
467 2236 528 2267 pro
536 2226 673 2265 formido
690 2227 859 2257 Low-12
883 2223 1052 2255 inattonito
1067 2223 1146 2253 Vat.
1174 2225 1255 2252 tert.
1279 2220 1416 2251 attonita
1434 2218 1528 2250 Med.
1555 2227 1620 2250 sec.
1637 2218 1783 2249 attonitae

983 2323 1129 2356 NOTAE

374 2393 537 2433 Catinam]
553 2395 639 2426 Haec
653 2399 705 2426 est
717 2395 798 2427 urbs
809 2393 950 2433 Siciliae,
963 2402 1029 2424 non
1085 2399 1243 2432 parentes
1260 2399 1338 2421 suos
1354 2388 1525 2427 tulissent,
1549 2387 1668 2428 procul
1682 2386 1786 2419 dubio

330 2444 432 2485 longe
445 2443 487 2475 ab
505 2444 619 2483 Aitna,
634 2455 708 2485 quae
721 2456 787 2477 non
801 2455 876 2477 raro
892 2444 1031 2477 AEtnaeis
1086 2442 1231 2473 celerius
1245 2439 1444 2478 evasissent,
1460 2438 1606 2479 ideoque
1622 2447 1716 2468 mora
1728 2437 1788 2468 ali-

330 2492 513 2526 infestatur
529 2495 703 2526 incendiis.
1086 2501 1152 2533 qua
1168 2490 1332 2531 implicati
1344 2494 1421 2520 sunt
1435 2499 1443 2527 3
1468 2497 1563 2519 mora
1575 2496 1664 2527 cara,
1677 2491 1789 2527 grata,

374 2546 394 2575 2
418 2544 550 2584 Divino]
579 2545 718 2576 Fratres
736 2546 791 2587 qui
808 2546 851 2577 ob
868 2545 1033 2587 insignem
1088 2542 1156 2582 pia,
1170 2550 1245 2571 cnm
1262 2538 1409 2569 humeris
1426 2538 1469 2568 ab
1492 2536 1648 2568 incendio
1667 2545 1789 2577 paren-

331 2593 499 2637 pietatem
515 2601 689 2626 merentur
704 2597 768 2626 coli
785 2601 823 2626 ut
836 2597 903 2627 Dii.
1089 2595 1141 2622 tes
1154 2600 1230 2621 suos
1248 2590 1434 2630 eriperent.

375 2646 394 2675 3
419 2644 605 2675 Reverentia
619 2644 775 2685 flammae]
799 2645 840 2675 Id
859 2650 922 2685 est,
938 2644 1033 2676 flam-
1131 2643 1171 2672 10
1194 2640 1316 2670 Invocat
1331 2638 1430 2678 Deos]
1465 2638 1535 2668 Pro
1552 2646 1588 2667 se
1603 2635 1789 2677 liberisque

333 2692 453 2725 nia-his
476 2694 646 2734 pepercit,
662 2694 758 2735 quasi
783 2694 1034 2725 venei-abunda.
1089 2696 1157 2722 tam
1174 2690 1252 2731 piis.

379 2747 399 2776 8
423 2744 507 2776 Cara
534 2743 634 2784 mora]
674 2744 764 2777 Nam
787 2744 944 2785 juvenes,
972 2744 1036 2775 uisi
1132 2744 1171 2773 ll
1198 2741 1296 2772 Omne
1320 2736 1495 2778 metallum]
1531 2737 1573 2770 In
1588 2740 1701 2770 statua
1727 2735 1788 2767 ho-
