1851 3213
327 217 443 259 1:374

328 319 412 351 mina
439 319 582 351 totidem
610 320 703 357 libri,
724 321 787 351 hoc
814 324 866 350 est
881 320 1035 359 germina.

327 378 365 404 ut
382 374 469 404 Stat.
487 373 652 414 Epicedio
669 373 777 404 Pileti
801 373 900 403 L‘rsi:
932 373 939 388 ‘
958 372 1034 402 Cin-

326 433 426 455 nama
448 430 484 455 et
514 423 655 464 Assyrio
682 427 859 454 manantes
883 422 1033 462 germine

326 474 466 505 succos!
488 474 535 505 sic
568 473 759 513 legendum.
805 473 871 506 Qui
888 473 1034 511 gramina

326 534 492 556 amomum
515 525 796 564 interpretantur,
827 524 948 555 vellem
972 533 1033 554 nos

326 574 522 606 docuissent
556 584 723 605 amomum
765 573 904 605 herbam
947 583 1032 605 esse.

325 635 410 656 unus
444 631 616 666 praeterea
642 625 782 663 vulnera,
811 630 850 656 ut
883 624 1031 666 Epithal.

325 675 458 707 Pallad.
481 677 490 692 ‘
509 676 662 707 Niliacus
673 675 945 716 pinguidesudat
962 677 1032 706 vul-

325 735 406 757 nere
424 729 567 758 cortex?
589 728 760 758 Caeterum
786 736 847 766 pro
864 729 946 756 costo
963 726 1031 766 Gy-

322 777 408 808 rald.
439 782 475 808 et
507 778 648 808 LuccuS.
678 776 820 806 acantho.
865 776 1031 816 Virgilius

324 830 418 857 certe
458 827 584 865 Georg.
612 835 652 856 11.
683 825 833 855 balsama
865 830 900 855 et
931 835 1031 855 acau-

323 877 418 906 thum
434 875 613 915 conjunxit
632 885 638 904 :
666 884 739 915 quae
756 879 875 905 noster
891 884 1030 915 respex-

323 926 390 956 isse
404 925 491 955 visus
507 935 514 954 :
529 923 634 956 ‘Quid
649 923 710 954 tibi
725 923 868 955 odorato
882 923 1029 955 referam

321 975 480 1006 sudantia
496 974 590 1015 ligno
603 975 827 1015 Balsamaque
854 979 890 1005 et
903 975 1029 1006 baccas

321 1035 456 1066 semper
465 1024 656 1056 frondentis
669 1024 804 1055 acanthi
814 1024 912 1055 ?'Ubi
927 1025 1029 1056 Scho-

320 1078 437 1108 liastes
467 1077 534 1108 Ms.
554 1076 754 1107 Bib1.Leid.
780 1077 790 1093 ‘
807 1076 962 1116 Acanthi]
986 1076 1029 1108 de

322 1137 387 1168 quo
405 1126 511 1159 Gnifo
526 1127 682 1167 scripsit:
701 1127 791 1167 quod
809 1127 843 1157 in
858 1128 929 1168 ejus
945 1126 1028 1159 flore

319 1178 431 1209 tincta
447 1177 552 1208 vestis
569 1176 728 1208 acanthia
742 1177 893 1208 dicitur.'
909 1178 1029 1218 quibus

321 1228 443 1259 similia
465 1227 554 1268 apud
572 1227 742 1258 Isidorum
759 1227 793 1257 in
810 1228 1030 1267 Etymologia

319 1277 438 1308 habes.
462 1277 470 1293 ‘
489 1277 600 1306 vimen
632 1276 780 1306 acanthi’
808 1276 898 1306 idem
913 1277 1027 1316 Virgi-

322 1329 387 1359 lius
415 1327 543 1367 Georg.
570 1336 622 1357 1v.
649 1326 750 1365 dixit,
773 1326 943 1366 quomodo
973 1327 1027 1358 hic

318 1383 435 1410 noster
449 1388 456 1409 ι
469 1378 478 1394 ‘
492 1382 528 1409 et
541 1375 621 1409 flexi
631 1376 742 1408 vimen
759 1376 921 1408 acanthi!
936 1376 1026 1409 Auc-

318 1433 370 1459 tor
399 1427 558 1460 carminis
596 1427 639 1458 de
668 1427 832 1458 Phoenice
860 1427 1028 1468 similiter,

316 1479 325 1495 4
345 1478 470 1510 olentis
497 1477 610 1509 vimen
643 1476 803 1508 acanthi!
850 1478 940 1518 apud
959 1478 1028 1509 Ne-

314 1529 503 1559 mesianum
516 1528 644 1568 Ecloga
660 1536 700 1558 11.
729 1528 844 1558 ‘molli
860 1528 1027 1569 gremium

316 1580 507 1620 compleret
521 1578 690 1610 acantho.’
723 1583 761 1610 ut
777 1589 892 1610 veram
911 1580 1028 1611 lectio-

316 1640 393 1662 nem
418 1630 505 1662 hanc
519 1640 595 1662 esse
611 1631 722 1662 nullus
739 1629 904 1662 dubitem.
928 1631 1025 1662 Idem.

358 1683 401 1712 96
424 1681 576 1712 Balsama
602 1681 703 1720 ligno]
727 1681 783 1712 Sic
806 1681 873 1712 duo
891 1681 1023 1722 scripti.

317 1731 488 1772 quomodo
505 1731 664 1771 Ovidius,
692 1733 701 1748 ‘
720 1732 911 1772 sudataque
933 1731 1024 1772 ligno

315 1781 433 1813 Thura
444 1780 464 1819 3'
487 1784 524 1811 et
542 1782 552 1797 ‘
566 1781 725 1812 sudantia
738 1781 829 1821 ligno
842 1781 1023 1821 Balsama‚'

315 1832 492 1872 Virgilius,
511 1831 594 1862 locis
617 1841 721 1871 supra
740 1830 911 1862 adductis.
958 1832 1023 1862 Lu·

315 1882 427 1914 censis
458 1886 584 1920 tamen,
612 1881 754 1921 Gyrald.
777 1881 903 1922 Isingr.
923 1881 1022 1921 prim.

315 1932 475 1963 Vatican.
492 1936 527 1963 et
543 1931 693 1962 sedecim
704 1931 772 1972 alii,
784 1931 865 1963 rivo.
879 1941 1022 1973 quorum

315 1982 502 2013 auctoritas
519 1982 634 2021 magni
650 1981 742 2023 apud
770 1992 823 2013 me
847 1982 1020 2023 ponderis.

312 2036 429 2063 noster
446 2033 550 2065 Cons.
565 2033 688 2073 Olybr.
713 2034 722 2051 ‘
743 2034 878 2065 Cornua
892 2038 1021 2075 tempo-

313 2081 406 2112 ribus
421 2091 542 2113 raucos
558 2082 718 2114 sudantia
733 2082 845 2114 rivos.'
867 2083 1020 2124 quamvis

312 2131 378 2163 alio
394 2141 508 2163 sensu.
553 2133 695 2173 Vulgati
712 2133 816 2164 etiam
831 2144 933 2174 succo,
951 2144 1020 2166 non

312 2183 413 2214 male.
431 2187 470 2214 ut
485 2183 575 2223 apud
591 2183 723 2223 Silium,
738 2184 795 2215 lib.
812 2194 866 2216 ιιι.
889 2185 899 2202 ‘
917 2195 1020 2216 succo

311 2233 435 2264 nobilis
448 2233 617 2265 arbor.'et
635 2234 727 2275 apud
742 2235 902 2274 Statium,
929 2236 939 2253 ‘
957 2235 1020 2266 As-

313 2282 404 2323 syrio
432 2288 605 2315 manantes
630 2286 783 2325 germine
805 2285 922 2318 succi.'
965 2286 1019 2317 Ne

312 2332 393 2373 quid
407 2331 614 2364 dissimulem
640 2340 767 2374 tamen,
791 2336 900 2376 prima
916 2336 1019 2367 lectio

313 2382 463 2413 omnium
480 2384 611 2423 optima
629 2384 778 2424 videtur,
795 2390 834 2416 ut
862 2384 1020 2424 ξυλοβάλ-

311 2442 411 2471 σαμον
426 2433 607 2473 intelligat.
622 2436 769 2466 corticem
784 2440 885 2467 vocat
901 2441 1020 2468 noster

311 2484 543 2524 Epithalamio
559 2485 716 2518 Palladii.
745 2486 876 2526 Virgam
888 2488 1018 2519 Statius

310 2534 516 2575 Propempt.
539 2535 638 2565 Metii
668 2536 820 2568 Celeris:
859 2537 869 2553 ‘
894 2538 1018 2569 Candi-

311 2583 356 2615 da
372 2584 488 2615 felices
510 2585 631 2615 sudent
652 2585 871 2625 opobalsama
885 2587 1017 2628 virgae.’

310 2634 320 2651 ‘
349 2634 534 2665 surculum’
572 2635 792 2666 Prudentius.
846 2637 855 2654 ‘
871 2637 947 2668 Illic
982 2643 1018 2669 et

311 2685 431 2723 gracili
474 2684 624 2716 balsama
662 2687 797 2718 surculo
837 2688 1018 2720 Desudata

311 2732 445 2765 fluunt!
468 2735 675 2767 ‘'l'runcum'
705 2736 846 2776 Seneca,
874 2738 1017 2769 Martia-

310 2784 363 2826 lis,
390 2784 586 2818 Ausonius:
626 2790 663 2818 ut
700 2786 743 2818 ad
783 2787 931 2821 Statium
964 2789 1016 2822 Cl.

587 228 730 258 NOTAE
761 226 1026 257 vARloRUM
1064 226 1115 255 IN
1151 226 1224 255 CL.

1257 225 1439 255 CLAUD.
1473 226 1525 255 X.

1088 318 1281 350 Gronovius
1302 319 1374 359 jam
1398 318 1542 350 monuit.
1586 319 1724 351 Servius
1748 320 1791 352 ad

1087 370 1296 408 superiorem
1316 369 1455 409 Virgilii
1473 369 1585 400 locum
1603 369 1731 410 Georg.
1748 379 1790 402 11.

1086 422 1094 437 ‘
1112 419 1303 451 Balsamum
1321 424 1374 450 est
1391 419 1491 450 arbor
1508 419 1593 460 ipsa.
1640 419 1793 461 Opobal-

1086 479 1214 501 samum
1243 479 1364 501 succus
1397 470 1563 501 collectus
1590 479 1632 501 ex
1657 471 1791 503 arbore.

1086 520 1367 561 Xylobalsamum
1385 519 1514 561 lignum
1527 520 1632 561 ipsius
1649 521 1792 555 arboris.

1083 581 1160 602 nam
1177 570 1250 602 ὀπὸς
1264 572 1392 603 dicitur
1412 580 1546 610 succuS,
1561 570 1599 601 rb
1614 569 1708 611 ξύλον
1729 572 1792 612 lig-

1083 622 1184 653 num!
1207 621 1256 653 sic
1273 622 1332 652 illa
1349 622 1472 662 partim
1498 631 1540 652 ex
1569 622 1720 663 antiquis
1751 622 1791 654 li-

1084 671 1167 711 bris,
1183 673 1308 712 partim
1321 682 1362 702 cx
1377 671 1510 703 Isidoro
1526 672 1683 712 legenda.
1716 672 1791 703 Cae·

1084 727 1194 752 terum
1220 721 1258 752 τὸ
1283 725 1453 762 prorepunt
1479 722 1609 762 optime
1634 722 1677 761 τῷ
1699 722 1791 753 tarda

1084 772 1284 812 respondet,
1301 782 1363 812 pro
1387 782 1453 812 quo
1471 781 1650 812 perperam
1668 772 1790 813 scripti

1083 822 1234 852 nonnulli
1252 827 1288 852 et
1306 822 1561 861 Rapheleugius
1575 826 1790 863 prorumpunt.

1083 872 1148 901 etsi
1174 872 1298 903 Festus
1330 871 1479 901 Avienus
1508 871 1611 902 Orbis
1637 872 1789 914 descrip-

1084 922 1176 953 tione
1202 932 1210 952 :
1247 922 1374 952 ‘tellus
1406 921 1460 952 hic
1491 931 1626 962 semper
1654 922 1790 963 fragrat

1082 972 1188 1004 odoro
1206 973 1359 1013 Cespite,
1386 972 1577 1012 prorumpit
1600 972 1790 1013 lacrymoso

1080 1022 1200 1063 stipite
1229 1023 1376 1063 myrrha,
1407 1023 1550 1062 Myrrha
1574 1021 1670 1053 furor
1686 1033 1790 1065 quon-

1081 1072 1159 1103 dam
1188 1072 1378 1113 Cinyreius.
1404 1072 1456 1103 hic
1481 1072 1594 1103 ladani
1617 1073 1683 1105 vim
1709 1074 1790 1105 Vel-

1080 1123 1152 1153 lera
1168 1123 1362 1154 desudant!
1383 1122 1432 1154 ita
1455 1123 1548 1154 locus
1566 1123 1631 1154 iste
1656 1134 1698 1155 ex
1714 1134 1791 1156 ves-

1080 1173 1172 1213 tigiis
1188 1174 1315 1205 veteris
1342 1174 1418 1205 libri
1436 1175 1710 1216 constituendus,
1724 1176 1789 1207 nisi

1080 1228 1114 1254 et
1130 1224 1199 1254 illic
1214 1225 1355 1264 prorepit
1372 1225 1488 1264 placet
1505 1225 1635 1264 reponi.
1673 1226 1682 1242 ‘
1701 1226 1789 1257 Gut-

1080 1274 1178 1304 tatim
1203 1274 1344 1304 stillare’
1371 1274 1580 1306 Scholiastes
1607 1276 1787 1308 Juvenalis

1078 1323 1144 1354 Ms.
1168 1323 1255 1354 dixit
1270 1324 1313 1354 ad
1329 1324 1402 1355 Sat.
1419 1334 1459 1355 11.
1486 1325 1495 1341 ‘
1512 1325 1733 1366 Opobalsama]
1751 1326 1790 1358 li-

1079 1383 1163 1415 quor
1186 1374 1341 1406 balsami.
1387 1375 1449 1405 Est
1486 1375 1575 1406 euim
1614 1376 1787 1417 quoddam

1079 1434 1184 1465 genus
1198 1424 1354 1465 virgulti,
1382 1426 1438 1456 cui
1467 1430 1588 1458 cortex
1611 1426 1787 1468 inciditur,

1078 1481 1113 1509 et
1130 1477 1174 1509 de
1190 1478 1344 1509 cavernis
1374 1477 1488 1509 incisae
1515 1477 1652 1509 corticis
1677 1478 1788 1519 liquor

1078 1528 1219 1560 balsami
1254 1530 1363 1560 stillat
1401 1528 1585 1569 guttatim!
1620 1529 1711 1560 unde
1750 1533 1787 1561 et

1075 1579 1207 1610 sudandz'
1237 1579 1344 1611 verbo
1374 1579 1558 1620 scriptores
1585 1579 1786 1621 plerumque

1076 1634 1230 1670 utuntur,
1253 1635 1291 1661 ut
1307 1641 1349 1662 ex
1366 1631 1448 1662 locis
1458 1630 1529 1671 jam
1546 1630 1689 1671 prolatis
1703 1641 1789 1673 quo-

1076 1680 1257 1712 dammodo
1274 1681 1395 1722 liquet.
1420 1681 1517 1712 Idem.
1579 1684 1583 1685 ⁷

1118 1733 1160 1761 98
1184 1731 1346 1771 Passaque
1373 1730 1548 1772 superbior]
1575 1731 1784 1772 Jactantior‚

1075 1784 1113 1811 ut
1130 1789 1173 1811 ex
1189 1781 1264 1821 ipso
1281 1781 1414 1811 incessu
1427 1780 1601 1819 didiceris.

1117 1833 1160 1861 99
1185 1829 1365 1870 Coesarz'em]
1400 1830 1639 1862 Dubitandum
1656 1835 1721 1872 est,
1739 1841 1782 1864 an

1074 1891 1161 1921 pure
1192 1882 1351 1922 loquatur
1389 1881 1445 1922 qui
1474 1882 1622 1913 Veneris
1651 1892 1783 1915 comam

1076 1930 1246 1972 Qaesariem
1262 1930 1425 1970 appellat.
1448 1931 1539 1962 Sane
1554 1932 1691 1972 Virgilii
1708 1941 1784 1962 ver-

1073 1979 1117 2011 ba
1133 1985 1223 2019 sunt,
1241 1980 1373 2021 Georg.
1389 1990 1440 2011 1v.
1471 1983 1480 1998 ‘
1498 1981 1684 2012 Caesariem
1699 1980 1784 2012 effu-

1074 2039 1119 2062 sae
1137 2030 1279 2061 nitidam
1302 2039 1365 2071 per
1392 2030 1539 2062 eandida
1560 2031 1671 2063 colla.'
1717 2032 1783 2063 Lu·

1074 2081 1221 2112 canilib.
1238 2090 1261 2112 1.
1285 2082 1294 2098 4
1310 2081 1457 2112 Caesarie
1475 2081 1601 2122 lacera,
1613 2081 1782 2124 nudisque

1075 2131 1211 2163 adstare
1228 2131 1390 2162 lacertis?
1416 2132 1534 2163 Barth.

1118 2186 1179 2215 100
1203 2183 1334 2214 Sorores
1357 2183 1483 2223 Idaliae]
1532 2183 1702 2225 Nymphae
1728 2193 1781 2215 or-

1072 2233 1234 2272 natrices,
1250 2233 1413 2264 ministrae
1427 2234 1540 2265 cultus
1554 2235 1652 2265 Deae.
1675 2234 1780 2266 Tales

1073 2284 1274 2322 ornatrices,
1305 2283 1496 2324 polinices,
1544 2283 1706 2315 cultrices
1744 2284 1779 2315 in

1073 2333 1209 2364 familiis
1232 2335 1460 2365 Romanarum
1477 2334 1647 2365 Venerum
1665 2338 1700 2365 et
1715 2333 1777 2366 Ju-

1072 2393 1208 2415 nonum.
1234 2384 1331 2415 Idem.

1113 2433 1260 2474 Sorores]
1271 2433 1366 2465 Jovis
1383 2443 1424 2464 ex
1440 2433 1648 2474 Eurynome,
1666 2434 1778 2466 Ocea-

1070 2484 1104 2515 ni
1123 2488 1241 2525 gnata,
1268 2483 1347 2514 filiae
1377 2483 1522 2516 Gratiae.
1574 2484 1690 2515 Venus
1719 2494 1777 2516 au-

1071 2539 1139 2565 tem
1154 2544 1196 2565 ex
1212 2534 1297 2565 mari
1313 2538 1389 2564 orta
1402 2532 1553 2573 fingitur.
1578 2535 1700 2566 Delrz'o.

1114 2587 1175 2616 102
1201 2586 1310 2615 Morsu
1335 2585 1490 2616 numerosi
1517 2586 1620 2616 dentis
1645 2586 1775 2627 eburno]

1070 2634 1216 2665 Pectine
1232 2634 1360 2665 eburno
1386 2633 1470 2665 dicit
1495 2635 1661 2675 depexam
1680 2646 1700 2666 a
1717 2645 1778 2676 pu·

1069 2685 1136 2716 ella
1174 2694 1305 2715 comam
1337 2685 1435 2716 Deae.
1482 2685 1628 2717 Fiebant
1666 2687 1776 2727 pecti·

1068 2745 1128 2767 nes
1143 2737 1224 2767 olim
1240 2741 1276 2768 et
1292 2746 1310 2769 e
1334 2737 1436 2780 buxo,
1451 2737 1503 2770 uti
1517 2747 1608 2770 nunc
1629 2748 1774 2782 quoque.

1069 2786 1185 2820 Barth.
