1851 3213
315 218 431 261 '1362

315 327 460 365 propter
488 323 635 363 rigorem
664 329 760 352 suum
799 317 946 356 scilicet,
985 318 1022 345 ut

315 383 394 406 mox
420 373 585 404 dicturus.
615 373 712 402 multa
741 370 905 401 variantur
935 375 1020 397 unus

315 424 506 456 Mediceus.
519 423 664 453 hortatur
677 421 709 450 in
724 418 901 450 nonnullis.
918 416 1021 446 Forte

314 474 485 505 animatur.
502 470 661 512 sequenti
679 479 779 500 versu
791 467 903 498 malim
919 466 1024 497 varias

314 524 414 565 spirat
420 524 547 565 figuras
562 530 661 561 quam
680 517 911 559 rariisflguris.
947 516 1023 546 Bel-

315 575 348 606 lo
365 573 503 606 Gildon.
528 574 536 589 ‘
553 571 657 602 verba
686 570 748 600 soli
776 567 944 608 spirantia
975 567 1021 598 vi-

316 624 398 655 rus!
445 623 518 654 Lib.
549 631 590 653 11.
621 622 655 652 in
685 620 818 651 Stilich.
856 618 1021 658 ‘insigne

316 675 510 706 Minervam
542 673 658 714 Spirat
695 671 805 712 opus!
853 669 1021 711 quomodo

316 725 450 766 scripti.
479 724 538 756 lib.
565 733 588 755 1.
615 723 659 754 de
676 723 780 762 Rapt.
803 722 812 738 ‘
831 726 939 752 totum
955 721 1022 760 spi-

316 781 393 807 rant
417 774 607 816 praecordia
630 772 816 805 Phoebum)
838 772 962 811 Idyllio
979 770 1022 801 de

316 826 499 857 Phoenice:
538 827 547 841 ‘
572 823 706 854 divinos
735 821 868 861 spirant
900 819 1024 850 altaria

316 875 448 907 fumos.'
466 878 503 905 ut
519 878 553 903 et
572 873 619 903 ibi
635 870 815 911 legendum
832 874 927 910 puto.
951 870 1024 900 Sta-

315 928 395 968 tius,
411 925 578 958 Thebaid.
594 933 650 956 111.
665 925 673 941 ‘
690 932 783 954 mens
801 923 904 953 altum
917 921 1024 962 spirat

316 978 480 1008 honorem
511 976 659 1007 Conscia
688 973 881 1006 factorum.’
926 972 1024 1003 Idem

316 1029 455 1061 Pietate
475 1026 697 1059 Abascantii:
733 1027 742 1043 ⁴
762 1025 808 1056 nil
832 1025 965 1065 longior
981 1034 1023 1055 ae·

317 1086 370 1111 tas
388 1080 553 1120 Carpere,
570 1079 618 1109 nil
638 1076 701 1108 aevi
717 1079 880 1117 poterunt
902 1074 1024 1106 vitiare

317 1130 449 1161 labores
464 1129 633 1160 Siccatani
651 1126 820 1158 membris.
839 1130 951 1156 tantas
968 1134 1024 1156 ve-

317 1181 471 1212 uerabile
487 1188 635 1210 marmor
651 1179 766 1218 Spirat
782 1176 886 1217 opes.’
903 1176 951 1206 sic
969 1184 1025 1206 ve-

317 1236 412 1263 tusta
429 1230 535 1261 editio
553 1228 757 1260 Parmensis.
782 1225 915 1265 vulgati
937 1225 1025 1264 Sepit

317 1291 398 1323 opes.
435 1280 542 1311 Theb.
575 1287 625 1310 lv.
648 1278 751 1308 ‘Nou
779 1275 885 1306 alacri
914 1283 1026 1315 penna

318 1336 378 1363 aut
408 1339 525 1361 verum
565 1327 774 1368 spirantibus
808 1324 940 1356 exstis!
970 1324 1026 1355 ubi

317 1382 407 1413 male
433 1379 706 1418 Lindenbrogius
729 1375 867 1418 reponit
888 1375 1028 1406 salienti-

318 1431 382 1463 lms.
400 1435 515 1462 noster
532 1427 818 1470 Gigantomachia
838 1436 881 1457 ex
897 1426 1027 1467 optimo

319 1483 436 1515 codice
454 1482 641 1514 Vaticano:
666 1481 674 1498 ‘
697 1480 762 1511 Hic
776 1477 840 1509 sibi
856 1476 1029 1518 promittit

318 1534 505 1572 Venerem,
538 1531 717 1572 spiratque
751 1529 875 1560 Dianae
905 1527 1028 1568 Conju-

319 1584 434 1625 gium.'
457 1584 503 1615 D.
521 1582 635 1614 Heius.

361 1634 485 1674 Vultus]
496 1633 650 1664 Heroum
660 1631 747 1662 enim
761 1628 889 1670 effigies
898 1628 1031 1659 intexe-

319 1684 444 1716 bantur
460 1682 601 1714 Trabeis
617 1681 870 1713 Consularibus.
895 1679 1013 1711 Barth.

362 1736 425 1765 592
444 1733 562 1764 Nereia
575 1732 680 1773 bacca]
697 1730 920 1771 Margaritam
932 1728 1028 1760 dicit.

320 1784 419 1816 Idem.

364 1837 428 1865 594
451 1832 625 1864 Ambitiosa
648 1830 745 1870 colus]
779 1829 946 1869 Ingeniosa
962 1828 1029 1859 Re-

319 1885 406 1926 gius.
433 1889 472 1915 ut
497 1884 518 1914 l.
536 1892 560 1914 1.
589 1882 632 1912 de
654 1883 760 1921 Rapt.
782 1881 791 1897 ‘
808 1879 964 1911 Pectinis
981 1879 1029 1909 in-

320 1935 421 1977 genio
440 1943 612 1975 nunquam
638 1931 773 1962 felicior
794 1930 859 1960 arti
876 1929 1030 1968 Contigit

321 1985 489 2018 eventus!
511 1994 589 2015 mox
602 1991 795 2022 gemmarum
811 1979 947 2020 flamina
963 1988 1030 2010 non

320 2036 457 2068 stamina
470 2044 528 2066 sex
545 2033 677 2073 scripti.
701 2032 748 2063 D.
765 2030 880 2062 Heius.

365 2088 429 2117 596
451 2084 618 2116 scrutatus
640 2086 754 2121 stagna
767 2080 932 2121 profundi]
956 2080 1031 2111 Ma-

322 2134 368 2166 ris
385 2135 447 2166 Eoi
476 2139 511 2165 et
535 2133 708 2164 Australis
736 2132 783 2162 ait
810 2130 1031 2162 absconditos

322 2186 498 2217 thesauros
514 2189 630 2215 erutos
643 2183 685 2214 ad
699 2182 929 2214 decorandum
941 2181 1031 2213 hunc

323 2239 492 2267 ornatum.
517 2234 634 2265 Barth.

366 2288 429 2317 597
454 2285 577 2316 Divitis
592 2286 673 2324 algoe
689 2283 856 2323 Germina]
880 2283 1031 2314 Genera-

323 2336 384 2368 tim
402 2336 570 2377 loquitur3
596 2335 774 2376 speciatim
788 2340 903 2365 tamen
915 2334 957 2365 de
975 2344 1031 2366 co-

324 2387 429 2419 raliis.
455 2387 556 2418 Idem.

368 2439 432 2468 599
456 2436 565 2475 Ignes]
600 2435 775 2475 Gemmas,
799 2445 818 2466 a
833 2434 969 2476 fulgore
996 2438 1032 2466 et

324 2486 440 2518 radiis.
464 2486 563 2516 Idem.

368 2540 431 2569 600
447 2536 583 2575 Sidonii,
597 2536 740 2576 rubrique
756 2535 866 2575 maris]
881 2535 1030 2576 Proper-

326 2586 408 2626 tius,
423 2587 447 2619 l.
463 2595 502 2617 11.
524 2586 533 2602 ‘
551 2586 695 2626 Semper
710 2586 744 2616 in
762 2586 939 2616 Oceanum
956 2585 1032 2617 mit-

325 2636 371 2668 ‘u't
385 2645 439 2667 me
456 2645 610 2677 quaerere
623 2645 785 2676 gemmas,
802 2636 848 2666 Et
869 2635 972 2675 jubet
988 2645 1031 2666 ex

326 2687 403 2727 ipsa
419 2686 539 2717 tollere
556 2686 644 2716 dona
659 2685 774 2726 Tyro!
797 2685 894 2716 Idem.

371 2739 434 2767 601
467 2735 610 2776 Pondus]
640 2735 815 2767 Gemmas.
870 2734 925 2765 Ad
952 2744 1032 2775 pon-

329 2785 424 2828 dera,
438 2795 506 2818 non
525 2785 567 2818 ad
588 2784 856 2828 magnitudinem
882 2794 1033 2826 gemmas

555 226 697 258 NOTAE
733 220 997 255 VARIORUM
1033 219 1084 250 ΙΝ
1119 219 1193 250 CL.
1227 218 1411 249 CLAUD.
1444 219 1549 249 v111.

1070 312 1223 354 loquitur
1239 312 1423 344 indicando
1451 312 1681 353 Imperatorio
1714 312 1781 344 fas*

1075 363 1137 395 tui.
1161 363 1257 396 Idem.

1118 416 1180 445 602
1204 414 1274 446 Hoc
1298 413 1326 444 si
1354 413 1509 444 Maeonias
1535 412 1655 454 cinctu]
1686 412 1784 445 Vultu

1074 465 1238 496 Lucensis
1255 470 1289 495 et
1307 464 1404 495 multi
1422 464 1489 496 alii.
1507 463 1598 505 quod
1611 463 1676 494 viri
1689 463 1784 495 docti

1073 520 1271 555 sequuntur.
1289 514 1407 555 scripti
1424 514 1576 555 quidam,
1590 514 1686 544 cultu.
1720 513 1785 545 Ni·

1074 565 1119 596 hil
1143 565 1342 597 mutandum
1369 566 1470 597 Cons.
1502 565 1624 605 Olybr.
1642 574 1690 596 vs.
1707 567 1784 596 178.

1074 615 1155 646 dixi.
1174 616 1261 647 Nam
1275 615 1317 646 de
1329 617 1430 646 cinctu
1445 615 1581 655 Bacchi,
1594 614 1684 656 quod
1700 623 1784 655 pau-

1074 666 1107 697 lo
1131 671 1211 706 post
1239 666 1408 707 sequitur,
1427 667 1573 707 vulgatae
1598 666 1783 707 scripturae

1074 716 1338 747 controversiam
1368 726 1435 747 non
1471 726 1545 748 esse
1581 716 1783 748 movendam

1076 766 1156 796 satis
1184 766 1323 796 evincit.
1341 776 1442 806 quam
1469 771 1506 797 et
1532 767 1660 807 primus
1686 766 1785 797 Vati-

1075 824 1178 846 canus
1203 819 1238 846 et
1263 825 1306 846 ex
1324 816 1464 855 scriptis
1479 816 1676 847 melioribus
1693 825 1785 847 com-

1076 867 1190 906 plures
1208 869 1361 897 tuentur.
1395 865 1570 896 Moeonidas
1593 866 1683 896 urbes
1698 876 1786 906 prae·

1075 920 1172 946 terea
1199 919 1281 946 tert.
1308 914 1425 946 Vatic.
1466 919 1502 946 et
1534 914 1786 955 Rottendorph.

1075 976 1153 997 cum
1189 976 1257 997 uno
1296 966 1489 997 Petaviano
1528 970 1564 996 et
1593 965 1783 997 Oiseliano.

1075 1016 1173 1047 Idem
1191 1016 1383 1047 Oiselianus
1400 1026 1467 1047 cum
1484 1019 1518 1047 tu
1531 1016 1701 1055 graderere
1721 1023 1784 1056 pro

1074 1070 1206 1107 comptu.
1230 1068 1276 1098 D.
1293 1067 1417 1098 Heius.

1120 1116 1251 1156 Cinctu]
1276 1116 1424 1156 Habitu,
1443 1116 1547 1148 cultu.

1120 1166 1273 1197 Maeonias
1288 1167 1393 1207 urbes]
1410 1167 1551 1207 Lydias,
1565 1170 1601 1198 et
1614 1166 1784 1208 Phrygias

1075 1218 1182 1248 instar
1198 1217 1340 1248 Bacchi.
1364 1217 1482 1248 Barth.

1119 1270 1182 1297 603
1209 1266 1371 1304 Proferret
1385 1267 1490 1307 Lydia
1507 1266 1645 1307 thyrsos]
1670 1267 1787 1298 Trans-

1068 1317 1174 1356 ferret
1190 1317 1314 1358 Isingr.
1332 1318 1476 1358 Gyrald.
1491 1318 1638 1349 Lucens.
1655 1322 1691 1350 et
1706 1323 1786 1350 octo

1077 1369 1144 1400 alii.
1171 1368 1295 1400 Probe.
1319 1367 1410 1398 infra
1434 1368 1469 1398 in
1494 1368 1612 1409 Epigr.
1634 1369 1643 1386 ‘
1658 1370 1788 1401 Trans-

1078 1419 1166 1450 ferat
1192 1419 1258 1450 huc
1287 1419 1434 1461 liquidos
1463 1418 1575 1451 fontes
1603 1419 1788 1451 Heliconia

1078 1468 1187 1502 Nais!
1211 1470 1351 1502 ovid.l.
1376 1479 1402 1501 1.
1428 1469 1472 1501 de
1499 1470 1640 1501 Remed.
1667 1469 1788 1503 Amor.

1078 1525 1117 1552 ut
1128 1521 1263 1562 quidem
1278 1531 1354 1552 cum
1367 1520 1571 1552 membranis
1584 1521 1785 1562 legendum:

1077 1571 1086 1588 ⁴
1099 1571 1337 1604 Transtulerat
1348 1571 1439 1602 vires
1453 1570 1590 1602 Graecia
1603 1575 1678 1602 tota
1691 1575 1791 1604 suas-⁵

1078 1622 1204 1654 deinde
1220 1622 1415 1653 dubitassent
1440 1631 1502 1662 pro
1525 1621 1706 1653 dubitarent
1722 1622 1788 1653 Lu·

1079 1683 1172 1704 cens.
1190 1677 1226 1704 et
1249 1672 1370 1704 caeteri
1393 1681 1516 1712 magna
1543 1681 1585 1702 ex
1606 1675 1716 1713 parte.
1740 1672 1788 1704 D.

1078 1723 1195 1756 Heius.

1122 1777 1185 1805 604
1209 1773 1249 1804 In
1273 1774 1319 1814 te]
1341 1773 1498 1804 Formam
1526 1771 1672 1805 Honorii
1697 1773 1784 1804 Bae·

1079 1823 1142 1855 cho
1159 1822 1312 1864 praefert.

1124 1873 1229 1913 Nysa]
1255 1872 1380 1904 Bacchi
1403 1871 1504 1903 Urbs.
1527 1873 1649 1904 Maro:
1674 1872 1788 1904 ‘Bac-

1079 1924 1246 1964 chumque
1263 1928 1421 1954 avertere
1439 1923 1558 1963 Nysa!
1584 1924 1624 1954 In
1651 1933 1693 1955 ea
1708 1933 1786 1955 eum

1080 1975 1263 2006 educatum
1293 1978 1414 2005 auctor
1433 1974 1520 2005 libro
1536 1982 1589 2005 lv.
1612 1973 1786 2005 Diodorus

1078 2025 1224 2056 Siculus.
1258 2025 1377 2056 Barth.

1122 2080 1184 2108 605
1213 2076 1336 2117 Tigres]
1359 2077 1509 2108 Vectura
1524 2075 1663 2108 Bacchi.
1686 2076 1786 2108 Idem.

1122 2130 1186 2158 606
1211 2126 1366 2166 Nebrida]
1390 2126 1516 2158 Nebris
1532 2125 1661 2157 Bacchi
1686 2125 1789 2157 vesti-

1079 2182 1247 2216 mentum,
1262 2178 1304 2208 de
1322 2177 1467 2218 pellibus
1488 2176 1631 2208 factum.
1665 2176 1766 2206 Idem.

1122 2230 1185 2258 607
1212 2228 1327 2267 Caspia
1355 2226 1456 2267 Colla]
1478 2225 1634 2266 Tigrides
1650 2224 1786 2265 Caspiae

1081 2277 1276 2307 notissimae.
1300 2276 1399 2306 Idem.

1123 2330 1186 2358 608
1209 2326 1320 2367 Satyri
1345 2325 1476 2365 circum]
1503 2322 1787 2355 Libidinosissimi

1081 2376 1312 2416 animantium,
1349 2375 1486 2406 Baccho
1522 2372 1663 2404 comites
1702 2372 1786 2405 dati.

1080 2429 1180 2459 Idem.

1123 2480 1186 2508 609
1215 2476 1324 2507 Ederz's
1338 2475 1518 2506 victricibus
1534 2473 1642 2514 Indos]
1657 2474 1788 2506 Bacchi

1079 2528 1214 2569 frutice,
1240 2528 1297 2569 qui
1316 2528 1475 2568 pampino
1499 2530 1535 2557 et
1552 2526 1662 2557 ederis
1685 2524 1787 2556 funes

1080 2579 1245 2610 faciebat.
1281 2579 1379 2608 Idem.

1123 2633 1184 2660 611
1209 2628 1357 2669 Auspice]
1396 2630 1522 2659 Fausto
1539 2628 1695 2659 nimirum
1721 2628 1787 2659 cla-

1080 2691 1188 2721 more,
1215 2681 1463 2712 adclamatione
1490 2689 1653 2721 prospera
1676 2679 1791 2711 omnia

1081 2732 1264 2763 oininante.
1303 2731 1463 2763 Calendis
1481 2735 1594 2762 autem
1606 2729 1790 2770 Januariis,

1080 2784 1155 2825 ipso
1181 2792 1304 2825 nempe
1318 2783 1523 2816 Consulatus
1539 2781 1651 2821 initio,
1668 2780 1783 2813 fausta
