1851 3213
276 202 393 247 1228

319 311 382 340 220
409 308 545 342 Taurina
573 310 716 341 let-antur
741 310 878 350 Cornua]
923 310 980 341 Vi-

276 359 401 392 dentur
439 360 583 391 Romani
620 362 817 392 Tiberinum
854 361 981 392 homini

275 416 417 442 cornuto
445 411 669 442 assimilasse:
696 411 980 452 quemadmodum

274 461 515 500 Athenienses,
546 463 676 492 AEliano
715 467 815 502 teste,
839 463 980 503 Cephis-

274 521 358 544 sum.
404 512 471 542 Alii
486 513 558 542 aliis
575 511 770 543 fluminibus
786 522 912 543 cornua
926 513 981 542 ad-

273 564 450 596 scribunt:
478 565 644 595 rationem
656 565 834 604 Sophoclis
850 565 883 594 in
899 564 981 594 Tra-

272 614 393 645 chiniis
412 615 581 655 interpres
599 615 722 645 reddit.
772 615 893 645 Delrz'o.

316 667 377 695 221
406 666 527 695 Raucos
550 666 696 695 sudantia
731 665 828 705 rivos]
870 664 979 695 Rauci

273 714 336 745 rivi
351 715 556 746 ebullientes
576 716 736 747 cornibus
755 725 870 755 aquas.
916 716 978 745 Ta-

272 774 349 796 men
372 767 483 796 sudare
508 770 663 796 coactum
689 765 769 805 quid
793 770 828 795 et
846 774 978 801 rarum;

271 816 359 846 rauci
385 817 446 845 riri
471 816 535 845 vim
564 814 729 855 profluam
745 823 906 854 aquarum
922 823 980 844 no·

272 869 359 897 tant.
406 865 520 895 Barth.

314 918 438 947 Raucos
452 917 597 946 sudantia
613 916 711 956 rit-os]
747 916 823 946 Non
842 916 981 956 placent

271 967 328 998 isti
345 967 431 998 rauci
442 968 521 998 rivi:
545 967 621 998 libri
637 973 770 998 veteres
787 967 978 1008 niljuvant.

272 1018 388 1049 Glauci
404 1018 465 1048 riri
480 1024 619 1058 possent
635 1019 768 1059 reponi,
783 1019 841 1050 sed
859 1030 900 1050 ea
913 1029 978 1050 vox

267 1068 339 1108 jam
368 1070 555 1110 praecessit.
613 1070 712 1101 Curis
745 1070 902 1101 secundis
935 1071 977 1101 ad

271 1119 444 1150 Nasonem
470 1120 555 1150 Met.
587 1129 662 1151 xiv.
689 1131 737 1151 vs.
764 1123 839 1151 447.
865 1121 978 1152 monui

271 1169 381 1200 videri
412 1170 642 1211 scribendum,
661 1171 766 1212 flavos
791 1173 885 1203 rit-os.
932 1174 977 1204 D.

272 1218 394 1250 Heius.

313 1273 375 1301 223
408 1271 450 1302 Se
473 1272 566 1302 barba
582 1273 729 1314 reflectit]
755 1275 919 1314 Repectit;
942 1278 978 1306 et

270 1330 348 1352 mox
368 1332 428 1361 pro
446 1322 513 1361 Illi,
526 1323 588 1353 Ilz'a
605 1324 786 1362 legendum
803 1325 976 1365 doctijam

268 1371 428 1402 viderunt
446 1383 452 1401 ;
478 1372 552 1402 libri
571 1374 677 1403 nostri
700 1378 880 1414 utrumque
899 1384 976 1405 cou-

268 1420 415 1452 firmant.
464 1422 650 1453 Manifesta
666 1425 884 1455 aemulatione
906 1425 977 1455 naec

270 1471 422 1502 imitatus
439 1477 492 1503 est
507 1473 667 1503 Sidonius
684 1473 892 1514 Apollinaris
911 1475 977 1506 Pa-

267 1523 429 1562 negyrico
439 1523 856 1565 Majoriani,deTybride,
871 1526 880 1542 ⁶
891 1526 976 1557 Pec-

268 1577 323 1603 tus
342 1573 432 1613 palla
445 1574 542 1614 tegit,
554 1585 653 1615 quam
667 1581 810 1607 neverat
822 1577 886 1607 Ilia
899 1587 976 1608 con-

260 1623 373 1663 jnnx‚'
386 1630 419 1654 et
437 1635 512 1665 quae
529 1625 575 1655 ibi
591 1631 788 1667 sequuntur.
814 1628 918 1658 Plura
933 1628 975 1658 ad

267 1684 339 1705 rem
353 1676 492 1715 collegit
510 1677 679 1707 Barthius.
724 1678 780 1709 Sic
805 1678 900 1709 initio
919 1679 975 1709 lm-

260 1725 318 1767 jus
336 1726 540 1767 panegyrici
557 1728 634 1758 solis
650 1728 728 1769 equi
741 1730 856 1759 crinem
868 1731 975 1770 repexi

267 1775 363 1807 dicti.
410 1777 537 1807 Statius
552 1777 656 1808 Theb.
670 1787 711 1808 11.
735 1778 744 1793 ⁴
760 1779 887 1817 Libyco
899 1779 974 1809 Tri-

267 1830 348 1858 tone
371 1836 514 1866 repexas
540 1828 626 1858 Lota
650 1829 785 1859 comas!
830 1830 904 1861 Lib.
924 1839 972 1861 vr.

263 1877 272 1894 ‘
292 1881 490 1918 stantesque
530 1880 678 1919 repectit
706 1879 801 1911 Aura
836 1881 972 1911 eomas!

265 1926 323 1958 Ita
340 1926 426 1958 bene
442 1928 576 1969 scripti.
610 1929 817 1961 Prudentius
834 1932 972 1971 Hymno

265 1977 300 2008 in
325 1978 525 2018 Romanum,
547 1981 556 1995 ⁴
574 1980 682 2010 Mitra
700 1979 870 2021 infulatus,
887 1982 973 2013 festa

265 2028 361 2059 vittis
381 2033 535 2069 tempora
552 2030 682 2068 Nexus,
695 2041 820 2062 corona
835 2037 905 2063 tum
923 2043 972 2064 re-

266 2088 372 2120 pexus
391 2083 516 2112 aurea.‘
558 2082 616 2112 Sic
633 2086 725 2112 totus
743 2083 800 2113 ille
818 2083 908 2114 loeus
928 2094 971 2115 ex

264 2129 402 2169 optimis
420 2130 624 2162 membranis
649 2133 869 2165 scribendus:
896 2144 972 2175 per-

264 2190 381 2221 peram
398 2183 542 2222 replexus
558 2183 678 2215 Indice
696 2186 898 2218 Lucretiano
914 2186 972 2218 Gi-

264 2232 421 2273 phanius.
468 2234 567 2266 Idem.

306 2283 349 2314 Se
365 2283 459 2315 barba
474 2285 621 2325 repectit]
658 2286 787 2326 Sponte
805 2298 865 2319 sua
881 2299 970 2320 com-

264 2332 374 2374 ponit,
398 2334 492 2365 velut
516 2336 655 2375 pectine
682 2337 843 2378 depressa
866 2344 971 2380 atque

267 2383 512 2416 discriminata.
557 2387 673 2417 Barth.

307 2436 370 2465 226
394 2435 616 2476 Procumbens]
654 2438 759 2477 Scite,
789 2439 831 2469 ob
864 2440 970 2480 plani-

265 2484 357 2517 tiem.
401 2485 457 2517 Sic
474 2487 518 2517 de
535 2487 615 2518 Nilo
633 2498 694 2528 per
709 2490 810 2528 plana
821 2496 970 2522 exeunte

263 2535 378 2568 Valer.
404 2536 570 2568 Flaccus:
605 2538 614 2554 ⁴
630 2544 761 2579 septem
795 2542 969 2581 projectus

265 2585 300 2617 in
316 2596 429 2617 amnes
449 2587 572 2618 Nilus.'
619 2589 735 2620 Barth.

309 2637 429 2677 Insula]
454 2637 542 2669 Haec
569 2639 713 2678 primum
736 2641 829 2671 nasci
853 2643 970 2683 eoepit,

266 2687 372 2728 pulsis
382 2688 590 2729 Tarquiniis,
600 2694 719 2721 autore
731 2690 873 2732 Dionys,
887 2693 968 2726 Hal.

265 2736 400 2779 fuitque
426 2738 617 2780 AEsculapio
641 2749 749 2780 sacra,
774 2745 863 2772 teste
888 2743 969 2774 Ovi-

267 2786 345 2820 dio:
380 2788 391 2807 ‘
406 2787 556 2831 Accepit
585 2789 718 2823 Phoebo
752 2793 968 2837 nymphaque

572 214 716 246 NOTAE
748 215 1014 246 VARIORUM

1048 215 1100 245 IN
1135 216 1210 245 CL.
1232 215 1417 246 GLAUD.
1449 214 1480 245 1.

1033 310 1202 342 Coronide
1221 316 1334 342 natum
1350 310 1477 346 Insula,
1487 307 1626 340 dividua
1638 318 1741 350 quam

1033 362 1157 401 premit
1174 363 1278 392 amnis
1295 360 1405 402 aqua)
1451 360 1507 390 Ibi
1532 359 1640 390 adime
1662 359 1741 390 visi·

1033 417 1089 442 tur
1112 412 1178 453 (ait
1196 413 1365 452 Leander)
1389 412 1482 442 navis
1508 421 1526 442 e
1542 410 1658 451 lapide
1672 411 1741 442 Ta·

1033 462 1093 501 sio,
1108 465 1204 504 cujiis
1220 473 1284 495 uno
1302 465 1333 494 in
1351 465 1458 494 latere
1475 471 1616 501 serpens
1635 463 1668 491 in
1680 461 1742 492 ho-

1032 522 1149 544 norem
1178 514 1368 555 Epidaurii,
1395 518 1499 553 atque
1526 512 1600 542 lnaec
1628 511 1741 541 insula

1031 564 1072 593 ad
1093 564 1236 595 formam
1263 565 1358 595 navis
1385 563 1525 594 redacta
1540 561 1615 593 fuit.
1659 561 1740 593 Vid.

1032 613 1294 645 Ovid.Metam.
1336 614 1509 645 Cluverius.

1073 666 1135 694 228
1160 664 1316 696 Sttl1eunte
1329 664 1432 704 freto]
1457 664 1576 695 Fluvio
1597 672 1663 694 non
1680 661 1738 694 ad-

1029 714 1164 744 modum
1180 716 1262 746 lato.

1075 764 1249 804 Minantes]
1272 766 1438 797 Excelsae.
1472 766 1584 797 Barth.

1074 814 1137 842 229
1151 813 1288 852 Surgunt
1303 814 1333 844 in
1346 815 1495 855 culmina]
1507 815 1638 846 Tiberis
1651 815 1737 855 ripa,

1031 870 1096 900 qua
1119 863 1225 893 amnis
1249 863 1368 894 urbem
1386 865 1522 905 transit,
1551 865 1738 896 amoenissi-

1032 911 1092 941 mis
1110 913 1280 951 przetoriis
1297 918 1333 944 et
1347 914 1433 944 villis
1445 920 1519 945 erat
1534 915 1735 955 praevelata.

1029 961 1085 992 Sic
1109 962 1228 994 Claud.
1245 972 1284 994 11.
1307 963 1438 994 Stilich.
1470 966 1478 980 ‘
1496 963 1684 1005 Thybridis
1700 963 1736 995 in

1029 1022 1158 1044 morem
1186 1014 1338 1046 domibus
1367 1016 1536 1056 praevelet
1574 1014 1737 1047 amoenis?

1030 1063 1145 1095 Barth.

1073 1117 1136 1145 230
1159 1116 1284 1156 Votum]
1304 1118 1388 1148 Rem
1407 1117 1463 1148 diu
1477 1117 1565 1148 votis
1582 1116 1736 1148 omnibus

1029 1165 1268 1198 desideratam.
1307 1168 1422 1199 Barth.
1460 1167 1611 1209 Antiquo
1627 1177 1735 1208 more,

1029 1217 1094 1248 illis
1138 1219 1323 1249 etiamnum
1379 1218 1603 1259 temporibus,
1648 1218 1736 1249 Con-

1028 1269 1128 1307 sules,
1140 1279 1215 1299 cum
1228 1269 1462 1309 magistratum
1475 1269 1643 1309 iniissent,
1655 1273 1735 1300 vota

1031 1328 1091 1358 pro
1108 1319 1218 1349 salute
1234 1319 1398 1359 principis
1416 1324 1452 1350 et
1468 1319 1607 1357 civium,
1630 1325 1732 1360 atque

1028 1380 1091 1410 pro
1106 1370 1240 1410 imperii
1254 1371 1460 1411 aeternitate,
1474 1372 1734 1412 nuncupabant:

1029 1430 1068 1451 eo
1086 1421 1237 1461 respicit.
1272 1422 1395 1452 Delrio.

1070 1474 1131 1503 231
1148 1472 1265 1502 Juncto
1274 1472 1410 1512 stipante
1421 1472 1545 1513 senatu]
1558 1473 1733 1514 Frequens

1028 1521 1172 1552 Senatus
1191 1526 1270 1553 ante
1287 1523 1379 1554 aedes
1391 1523 1535 1554 fratrum
1548 1524 1734 1555 Consulum

1028 1579 1246 1613 convenerat,
1280 1574 1319 1604 iis
1351 1574 1580 1614 producendiS
1604 1574 1638 1606 in
1666 1574 1734 1606 Cu-

1027 1622 1123 1662 riam,
1146 1628 1205 1653 aut
1219 1623 1259 1653 ad
1280 1624 1414 1663 Rostra,
1437 1624 1493 1655 ubi
1509 1624 1552 1655 ad
1571 1625 1731 1665 populum

1029 1677 1087 1703 aut
1104 1674 1227 1704 Patres
1244 1675 1350 1705 verba
1367 1674 1533 1707 facerent.
1556 1676 1673 1708 Barth.

1069 1725 1184 1754 June-to
1199 1725 1337 1764 stipante
1352 1727 1476 1767 senatu]
1509 1726 1566 1757 Ita
1592 1726 1732 1767 scripti:

1026 1774 1292 1814 vulgo,janctos:
1316 1776 1477 1807 Barthius
1493 1780 1619 1808 cuncto:
1646 1786 1732 1808 unus

1026 1827 1137 1858 Vatic.
1156 1828 1262 1865 juxta.
1287 1827 1362 1858 Lib.
1380 1837 1404 1858 1.
1429 1828 1462 1858 in
1478 1827 1589 1864 Rufin.
1614 1828 1734 1869 ‘junc-

1025 1884 1129 1920 toque
1146 1889 1268 1920 sequor
1286 1879 1433 1910 tentoria
1455 1878 1580 1910 curru.’
1613 1879 1689 1911 Lib.
1706 1888 1731 1911 1.

1025 1933 1057 1963 in
1071 1932 1202 1964 Stilich.
1226 1933 1234 1949 ‘
1248 1932 1463 1973 Tyrrhenum
1479 1937 1618 1972 poteras
1631 1932 1730 1972 june-

1023 1983 1066 2013 tis
1093 1983 1328 2014 transmittere
1357 1982 1486 2023 signis!
1526 1982 1583 2013 Sic
1614 1982 1732 2022 legen-

1023 2032 1113 2064 dum.
1139 2034 1186 2064 D.
1203 2033 1314 2063 Heius.

1066 2086 1128 2115 237
1155 2085 1276 2114 Eurota
1293 2082 1464 2123 Spartane]
1486 2081 1641 2113 Fluvium
1668 2080 1730 2113 flu-

1023 2134 1097 2164 vius
1127 2133 1321 2174 alloquitur,
1350 2132 1512 2164 Graecum
1544 2132 1728 2180 Romanus,

1024 2184 1184 2216 castoras
1214 2192 1405 2224 provocans
1435 2186 1557 2214 contra
1587 2183 1727 2222 gloriam

1024 2235 1131 2267 Probi
1146 2235 1305 2266 filiorum.
1349 2235 1494 2265 Eurotas
1508 2237 1608 2265 notus
1623 2234 1730 2265 Laco-

1023 2286 1088 2317 niae
1104 2285 1237 2317 fluvius.
1272 2285 1389 2316 Barth.

1066 2339 1129 2368 238
1154 2336 1266 2367 Falsus
1280 2334 1360 2374 olor]
1384 2334 1536 2375 Jupiter,
1552 2333 1610 2375 qui
1626 2333 1728 2366 oloris

1021 2387 1130 2419 forma
1154 2386 1282 2418 Ledam
1311 2385 1525 2426 compressit.
1568 2383 1727 2425 Euripid.

1021 2439 1055 2469 in
1072 2438 1216 2469 Helena.
1249 2437 1370 2468 Detrio.

1064 2491 1125 2520 241
1150 2487 1294 2526 Signifer
1321 2488 1408 2526 optat
1434 2483 1627 2524 Adventum]
1650 2484 1726 2516 Mo-

1022 2539 1086 2571 reti
1100 2539 1186 2570 liber
1199 2539 1289 2568 inter
1305 2535 1612 2575 emendatissimos,
1625 2539 1727 2575 aptat.

1021 2591 1125 2630 Puto,
1141 2592 1228 2630 aptat
1244 2590 1390 2627 adventu,
1412 2587 1542 2618 scilicet
1556 2595 1724 2618 convexa.

1021 2642 1066 2674 D.
1081 2641 1192 2671 Heius.

1063 2694 1126 2724 242
1151 2690 1318 2730 stellisque
1329 2691 1424 2729 parat
1440 2687 1591 2728 convexa]
1616 2687 1667 2719 Ut
1690 2688 1724 2720 in

1021 2744 1174 2774 Deorum
1190 2749 1365 2772 numerum
1384 2737 1590 2781 referantur,
1613 2738 1724 2772 choris

1021 2797 1188 2826 astrorum
1202 2789 1380 2833 adscripti.
