<?xml version="1.0" encoding="UTF-8"?>
<!DOCTYPE html PUBLIC "-//W3C//DTD XHTML 1.0 Transitional//EN"
    "http://www.w3.org/TR/xhtml1/DTD/xhtml1-transitional.dtd">
<html xmlns="http://www.w3.org/1999/xhtml" xml:lang="en" lang="en">
 <head>
  <title>
</title>
<meta http-equiv="Content-Type" content="text/html;charset=utf-8" />
  <meta name='ocr-system' content='tesseract 3.04.00' />
  <meta name='ocr-capabilities' content='ocr_page ocr_carea ocr_par ocr_line ocrx_word'/>
</head>
<body>
  <div class='ocr_page' id='page_1' title='image "./operaomniaexedit03clauuoft_0057.png"; bbox 0 0 1852 3182; ppageno 0'>
   <div class='ocr_carea' id='block_1_1' title="bbox 419 174 1124 207">
    <p class='ocr_par' dir='ltr' id='par_1_1' title="bbox 419 174 1124 207">
     <span class='ocr_line' id='line_1_1' title="bbox 419 174 1124 207; baseline -0.001 0"><span class='ocrx_word' id='word_1_1' title='bbox 419 175 611 207; x_wconf 73' lang='lat' dir='ltr'>RAP&#39;PUS</span> <span class='ocrx_word' id='word_1_2' title='bbox 646 174 883 204; x_wconf 78' lang='lat' dir='ltr'>PROSERP.</span> <span class='ocrx_word' id='word_1_3' title='bbox 919 175 1014 204; x_wconf 73' lang='lat' dir='ltr'><strong>Lm.</strong></span> <span class='ocrx_word' id='word_1_4' title='bbox 1051 177 1124 206; x_wconf 88' lang='grc' dir='ltr'>ΙΙΙ.</span> 
     </span>
    </p>
   </div>
   <div class='ocr_carea' id='block_1_2' title="bbox 1393 165 1504 208">
    <p class='ocr_par' dir='ltr' id='par_1_2' title="bbox 1393 165 1504 208">
     <span class='ocr_line' id='line_1_2' title="bbox 1393 165 1504 208; baseline 0.009 -1"><span class='ocrx_word' id='word_1_5' title='bbox 1393 165 1504 208; x_wconf 79' lang='grc'><strong>1031</strong></span> 
     </span>
    </p>
   </div>
   <div class='ocr_carea' id='block_1_3' title="bbox 46 267 1244 726">
    <p class='ocr_par' dir='ltr' id='par_1_3' title="bbox 46 267 1183 525">
     <span class='ocr_line' id='line_1_3' title="bbox 47 267 1141 324; baseline -0.002 -13"><span class='ocrx_word' id='word_1_6' title='bbox 47 269 267 320; x_wconf 79' lang='lat' dir='ltr'><strong>Constitit,</strong></span> <span class='ocrx_word' id='word_1_7' title='bbox 300 276 344 311; x_wconf 90' lang='lat' dir='ltr'><strong>ct</strong></span> <span class='ocrx_word' id='word_1_8' title='bbox 365 271 517 324; x_wconf 80' lang='lat' dir='ltr'><strong>plenos</strong></span> <span class='ocrx_word' id='word_1_9' title='bbox 537 270 717 321; x_wconf 73' lang='lat' dir='ltr'><strong>excepit</strong></span> <span class='ocrx_word' id='word_1_10' title='bbox 738 267 944 320; x_wconf 85' lang='lat' dir='ltr'><strong>lampade</strong></span> <span class='ocrx_word' id='word_1_11' title='bbox 966 268 1141 309; x_wconf 78' lang='lat' dir='ltr'><strong>fluctus.</strong></span> 
     </span>
     <span class='ocr_line' id='line_1_4' title="bbox 46 335 1183 392; baseline -0.002 -14"><span class='ocrx_word' id='word_1_12' title='bbox 46 338 287 392; x_wconf 81' lang='lat' dir='ltr'><strong>Postquam</strong></span> <span class='ocrx_word' id='word_1_13' title='bbox 310 342 565 390; x_wconf 83' lang='lat' dir='ltr'><strong>perventum</strong></span> <span class='ocrx_word' id='word_1_14' title='bbox 588 336 761 389; x_wconf 85' lang='lat' dir='ltr'>scopuli</span> <span class='ocrx_word' id='word_1_15' title='bbox 787 335 1011 387; x_wconf 71' lang='lat' dir='ltr'><strong>flagrantis</strong></span> <span class='ocrx_word' id='word_1_16' title='bbox 1031 336 1075 375; x_wconf 91' lang='lat' dir='ltr'><strong>in</strong></span> <span class='ocrx_word' id='word_1_17' title='bbox 1094 347 1183 384; x_wconf 84' lang='lat' dir='ltr'><strong>ora,</strong></span> 
     </span>
     <span class='ocr_line' id='line_1_5' title="bbox 47 403 1082 456; baseline -0.003 -11"><span class='ocrx_word' id='word_1_18' title='bbox 47 405 253 446; x_wconf 84' lang='lat' dir='ltr'>Protinus</span> <span class='ocrx_word' id='word_1_19' title='bbox 276 417 450 445; x_wconf 85' lang='lat' dir='ltr'><strong>arsuras</strong></span> <span class='ocrx_word' id='word_1_20' title='bbox 475 404 661 444; x_wconf 79' lang='lat' dir='ltr'><strong>adversa</strong></span> <span class='ocrx_word' id='word_1_21' title='bbox 683 403 821 444; x_wconf 86' lang='lat' dir='ltr'><strong>fronte</strong></span> <span class='ocrx_word' id='word_1_22' title='bbox 843 415 1082 456; x_wconf 82' lang='lat' dir='ltr'><strong>cupressus</strong></span> 
     </span>
     <span class='ocr_line' id='line_1_6' title="bbox 48 471 1054 525; baseline -0.002 -13"><span class='ocrx_word' id='word_1_23' title='bbox 48 472 271 514; x_wconf 84' lang='lat' dir='ltr'><strong>Faucibus</strong></span> <span class='ocrx_word' id='word_1_24' title='bbox 293 472 439 525; x_wconf 83' lang='lat' dir='ltr'><strong>injecit</strong></span> <span class='ocrx_word' id='word_1_25' title='bbox 460 472 631 520; x_wconf 80' lang='lat' dir='ltr'><strong>mediis,</strong></span> <span class='ocrx_word' id='word_1_26' title='bbox 653 471 828 524; x_wconf 80' lang='lat' dir='ltr'><strong>lateque</strong></span> <span class='ocrx_word' id='word_1_27' title='bbox 844 483 1054 511; x_wconf 80' lang='lat' dir='ltr'>cavernas</span> 
     </span>
    </p>

    <p class='ocr_par' dir='ltr' id='par_1_4' title="bbox 47 537 1244 726">
     <span class='ocr_line' id='line_1_7' title="bbox 47 537 1244 584; baseline -0.002 -4"><span class='ocrx_word' id='word_1_28' title='bbox 47 539 195 584; x_wconf 84' lang='lat' dir='ltr'><strong>Texit‚</strong></span> <span class='ocrx_word' id='word_1_29' title='bbox 219 544 261 578; x_wconf 84' lang='lat' dir='ltr'><strong>ct</strong></span> <span class='ocrx_word' id='word_1_30' title='bbox 278 538 506 579; x_wconf 84' lang='lat' dir='ltr'><strong>undantem</strong></span> <span class='ocrx_word' id='word_1_31' title='bbox 528 539 800 579; x_wconf 85' lang='lat' dir='ltr'><strong>flammarum</strong></span> <span class='ocrx_word' id='word_1_32' title='bbox 823 539 1042 579; x_wconf 80' lang='lat' dir='ltr'><strong>obstruxit</strong></span> <span class='ocrx_word' id='word_1_33' title='bbox 1061 537 1244 579; x_wconf 83' lang='lat' dir='ltr'><strong>hiatum.</strong></span> 
     </span>
     <span class='ocr_line' id='line_1_8' title="bbox 48 605 1237 659; baseline 0 -13"><span class='ocrx_word' id='word_1_34' title='bbox 48 605 314 659; x_wconf 86' lang='lat' dir='ltr'><strong>Compresso</strong></span> <span class='ocrx_word' id='word_1_35' title='bbox 339 618 465 646; x_wconf 86' lang='lat' dir='ltr'><strong>mons</strong></span> <span class='ocrx_word' id='word_1_36' title='bbox 487 606 586 659; x_wconf 83' lang='lat' dir='ltr'><strong>igne</strong></span> <span class='ocrx_word' id='word_1_37' title='bbox 609 610 745 655; x_wconf 82' lang='lat' dir='ltr'><strong>tonat,</strong></span> <span class='ocrx_word' id='word_1_38' title='bbox 773 606 1043 658; x_wconf 87' lang='lat' dir='ltr'><strong>claususque</strong></span> <span class='ocrx_word' id='word_1_39' title='bbox 1064 605 1237 646; x_wconf 79' lang='lat' dir='ltr'><strong>laborat</strong></span> 
     </span>
     <span class='ocr_line' id='line_1_9' title="bbox 48 672 1159 726; baseline -0.001 -13"><span class='ocrx_word' id='word_1_40' title='bbox 48 672 287 713; x_wconf 84' lang='lat' dir='ltr'><strong>Mulciber:</strong></span> <span class='ocrx_word' id='word_1_41' title='bbox 320 673 500 714; x_wconf 87' lang='lat' dir='ltr'><strong>obducti</strong></span> <span class='ocrx_word' id='word_1_42' title='bbox 521 678 745 726; x_wconf 85' lang='lat' dir='ltr'><strong>nequeunt</strong></span> <span class='ocrx_word' id='word_1_43' title='bbox 767 673 933 713; x_wconf 84' lang='lat' dir='ltr'><strong>haerere</strong></span> <span class='ocrx_word' id='word_1_44' title='bbox 955 684 1159 726; x_wconf 85' lang='lat' dir='ltr'><strong>vapores.</strong></span> 
     </span>
    </p>
   </div>
   <div class='ocr_carea' id='block_1_4' title="bbox 1420 537 1510 580">
    <p class='ocr_par' dir='ltr' id='par_1_5' title="bbox 1420 537 1510 580">
     <span class='ocr_line' id='line_1_10' title="bbox 1420 537 1510 580; baseline 0 -1"><span class='ocrx_word' id='word_1_45' title='bbox 1420 537 1510 580; x_wconf 82' lang='lat'><strong>395</strong></span> 
     </span>
    </p>
   </div>
   <div class='ocr_carea' id='block_1_5' title="bbox 53 802 1517 1014">
    <p class='ocr_par' dir='ltr' id='par_1_6' title="bbox 53 802 1517 1014">
     <span class='ocr_line' id='line_1_11' title="bbox 54 802 1512 844; baseline 0 -12"><span class='ocrx_word' id='word_1_46' title='bbox 54 803 147 833; x_wconf 77' lang='lat' dir='ltr'><strong>donec</strong></span> <span class='ocrx_word' id='word_1_47' title='bbox 176 805 235 833; x_wconf 83' lang='lat' dir='ltr'><em>stet</em></span> <span class='ocrx_word' id='word_1_48' title='bbox 261 804 300 834; x_wconf 82' lang='lat' dir='ltr'><strong>ad</strong></span> <span class='ocrx_word' id='word_1_49' title='bbox 330 803 433 843; x_wconf 80' lang='lat' dir='ltr'><strong>ripam</strong></span> <span class='ocrx_word' id='word_1_50' title='bbox 462 803 709 842; x_wconf 67' lang='lat' dir='ltr'><em>Phlegethontis,</em></span> <span class='ocrx_word' id='word_1_51' title='bbox 735 807 765 834; x_wconf 83' lang='lat' dir='ltr'><em>et</em></span> <span class='ocrx_word' id='word_1_52' title='bbox 795 803 912 844; x_wconf 78' lang='lat' dir='ltr'><strong>accepit</strong></span> <span class='ocrx_word' id='word_1_53' title='bbox 929 803 1010 833; x_wconf 74' lang='lat' dir='ltr'><strong>toeda</strong></span> <span class='ocrx_word' id='word_1_54' title='bbox 1026 812 1121 843; x_wconf 80' lang='lat' dir='ltr'><strong>aquas</strong></span> <span class='ocrx_word' id='word_1_55' title='bbox 1143 803 1259 842; x_wconf 71' lang='lat' dir='ltr'><strong>plenus.</strong></span> <span class='ocrx_word' id='word_1_56' title='bbox 1305 802 1512 842; x_wconf 70' lang='lat' dir='ltr'><strong>Posteaquam</strong></span> 
     </span>
     <span class='ocr_line' id='line_1_12' title="bbox 54 844 1514 886; baseline 0 -11"><span class='ocrx_word' id='word_1_57' title='bbox 54 848 180 876; x_wconf 77' lang='lat' dir='ltr'><strong>ventum</strong></span> <span class='ocrx_word' id='word_1_58' title='bbox 197 852 250 876; x_wconf 90' lang='lat' dir='ltr'><strong>est</strong></span> <span class='ocrx_word' id='word_1_59' title='bbox 263 847 304 876; x_wconf 79' lang='lat' dir='ltr'><strong>ud</strong></span> <span class='ocrx_word' id='word_1_60' title='bbox 318 847 431 877; x_wconf 81' lang='lat' dir='ltr'><strong>ostium</strong></span> <span class='ocrx_word' id='word_1_61' title='bbox 447 848 559 876; x_wconf 76' lang='lat' dir='ltr'><strong>montis</strong></span> <span class='ocrx_word' id='word_1_62' title='bbox 573 847 723 886; x_wconf 77' lang='lat' dir='ltr'><strong>ardentis,</strong></span> <span class='ocrx_word' id='word_1_63' title='bbox 747 847 854 877; x_wconf 76' lang='lat' dir='ltr'><strong>statim</strong></span> <span class='ocrx_word' id='word_1_64' title='bbox 872 846 974 877; x_wconf 76' lang='lat' dir='ltr'><strong>Ceres</strong></span> <span class='ocrx_word' id='word_1_65' title='bbox 984 846 1057 883; x_wconf 68' lang='lat' dir='ltr'><strong>jecit</strong></span> <span class='ocrx_word' id='word_1_66' title='bbox 1074 847 1159 876; x_wconf 85' lang='lat' dir='ltr'><strong>vultu</strong></span> <span class='ocrx_word' id='word_1_67' title='bbox 1174 855 1234 876; x_wconf 83' lang='lat' dir='ltr'><strong>non</strong></span> <span class='ocrx_word' id='word_1_68' title='bbox 1248 845 1363 885; x_wconf 63' lang='lat' dir='ltr'><strong>reflexo</strong></span> <span class='ocrx_word' id='word_1_69' title='bbox 1376 844 1410 874; x_wconf 88' lang='lat' dir='ltr'><strong>in</strong></span> <span class='ocrx_word' id='word_1_70' title='bbox 1425 854 1514 875; x_wconf 73' lang='lat' dir='ltr'><strong>vora·</strong></span> 
     </span>
     <span class='ocr_line' id='line_1_13' title="bbox 54 887 1511 928; baseline 0 -10"><span class='ocrx_word' id='word_1_71' title='bbox 54 887 161 926; x_wconf 81' lang='lat' dir='ltr'><strong>ginem</strong></span> <span class='ocrx_word' id='word_1_72' title='bbox 173 890 304 919; x_wconf 73' lang='lat' dir='ltr'><strong>medium</strong></span> <span class='ocrx_word' id='word_1_73' title='bbox 319 898 480 928; x_wconf 77' lang='lat' dir='ltr'><strong>cupressus</strong></span> <span class='ocrx_word' id='word_1_74' title='bbox 495 891 712 927; x_wconf 75' lang='lat' dir='ltr'><strong>accendendus,</strong></span> <span class='ocrx_word' id='word_1_75' title='bbox 728 894 757 920; x_wconf 82' lang='lat' dir='ltr'><em>et</em></span> <span class='ocrx_word' id='word_1_76' title='bbox 775 893 901 920; x_wconf 74' lang='lat' dir='ltr'><strong>matrum</strong></span> <span class='ocrx_word' id='word_1_77' title='bbox 916 889 1036 928; x_wconf 73' lang='lat' dir='ltr'><strong>operuit</strong></span> <span class='ocrx_word' id='word_1_78' title='bbox 1052 890 1197 928; x_wconf 82' lang='lat' dir='ltr'><strong>undique,</strong></span> <span class='ocrx_word' id='word_1_79' title='bbox 1218 892 1247 919; x_wconf 87' lang='lat' dir='ltr'><em>et</em></span> <span class='ocrx_word' id='word_1_80' title='bbox 1264 887 1442 918; x_wconf 71' lang='lat' dir='ltr'><strong>interclusit</strong></span> <span class='ocrx_word' id='word_1_81' title='bbox 1457 897 1511 918; x_wconf 79' lang='lat' dir='ltr'><strong>ex-</strong></span> 
     </span>
     <span class='ocr_line' id='line_1_14' title="bbox 54 930 1517 972; baseline 0 -12"><span class='ocrx_word' id='word_1_82' title='bbox 54 931 118 961; x_wconf 83' lang='lat' dir='ltr'><strong>itus</strong></span> <span class='ocrx_word' id='word_1_83' title='bbox 131 931 252 970; x_wconf 78' lang='lat' dir='ltr'><strong>ignium</strong></span> <span class='ocrx_word' id='word_1_84' title='bbox 266 932 510 971; x_wconf 76' lang='lat' dir='ltr'><strong>erumpentium:</strong></span> <span class='ocrx_word' id='word_1_85' title='bbox 536 941 621 962; x_wconf 80' lang='lat' dir='ltr'><strong>mous</strong></span> <span class='ocrx_word' id='word_1_86' title='bbox 632 932 737 962; x_wconf 81' lang='lat' dir='ltr'><strong>reboat</strong></span> <span class='ocrx_word' id='word_1_87' title='bbox 744 931 877 972; x_wconf 76' lang='lat' dir='ltr'><strong>stamma</strong></span> <span class='ocrx_word' id='word_1_88' title='bbox 903 931 1052 968; x_wconf 79' lang='lat' dir='ltr'><strong>cohibita,</strong></span> <span class='ocrx_word' id='word_1_89' title='bbox 1076 935 1104 961; x_wconf 78' lang='lat' dir='ltr'><em>et</em></span> <span class='ocrx_word' id='word_1_90' title='bbox 1128 932 1280 962; x_wconf 79' lang='lat' dir='ltr'><strong>Vulcanus</strong></span> <span class='ocrx_word' id='word_1_91' title='bbox 1298 930 1434 961; x_wconf 79' lang='lat' dir='ltr'><strong>inclusus</strong></span> <span class='ocrx_word' id='word_1_92' title='bbox 1457 939 1517 961; x_wconf 68' lang='grc' dir='ltr'><strong>ωε·</strong></span> 
     </span>
     <span class='ocr_line' id='line_1_15' title="bbox 53 973 1514 1014; baseline 0 -11"><span class='ocrx_word' id='word_1_93' title='bbox 53 976 142 1004; x_wconf 76' lang='lat' dir='ltr'><strong>tuat.-</strong></span> <span class='ocrx_word' id='word_1_94' title='bbox 154 973 297 1014; x_wconf 78' lang='lat' dir='ltr'><strong>flummoe</strong></span> <span class='ocrx_word' id='word_1_95' title='bbox 309 975 469 1014; x_wconf 78' lang='lat' dir='ltr'><strong>proeclusoe</strong></span> <span class='ocrx_word' id='word_1_96' title='bbox 490 984 549 1005; x_wconf 81' lang='lat' dir='ltr'><strong>non</strong></span> <span class='ocrx_word' id='word_1_97' title='bbox 572 978 698 1014; x_wconf 81' lang='lat' dir='ltr'><strong>possunt</strong></span> <span class='ocrx_word' id='word_1_98' title='bbox 716 975 864 1005; x_wconf 77' lang='lat' dir='ltr'><strong>retineri:</strong></span> <span class='ocrx_word' id='word_1_99' title='bbox 887 974 1020 1004; x_wconf 78' lang='lat' dir='ltr'><strong>culmina</strong></span> <span class='ocrx_word' id='word_1_100' title='bbox 1037 973 1173 1011; x_wconf 78' lang='lat' dir='ltr'><strong>conisera</strong></span> <span class='ocrx_word' id='word_1_101' title='bbox 1188 973 1390 1013; x_wconf 81' lang='lat' dir='ltr'><strong>effulserunt:</strong></span> <span class='ocrx_word' id='word_1_102' title='bbox 1414 973 1514 1004; x_wconf 84' lang='lat' dir='ltr'><strong>AEtna</strong></span> 
     </span>
    </p>
   </div>
   <div class='ocr_carea' id='block_1_6' title="bbox 663 1067 899 1078">
    <p class='ocr_par' dir='ltr' id='par_1_7' title="bbox 663 1067 899 1078">
     <span class='ocr_line' id='line_1_16' title="bbox 663 1067 899 1078; baseline -0.004 0"><span class='ocrx_word' id='word_1_103' title='bbox 663 1067 899 1078; x_wconf 66' lang='lat' dir='ltr'><strong>eeeeeeeeeeee</strong></span> 
     </span>
    </p>
   </div>
   <div class='ocr_carea' id='block_1_7' title="bbox 46 1119 1518 1800">
    <p class='ocr_par' dir='ltr' id='par_1_8' title="bbox 46 1119 1518 1800">
     <span class='ocr_line' id='line_1_17' title="bbox 47 1119 1514 1163; baseline 0 -12"><span class='ocrx_word' id='word_1_104' title='bbox 47 1122 129 1152; x_wconf 81' lang='lat' dir='ltr'><strong>unda</strong></span> <span class='ocrx_word' id='word_1_105' title='bbox 144 1122 197 1152; x_wconf 86' lang='lat' dir='ltr'><strong>vel</strong></span> <span class='ocrx_word' id='word_1_106' title='bbox 214 1123 254 1152; x_wconf 79' lang='lat' dir='ltr'><strong>ad</strong></span> <span class='ocrx_word' id='word_1_107' title='bbox 272 1123 385 1152; x_wconf 76' lang='lat' dir='ltr'><strong>undam</strong></span> <span class='ocrx_word' id='word_1_108' title='bbox 415 1123 500 1163; x_wconf 83' lang='lat' dir='ltr'><strong>Reg.</strong></span> <span class='ocrx_word' id='word_1_109' title='bbox 519 1122 629 1154; x_wconf 87' lang='lat' dir='ltr'><strong>Oxon.</strong></span> <span class='ocrx_word' id='word_1_110' title='bbox 657 1125 816 1163; x_wconf 83' lang='lat' dir='ltr'><strong>pr.—391</strong></span> <span class='ocrx_word' id='word_1_111' title='bbox 841 1123 980 1154; x_wconf 83' lang='lat' dir='ltr'><strong>Adstitit</strong></span> <span class='ocrx_word' id='word_1_112' title='bbox 997 1123 1129 1153; x_wconf 89' lang='lat' dir='ltr'><strong>Bonon.</strong></span> <span class='ocrx_word' id='word_1_113' title='bbox 1148 1122 1281 1152; x_wconf 78' lang='lat' dir='ltr'><em>Obstitit</em></span> <span class='ocrx_word' id='word_1_114' title='bbox 1295 1122 1376 1152; x_wconf 87' lang='lat' dir='ltr'><strong>Put.</strong></span> <span class='ocrx_word' id='word_1_115' title='bbox 1393 1119 1514 1160; x_wconf 81' lang='lat' dir='ltr'><strong>accepit</strong></span> 
     </span>
     <span class='ocr_line' id='line_1_18' title="bbox 48 1164 1515 1206; baseline 0.001 -13"><span class='ocrx_word' id='word_1_116' title='bbox 48 1164 126 1195; x_wconf 84' lang='lat' dir='ltr'><strong>Vat.</strong></span> <span class='ocrx_word' id='word_1_117' title='bbox 143 1174 194 1204; x_wconf 76' lang='lat' dir='ltr'><strong>pr.</strong></span> <span class='ocrx_word' id='word_1_118' title='bbox 213 1164 296 1195; x_wconf 81' lang='lat' dir='ltr'><strong>cod.</strong></span> <span class='ocrx_word' id='word_1_119' title='bbox 313 1165 504 1196; x_wconf 83' lang='lat' dir='ltr'><strong>Bartliolin.</strong></span> <span class='ocrx_word' id='word_1_120' title='bbox 527 1167 660 1206; x_wconf 80' lang='lat' dir='ltr'><strong>suscepit</strong></span> <span class='ocrx_word' id='word_1_121' title='bbox 676 1167 827 1196; x_wconf 84' lang='lat' dir='ltr'><strong>Florent.</strong></span> <span class='ocrx_word' id='word_1_122' title='bbox 852 1166 976 1206; x_wconf 72' lang='lat' dir='ltr'><strong>excepit</strong></span> <span class='ocrx_word' id='word_1_123' title='bbox 992 1165 1058 1196; x_wconf 89' lang='lat' dir='ltr'><strong>duo</strong></span> <span class='ocrx_word' id='word_1_124' title='bbox 1084 1165 1178 1196; x_wconf 84' lang='lat' dir='ltr'><strong>Med.</strong></span> <span class='ocrx_word' id='word_1_125' title='bbox 1205 1165 1273 1196; x_wconf 88' lang='lat' dir='ltr'><strong>duo</strong></span> <span class='ocrx_word' id='word_1_126' title='bbox 1292 1164 1411 1195; x_wconf 88' lang='lat' dir='ltr'><strong>Heins.</strong></span> <span class='ocrx_word' id='word_1_127' title='bbox 1434 1164 1515 1195; x_wconf 84' lang='lat' dir='ltr'><strong>Put.</strong></span> 
     </span>
     <span class='ocr_line' id='line_1_19' title="bbox 49 1207 1516 1247; baseline 0.001 -10"><span class='ocrx_word' id='word_1_128' title='bbox 49 1207 133 1247; x_wconf 78' lang='lat' dir='ltr'><strong>Reg.</strong></span> <span class='ocrx_word' id='word_1_129' title='bbox 151 1207 290 1237; x_wconf 68' lang='lat' dir='ltr'><strong>Tholos.</strong></span> <span class='ocrx_word' id='word_1_130' title='bbox 307 1207 374 1238; x_wconf 90' lang='lat' dir='ltr'><strong>duo</strong></span> <span class='ocrx_word' id='word_1_131' title='bbox 390 1208 471 1240; x_wconf 83' lang='lat' dir='ltr'><strong>Jun.</strong></span> <span class='ocrx_word' id='word_1_132' title='bbox 490 1209 632 1239; x_wconf 79' lang='lat' dir='ltr'><strong>totidem</strong></span> <span class='ocrx_word' id='word_1_133' title='bbox 653 1209 766 1239; x_wconf 82' lang='lat' dir='ltr'><strong>Oxon.</strong></span> <span class='ocrx_word' id='word_1_134' title='bbox 780 1213 815 1239; x_wconf 87' lang='lat' dir='ltr'><strong>et</strong></span> <span class='ocrx_word' id='word_1_135' title='bbox 832 1209 932 1240; x_wconf 82' lang='lat' dir='ltr'><strong>Voss.</strong></span> <span class='ocrx_word' id='word_1_136' title='bbox 948 1213 1018 1240; x_wconf 83' lang='lat' dir='ltr'><strong>tres</strong></span> <span class='ocrx_word' id='word_1_137' title='bbox 1035 1209 1157 1239; x_wconf 84' lang='lat' dir='ltr'><strong>Petav.</strong></span> <span class='ocrx_word' id='word_1_138' title='bbox 1175 1209 1258 1238; x_wconf 83' lang='lat' dir='ltr'><strong>Exc.</strong></span> <span class='ocrx_word' id='word_1_139' title='bbox 1272 1208 1516 1247; x_wconf 80' lang='lat' dir='ltr'><strong>Petav.quart.</strong></span> 
     </span>
     <span class='ocr_line' id='line_1_20' title="bbox 49 1249 1514 1292; baseline 0 -13"><span class='ocrx_word' id='word_1_140' title='bbox 49 1249 127 1280; x_wconf 73' lang='lat' dir='ltr'>Ald.</span> <span class='ocrx_word' id='word_1_141' title='bbox 144 1250 224 1280; x_wconf 75' lang='lat' dir='ltr'><strong>Var.</strong></span> <span class='ocrx_word' id='word_1_142' title='bbox 244 1251 312 1281; x_wconf 91' lang='lat' dir='ltr'><strong>LL.</strong></span> <span class='ocrx_word' id='word_1_143' title='bbox 331 1261 348 1281; x_wconf 86' lang='lat' dir='ltr'><strong>e</strong></span> <span class='ocrx_word' id='word_1_144' title='bbox 366 1260 472 1292; x_wconf 84' lang='lat' dir='ltr'><strong>marg.</strong></span> <span class='ocrx_word' id='word_1_145' title='bbox 492 1252 608 1283; x_wconf 76' lang='lat' dir='ltr'><strong>Parni.</strong></span> <span class='ocrx_word' id='word_1_146' title='bbox 623 1252 746 1292; x_wconf 84' lang='lat' dir='ltr'><strong>fluctus</strong></span> <span class='ocrx_word' id='word_1_147' title='bbox 762 1252 891 1282; x_wconf 85' lang='lat' dir='ltr'><strong>Moret.</strong></span> <span class='ocrx_word' id='word_1_148' title='bbox 909 1261 962 1292; x_wconf 86' lang='lat' dir='ltr'><strong>pr.</strong></span> <span class='ocrx_word' id='word_1_149' title='bbox 994 1251 1074 1282; x_wconf 82' lang='lat' dir='ltr'><strong>Ald.</strong></span> <span class='ocrx_word' id='word_1_150' title='bbox 1103 1250 1232 1289; x_wconf 82' lang='lat' dir='ltr'><strong>fructus</strong></span> <span class='ocrx_word' id='word_1_151' title='bbox 1247 1250 1299 1281; x_wconf 89' lang='lat' dir='ltr'><strong>ed.</strong></span> <span class='ocrx_word' id='word_1_152' title='bbox 1318 1249 1437 1281; x_wconf 83' lang='lat' dir='ltr'><strong>Barth.</strong></span> <span class='ocrx_word' id='word_1_153' title='bbox 1464 1258 1514 1288; x_wconf 83' lang='lat' dir='ltr'><strong>pr.</strong></span> 
     </span>
     <span class='ocr_line' id='line_1_21' title="bbox 49 1292 1515 1335; baseline -0.001 -12"><span class='ocrx_word' id='word_1_154' title='bbox 49 1295 154 1323; x_wconf 48' lang='lat'><strong>*392</strong></span> <span class='ocrx_word' id='word_1_155' title='bbox 176 1294 317 1332; x_wconf 75' lang='lat' dir='ltr'><strong>pervenit</strong></span> <span class='ocrx_word' id='word_1_156' title='bbox 333 1293 453 1325; x_wconf 87' lang='lat' dir='ltr'><strong>Ambr.</strong></span> <span class='ocrx_word' id='word_1_157' title='bbox 478 1299 556 1326; x_wconf 82' lang='lat' dir='ltr'><strong>tert.</strong></span> <span class='ocrx_word' id='word_1_158' title='bbox 576 1298 758 1335; x_wconf 69' lang='lat' dir='ltr'><strong>perventum</strong></span> <span class='ocrx_word' id='word_1_159' title='bbox 786 1294 937 1325; x_wconf 74' lang='lat' dir='ltr'><strong>Florem.</strong></span> <span class='ocrx_word' id='word_1_160' title='bbox 968 1294 1035 1324; x_wconf 87' lang='lat' dir='ltr'><strong>duo</strong></span> <span class='ocrx_word' id='word_1_161' title='bbox 1066 1293 1161 1325; x_wconf 80' lang='lat' dir='ltr'><strong>Med.</strong></span> <span class='ocrx_word' id='word_1_162' title='bbox 1186 1294 1251 1324; x_wconf 86' lang='lat' dir='ltr'><strong>duo</strong></span> <span class='ocrx_word' id='word_1_163' title='bbox 1282 1293 1402 1323; x_wconf 77' lang='lat' dir='ltr'><strong>Heius.</strong></span> <span class='ocrx_word' id='word_1_164' title='bbox 1434 1292 1515 1323; x_wconf 81' lang='lat' dir='ltr'><strong>Put.</strong></span> 
     </span>
     <span class='ocr_line' id='line_1_22' title="bbox 49 1333 1514 1376; baseline 0 -12"><span class='ocrx_word' id='word_1_165' title='bbox 49 1334 180 1365; x_wconf 79' lang='lat' dir='ltr'><strong>Tholos.</strong></span> <span class='ocrx_word' id='word_1_166' title='bbox 195 1336 320 1366; x_wconf 77' lang='lat' dir='ltr'><strong>Moret.</strong></span> <span class='ocrx_word' id='word_1_167' title='bbox 335 1346 386 1376; x_wconf 84' lang='lat' dir='ltr'><strong>pr.</strong></span> <span class='ocrx_word' id='word_1_168' title='bbox 400 1338 481 1368; x_wconf 87' lang='lat' dir='ltr'><strong>Jun.</strong></span> <span class='ocrx_word' id='word_1_169' title='bbox 497 1348 564 1368; x_wconf 80' lang='lat' dir='ltr'><strong>sec.</strong></span> <span class='ocrx_word' id='word_1_170' title='bbox 583 1337 649 1367; x_wconf 92' lang='lat' dir='ltr'><strong>duo</strong></span> <span class='ocrx_word' id='word_1_171' title='bbox 666 1337 777 1367; x_wconf 75' lang='lat' dir='ltr'><strong>Oxou.</strong></span> <span class='ocrx_word' id='word_1_172' title='bbox 790 1341 860 1368; x_wconf 87' lang='lat' dir='ltr'><strong>tres</strong></span> <span class='ocrx_word' id='word_1_173' title='bbox 879 1337 998 1368; x_wconf 80' lang='lat' dir='ltr'><strong>Petav.</strong></span> <span class='ocrx_word' id='word_1_174' title='bbox 1014 1337 1100 1367; x_wconf 75' lang='lat' dir='ltr'><strong>Exc.</strong></span> <span class='ocrx_word' id='word_1_175' title='bbox 1119 1336 1242 1366; x_wconf 85' lang='lat' dir='ltr'><strong>Petav.</strong></span> <span class='ocrx_word' id='word_1_176' title='bbox 1258 1340 1369 1376; x_wconf 87' lang='lat' dir='ltr'><strong>quart.</strong></span> <span class='ocrx_word' id='word_1_177' title='bbox 1388 1339 1424 1366; x_wconf 84' lang='lat' dir='ltr'><strong>ct</strong></span> <span class='ocrx_word' id='word_1_178' title='bbox 1436 1333 1514 1365; x_wconf 83' lang='lat' dir='ltr'><strong>Ald.</strong></span> 
     </span>
     <span class='ocr_line' id='line_1_23' title="bbox 46 1377 1514 1418; baseline -0.001 -10"><span class='ocrx_word' id='word_1_179' title='bbox 46 1381 226 1416; x_wconf 73' lang='lat' dir='ltr'><strong>perventum</strong></span> <span class='ocrx_word' id='word_1_180' title='bbox 241 1382 285 1408; x_wconf 78' lang='lat' dir='ltr'><strong>ese</strong></span> <span class='ocrx_word' id='word_1_181' title='bbox 303 1378 369 1408; x_wconf 90' lang='lat' dir='ltr'><strong>duo</strong></span> <span class='ocrx_word' id='word_1_182' title='bbox 386 1380 482 1410; x_wconf 81' lang='lat' dir='ltr'><strong>Vatt.</strong></span> <span class='ocrx_word' id='word_1_183' title='bbox 493 1384 527 1409; x_wconf 82' lang='lat' dir='ltr'><strong>et</strong></span> <span class='ocrx_word' id='word_1_184' title='bbox 543 1380 584 1409; x_wconf 85' lang='grc' dir='ltr'><strong>Α.</strong></span> <span class='ocrx_word' id='word_1_185' title='bbox 600 1380 683 1418; x_wconf 82' lang='lat' dir='ltr'><strong>Reg.</strong></span> <span class='ocrx_word' id='word_1_186' title='bbox 702 1380 833 1410; x_wconf 84' lang='lat' dir='ltr'><strong>Bonon.</strong></span> <span class='ocrx_word' id='word_1_187' title='bbox 850 1379 916 1410; x_wconf 87' lang='lat' dir='ltr'><strong>duo</strong></span> <span class='ocrx_word' id='word_1_188' title='bbox 934 1381 1032 1410; x_wconf 63' lang='lat' dir='ltr'><strong>Voss.</strong></span> <span class='ocrx_word' id='word_1_189' title='bbox 1049 1382 1092 1409; x_wconf 84' lang='lat' dir='ltr'><strong>est</strong></span> <span class='ocrx_word' id='word_1_190' title='bbox 1106 1383 1287 1418; x_wconf 68' lang='lat' dir='ltr'><strong>perventum</strong></span> <span class='ocrx_word' id='word_1_191' title='bbox 1303 1377 1382 1408; x_wconf 89' lang='lat' dir='ltr'><strong>edd.</strong></span> <span class='ocrx_word' id='word_1_192' title='bbox 1399 1377 1514 1407; x_wconf 86' lang='lat' dir='ltr'><strong>Vicet.</strong></span> 
     </span>
     <span class='ocr_line' id='line_1_24' title="bbox 51 1419 1515 1461; baseline 0.001 -12"><span class='ocrx_word' id='word_1_193' title='bbox 51 1419 164 1450; x_wconf 87' lang='lat' dir='ltr'><strong>Parm.</strong></span> <span class='ocrx_word' id='word_1_194' title='bbox 183 1420 305 1459; x_wconf 78' lang='lat' dir='ltr'><strong>lsingr.</strong></span> <span class='ocrx_word' id='word_1_195' title='bbox 322 1420 441 1450; x_wconf 82' lang='lat' dir='ltr'><strong>Barth.</strong></span> <span class='ocrx_word' id='word_1_196' title='bbox 470 1426 504 1450; x_wconf 86' lang='lat' dir='ltr'><strong>ct</strong></span> <span class='ocrx_word' id='word_1_197' title='bbox 522 1422 565 1451; x_wconf 83' lang='lat' dir='ltr'><strong>al.</strong></span> <span class='ocrx_word' id='word_1_198' title='bbox 580 1420 738 1456; x_wconf 69' lang='lat' dir='ltr'><strong>ferventis</strong></span> <span class='ocrx_word' id='word_1_199' title='bbox 755 1422 906 1452; x_wconf 81' lang='lat' dir='ltr'><strong>Florent.</strong></span> <span class='ocrx_word' id='word_1_200' title='bbox 933 1422 998 1451; x_wconf 82' lang='lat' dir='ltr'><strong>inc.</strong></span> <span class='ocrx_word' id='word_1_201' title='bbox 1024 1421 1143 1451; x_wconf 79' lang='lat' dir='ltr'><strong>Heins.</strong></span> <span class='ocrx_word' id='word_1_202' title='bbox 1158 1420 1335 1461; x_wconf 76' lang='lat' dir='ltr'><strong>flagrantis</strong></span> <span class='ocrx_word' id='word_1_203' title='bbox 1350 1420 1430 1451; x_wconf 88' lang='lat' dir='ltr'><strong>Put.</strong></span> <span class='ocrx_word' id='word_1_204' title='bbox 1450 1419 1515 1450; x_wconf 84' lang='lat' dir='ltr'><strong>Pe-</strong></span> 
     </span>
     <span class='ocr_line' id='line_1_25' title="bbox 51 1461 1514 1503; baseline 0 -12"><span class='ocrx_word' id='word_1_205' title='bbox 51 1468 118 1492; x_wconf 78' lang='lat' dir='ltr'><strong>tav.</strong></span> <span class='ocrx_word' id='word_1_206' title='bbox 136 1471 202 1492; x_wconf 87' lang='lat' dir='ltr'><strong>sec.</strong></span> <span class='ocrx_word' id='word_1_207' title='bbox 221 1463 352 1492; x_wconf 87' lang='lat' dir='ltr'><strong>Bonon.</strong></span> <span class='ocrx_word' id='word_1_208' title='bbox 370 1463 503 1493; x_wconf 65' lang='grc' dir='ltr'>ΤΙιοΙοε.</span> <span class='ocrx_word' id='word_1_209' title='bbox 523 1463 640 1492; x_wconf 69' lang='lat' dir='ltr'><strong>Anibr.</strong></span> <span class='ocrx_word' id='word_1_210' title='bbox 661 1468 741 1493; x_wconf 79' lang='lat' dir='ltr'><strong>tert.</strong></span> <span class='ocrx_word' id='word_1_211' title='bbox 760 1464 843 1493; x_wconf 73' lang='lat' dir='ltr'>Exn.</span> <span class='ocrx_word' id='word_1_212' title='bbox 864 1464 985 1493; x_wconf 84' lang='lat' dir='ltr'><strong>l&#39;etav.</strong></span> <span class='ocrx_word' id='word_1_213' title='bbox 1004 1467 1113 1503; x_wconf 87' lang='lat' dir='ltr'><strong>quart.</strong></span> <span class='ocrx_word' id='word_1_214' title='bbox 1130 1462 1286 1500; x_wconf 65' lang='lat' dir='ltr'><strong>ferventis</strong></span> <span class='ocrx_word' id='word_1_215' title='bbox 1299 1463 1339 1492; x_wconf 81' lang='lat' dir='ltr'><strong>ad</strong></span> <span class='ocrx_word' id='word_1_216' title='bbox 1361 1471 1415 1491; x_wconf 84' lang='lat' dir='ltr'><strong>oru</strong></span> <span class='ocrx_word' id='word_1_217' title='bbox 1431 1461 1514 1492; x_wconf 80' lang='lat' dir='ltr'><strong>Var.</strong></span> 
     </span>
     <span class='ocr_line' id='line_1_26' title="bbox 51 1503 1515 1542; baseline 0.001 -9"><span class='ocrx_word' id='word_1_218' title='bbox 51 1504 120 1534; x_wconf 92' lang='lat' dir='ltr'><strong>LL.</strong></span> <span class='ocrx_word' id='word_1_219' title='bbox 140 1514 157 1533; x_wconf 82' lang='lat' dir='ltr'><strong>e</strong></span> <span class='ocrx_word' id='word_1_220' title='bbox 172 1513 276 1542; x_wconf 80' lang='lat' dir='ltr'><strong>marg.</strong></span> <span class='ocrx_word' id='word_1_221' title='bbox 293 1504 408 1534; x_wconf 78' lang='lat' dir='ltr'><strong>Parin.</strong></span> <span class='ocrx_word' id='word_1_222' title='bbox 433 1506 472 1534; x_wconf 83' lang='lat' dir='ltr'><strong>ad</strong></span> <span class='ocrx_word' id='word_1_223' title='bbox 488 1515 572 1534; x_wconf 79' lang='lat' dir='ltr'><strong>oram</strong></span> <span class='ocrx_word' id='word_1_224' title='bbox 590 1504 674 1535; x_wconf 75' lang='lat' dir='ltr'><strong>eod.</strong></span> <span class='ocrx_word' id='word_1_225' title='bbox 692 1505 881 1534; x_wconf 72' lang='lat' dir='ltr'><strong>Bai-monn.</strong></span> <span class='ocrx_word' id='word_1_226' title='bbox 905 1507 944 1535; x_wconf 77' lang='lat' dir='ltr'><strong>mi</strong></span> <span class='ocrx_word' id='word_1_227' title='bbox 957 1515 1011 1534; x_wconf 83' lang='lat' dir='ltr'><strong>ora</strong></span> <span class='ocrx_word' id='word_1_228' title='bbox 1027 1506 1297 1536; x_wconf 57' lang='lat' dir='ltr'><strong>summm—393</strong></span> <span class='ocrx_word' id='word_1_229' title='bbox 1323 1513 1430 1534; x_wconf 69' lang='lat' dir='ltr'><strong>aversa</strong></span> <span class='ocrx_word' id='word_1_230' title='bbox 1447 1503 1515 1534; x_wconf 86' lang='lat' dir='ltr'><strong>duo</strong></span> 
     </span>
     <span class='ocr_line' id='line_1_27' title="bbox 50 1546 1514 1587; baseline 0 -11"><span class='ocrx_word' id='word_1_231' title='bbox 50 1546 146 1576; x_wconf 69' lang='lat' dir='ltr'><strong>vati.</strong></span> <span class='ocrx_word' id='word_1_232' title='bbox 164 1552 199 1576; x_wconf 84' lang='lat' dir='ltr'><em>et</em></span> <span class='ocrx_word' id='word_1_233' title='bbox 226 1546 268 1576; x_wconf 82' lang='grc' dir='ltr'><strong>Α.</strong></span> <span class='ocrx_word' id='word_1_234' title='bbox 296 1547 377 1576; x_wconf 84' lang='lat' dir='ltr'><strong>Cod.</strong></span> <span class='ocrx_word' id='word_1_235' title='bbox 395 1546 585 1577; x_wconf 82' lang='lat' dir='ltr'><strong>Barthoiin.</strong></span> <span class='ocrx_word' id='word_1_236' title='bbox 608 1548 737 1577; x_wconf 71' lang='lat' dir='ltr'><strong>adi-ersa</strong></span> <span class='ocrx_word' id='word_1_237' title='bbox 758 1548 838 1577; x_wconf 68' lang='lat' dir='ltr'><strong>Vat.</strong></span> <span class='ocrx_word' id='word_1_238' title='bbox 858 1547 967 1587; x_wconf 87' lang='lat' dir='ltr'><strong>quint.</strong></span> <span class='ocrx_word' id='word_1_239' title='bbox 992 1547 1057 1577; x_wconf 92' lang='lat' dir='ltr'><strong>inc.</strong></span> <span class='ocrx_word' id='word_1_240' title='bbox 1079 1547 1198 1577; x_wconf 84' lang='lat' dir='ltr'><strong>Heins.</strong></span> <span class='ocrx_word' id='word_1_241' title='bbox 1218 1548 1295 1577; x_wconf 79' lang='lat' dir='ltr'><strong>l‘ut.</strong></span> <span class='ocrx_word' id='word_1_242' title='bbox 1318 1547 1437 1576; x_wconf 71' lang='lat' dir='ltr'><strong>l&#39;etav.</strong></span> <span class='ocrx_word' id='word_1_243' title='bbox 1463 1555 1514 1586; x_wconf 88' lang='lat' dir='ltr'><strong>pr.</strong></span> 
     </span>
     <span class='ocr_line' id='line_1_28' title="bbox 53 1588 1516 1628; baseline -0.001 -9"><span class='ocrx_word' id='word_1_244' title='bbox 53 1588 167 1619; x_wconf 82' lang='lat' dir='ltr'><strong>Oxon.</strong></span> <span class='ocrx_word' id='word_1_245' title='bbox 186 1598 236 1626; x_wconf 83' lang='lat' dir='ltr'><strong>pr.</strong></span> <span class='ocrx_word' id='word_1_246' title='bbox 257 1588 353 1620; x_wconf 84' lang='lat' dir='ltr'><strong>Voss.</strong></span> <span class='ocrx_word' id='word_1_247' title='bbox 379 1599 446 1619; x_wconf 84' lang='lat' dir='ltr'><strong>sec.</strong></span> <span class='ocrx_word' id='word_1_248' title='bbox 473 1589 593 1619; x_wconf 82' lang='lat' dir='ltr'><strong>Ambr.</strong></span> <span class='ocrx_word' id='word_1_249' title='bbox 613 1594 691 1619; x_wconf 88' lang='lat' dir='ltr'><strong>tert.</strong></span> <span class='ocrx_word' id='word_1_250' title='bbox 716 1589 782 1619; x_wconf 86' lang='lat' dir='ltr'><strong>duo</strong></span> <span class='ocrx_word' id='word_1_251' title='bbox 812 1589 894 1621; x_wconf 89' lang='lat' dir='ltr'><strong>Jun.</strong></span> <span class='ocrx_word' id='word_1_252' title='bbox 910 1589 1027 1627; x_wconf 77' lang='lat' dir='ltr'><strong>fronde</strong></span> <span class='ocrx_word' id='word_1_253' title='bbox 1043 1589 1156 1619; x_wconf 85' lang='lat' dir='ltr'><strong>Oxon.</strong></span> <span class='ocrx_word' id='word_1_254' title='bbox 1183 1597 1232 1628; x_wconf 86' lang='lat' dir='ltr'><strong>pr.</strong></span> <span class='ocrx_word' id='word_1_255' title='bbox 1259 1588 1375 1618; x_wconf 83' lang='lat' dir='ltr'><strong>Ambr.</strong></span> <span class='ocrx_word' id='word_1_256' title='bbox 1394 1592 1516 1618; x_wconf 84' lang='lat' dir='ltr'><strong>tert.—</strong></span> 
     </span>
     <span class='ocr_line' id='line_1_29' title="bbox 51 1630 1516 1671; baseline 0 -10"><span class='ocrx_word' id='word_1_257' title='bbox 51 1633 113 1661; x_wconf 72' lang='lat'><strong>394</strong></span> <span class='ocrx_word' id='word_1_258' title='bbox 139 1631 275 1662; x_wconf 81' lang='lat' dir='ltr'><em>incendit</em></span> <span class='ocrx_word' id='word_1_259' title='bbox 292 1632 389 1662; x_wconf 85' lang='lat' dir='ltr'><strong>Voss.</strong></span> <span class='ocrx_word' id='word_1_260' title='bbox 407 1635 582 1663; x_wconf 70' lang='lat' dir='ltr'><strong>sec—395</strong></span> <span class='ocrx_word' id='word_1_261' title='bbox 611 1631 724 1662; x_wconf 81' lang='lat' dir='ltr'><em>Traxit</em></span> <span class='ocrx_word' id='word_1_262' title='bbox 742 1640 801 1671; x_wconf 83' lang='lat' dir='ltr'><strong>pro</strong></span> <span class='ocrx_word' id='word_1_263' title='bbox 822 1631 915 1662; x_wconf 70' lang='lat' dir='ltr'><strong>Tea-it</strong></span> <span class='ocrx_word' id='word_1_264' title='bbox 931 1632 1012 1662; x_wconf 88' lang='lat' dir='ltr'><strong>Vat.</strong></span> <span class='ocrx_word' id='word_1_265' title='bbox 1032 1641 1100 1662; x_wconf 69' lang='lat' dir='ltr'><strong>sec.</strong></span> <span class='ocrx_word' id='word_1_266' title='bbox 1118 1630 1408 1661; x_wconf 75' lang='lat' dir='ltr'><strong>mzdantes...hiatus</strong></span> <span class='ocrx_word' id='word_1_267' title='bbox 1431 1631 1516 1661; x_wconf 82' lang='lat' dir='ltr'><strong>Exc.</strong></span> 
     </span>
     <span class='ocr_line' id='line_1_30' title="bbox 52 1673 1518 1715; baseline 0 -11"><span class='ocrx_word' id='word_1_268' title='bbox 52 1674 175 1705; x_wconf 84' lang='lat' dir='ltr'><strong>Petav.</strong></span> <span class='ocrx_word' id='word_1_269' title='bbox 193 1679 305 1715; x_wconf 82' lang='lat' dir='ltr'><strong>quart.</strong></span> <span class='ocrx_word' id='word_1_270' title='bbox 319 1674 462 1715; x_wconf 70' lang='lat' dir='ltr'><strong>flarnmis</strong></span> <span class='ocrx_word' id='word_1_271' title='bbox 489 1675 568 1705; x_wconf 68' lang='lat' dir='ltr'><strong>Yat.</strong></span> <span class='ocrx_word' id='word_1_272' title='bbox 600 1684 653 1714; x_wconf 87' lang='lat' dir='ltr'><strong>pr.</strong></span> <span class='ocrx_word' id='word_1_273' title='bbox 671 1675 749 1705; x_wconf 77' lang='lat' dir='ltr'><strong>Vat.</strong></span> <span class='ocrx_word' id='word_1_274' title='bbox 768 1674 877 1704; x_wconf 86' lang='lat' dir='ltr'><strong>Livin.</strong></span> <span class='ocrx_word' id='word_1_275' title='bbox 892 1674 1035 1714; x_wconf 82' lang='lat' dir='ltr'><strong>flammis</strong></span> <span class='ocrx_word' id='word_1_276' title='bbox 1063 1674 1116 1704; x_wconf 87' lang='lat' dir='ltr'><strong>vel</strong></span> <span class='ocrx_word' id='word_1_277' title='bbox 1133 1673 1335 1713; x_wconf 82' lang='lat' dir='ltr'><strong>flammarum</strong></span> <span class='ocrx_word' id='word_1_278' title='bbox 1353 1673 1431 1703; x_wconf 74' lang='lat' dir='ltr'><strong>Vat.</strong></span> <span class='ocrx_word' id='word_1_279' title='bbox 1448 1682 1518 1704; x_wconf 87' lang='lat' dir='ltr'><strong>sec.</strong></span> 
     </span>
     <span class='ocr_line' id='line_1_31' title="bbox 49 1715 1516 1756; baseline 0.001 -10"><span class='ocrx_word' id='word_1_280' title='bbox 49 1717 148 1747; x_wconf 83' lang='lat' dir='ltr'><strong>Voss.</strong></span> <span class='ocrx_word' id='word_1_281' title='bbox 166 1726 234 1747; x_wconf 88' lang='lat' dir='ltr'><strong>sec.</strong></span> <span class='ocrx_word' id='word_1_282' title='bbox 260 1717 378 1748; x_wconf 77' lang='lat' dir='ltr'><em>obtexit</em></span> <span class='ocrx_word' id='word_1_283' title='bbox 395 1717 525 1748; x_wconf 91' lang='lat' dir='ltr'><strong>Bonon.</strong></span> <span class='ocrx_word' id='word_1_284' title='bbox 549 1717 689 1747; x_wconf 85' lang='lat' dir='ltr'><strong>obtrudit</strong></span> <span class='ocrx_word' id='word_1_285' title='bbox 709 1717 760 1747; x_wconf 86' lang='lat' dir='ltr'><strong>vel</strong></span> <span class='ocrx_word' id='word_1_286' title='bbox 784 1717 942 1747; x_wconf 70' lang='lat' dir='ltr'><strong>obstruxit</strong></span> <span class='ocrx_word' id='word_1_287' title='bbox 959 1717 1044 1756; x_wconf 85' lang='lat' dir='ltr'><strong>Reg.</strong></span> <span class='ocrx_word' id='word_1_288' title='bbox 1062 1715 1174 1746; x_wconf 74' lang='lat' dir='ltr'><strong>oxon.</strong></span> <span class='ocrx_word' id='word_1_289' title='bbox 1192 1725 1245 1756; x_wconf 86' lang='lat' dir='ltr'><strong>pr.</strong></span> <span class='ocrx_word' id='word_1_290' title='bbox 1267 1715 1435 1745; x_wconf 69' lang='lat' dir='ltr'><strong>obstrinxit</strong></span> <span class='ocrx_word' id='word_1_291' title='bbox 1452 1715 1516 1747; x_wconf 87' lang='lat' dir='ltr'><strong>inc.</strong></span> 
     </span>
     <span class='ocr_line' id='line_1_32' title="bbox 53 1757 1516 1800; baseline -0.001 -11"><span class='ocrx_word' id='word_1_292' title='bbox 53 1758 284 1790; x_wconf 80' lang='lat' dir='ltr'><strong>Heins.—-396</strong></span> <span class='ocrx_word' id='word_1_293' title='bbox 308 1770 392 1790; x_wconf 81' lang='lat' dir='ltr'><strong>mons</strong></span> <span class='ocrx_word' id='word_1_294' title='bbox 410 1760 529 1790; x_wconf 81' lang='lat' dir='ltr'><strong>Petav.</strong></span> <span class='ocrx_word' id='word_1_295' title='bbox 549 1770 614 1790; x_wconf 77' lang='lat' dir='ltr'><strong>sec.</strong></span> <span class='ocrx_word' id='word_1_296' title='bbox 638 1770 710 1790; x_wconf 78' lang='lat' dir='ltr'><strong>mox</strong></span> <span class='ocrx_word' id='word_1_297' title='bbox 729 1760 810 1790; x_wconf 70' lang='lat' dir='ltr'><strong>vat.</strong></span> <span class='ocrx_word' id='word_1_298' title='bbox 823 1765 932 1800; x_wconf 87' lang='lat' dir='ltr'><strong>quart.</strong></span> <span class='ocrx_word' id='word_1_299' title='bbox 945 1764 981 1790; x_wconf 89' lang='lat' dir='ltr'><em>et</em></span> <span class='ocrx_word' id='word_1_300' title='bbox 998 1759 1030 1789; x_wconf 95' lang='lat' dir='ltr'><strong>d.</strong></span> <span class='ocrx_word' id='word_1_301' title='bbox 1048 1759 1200 1789; x_wconf 85' lang='lat' dir='ltr'><strong>Florent.</strong></span> <span class='ocrx_word' id='word_1_302' title='bbox 1218 1758 1283 1789; x_wconf 84' lang='lat' dir='ltr'><strong>inc.</strong></span> <span class='ocrx_word' id='word_1_303' title='bbox 1302 1758 1419 1788; x_wconf 78' lang='lat' dir='ltr'><strong>Heius.</strong></span> <span class='ocrx_word' id='word_1_304' title='bbox 1436 1757 1516 1788; x_wconf 88' lang='lat' dir='ltr'><strong>Put.</strong></span> 
     </span>
    </p>
   </div>
   <div class='ocr_carea' id='block_1_8' title="bbox 52 1801 1574 1842">
    <p class='ocr_par' dir='ltr' id='par_1_9' title="bbox 52 1801 1574 1842">
     <span class='ocr_line' id='line_1_33' title="bbox 52 1801 1574 1842; baseline -0.001 -9"><span class='ocrx_word' id='word_1_305' title='bbox 52 1801 141 1841; x_wconf 85' lang='lat' dir='ltr'><strong>Reg.</strong></span> <span class='ocrx_word' id='word_1_306' title='bbox 159 1802 226 1832; x_wconf 89' lang='lat' dir='ltr'><strong>dno</strong></span> <span class='ocrx_word' id='word_1_307' title='bbox 243 1802 365 1833; x_wconf 83' lang='lat' dir='ltr'><strong>Petav.</strong></span> <span class='ocrx_word' id='word_1_308' title='bbox 383 1803 480 1834; x_wconf 70' lang='lat' dir='ltr'><strong>Voss.</strong></span> <span class='ocrx_word' id='word_1_309' title='bbox 498 1812 549 1842; x_wconf 82' lang='lat' dir='ltr'><strong>pr.</strong></span> <span class='ocrx_word' id='word_1_310' title='bbox 568 1803 634 1833; x_wconf 85' lang='lat' dir='ltr'><strong>dno</strong></span> <span class='ocrx_word' id='word_1_311' title='bbox 652 1802 732 1834; x_wconf 87' lang='lat' dir='ltr'><strong>Jnn.</strong></span> <span class='ocrx_word' id='word_1_312' title='bbox 750 1803 833 1833; x_wconf 80' lang='lat' dir='ltr'><strong>Exc.</strong></span> <span class='ocrx_word' id='word_1_313' title='bbox 851 1803 972 1833; x_wconf 87' lang='lat' dir='ltr'><strong>Petav.</strong></span> <span class='ocrx_word' id='word_1_314' title='bbox 991 1806 1102 1842; x_wconf 84' lang='lat' dir='ltr'><strong>quart.</strong></span> <span class='ocrx_word' id='word_1_315' title='bbox 1125 1804 1212 1831; x_wconf 84' lang='lat' dir='ltr'><strong>sonat</strong></span> <span class='ocrx_word' id='word_1_316' title='bbox 1243 1801 1314 1831; x_wconf 79' lang='lat' dir='ltr'><strong>Pal.</strong></span> <span class='ocrx_word' id='word_1_317' title='bbox 1343 1801 1435 1831; x_wconf 82' lang='lat' dir='ltr'>Med.</span> <span class='ocrx_word' id='word_1_318' title='bbox 1463 1810 1515 1840; x_wconf 81' lang='lat' dir='ltr'><strong>pr.</strong></span> <span class='ocrx_word' id='word_1_319' title='bbox 1571 1810 1574 1813; x_wconf 71' lang='grc'><strong><em>’</em></strong></span> 
     </span>
    </p>
   </div>
   <div class='ocr_carea' id='block_1_9' title="bbox 52 1842 1519 1972">
    <p class='ocr_par' dir='ltr' id='par_1_10' title="bbox 52 1842 1519 1972">
     <span class='ocr_line' id='line_1_34' title="bbox 52 1842 1518 1885; baseline 0.001 -11"><span class='ocrx_word' id='word_1_320' title='bbox 52 1843 132 1875; x_wconf 86' lang='lat' dir='ltr'><strong>Jun.</strong></span> <span class='ocrx_word' id='word_1_321' title='bbox 149 1854 198 1884; x_wconf 85' lang='lat' dir='ltr'><strong>pr.</strong></span> <span class='ocrx_word' id='word_1_322' title='bbox 216 1855 260 1875; x_wconf 90' lang='lat' dir='ltr'><strong>m.</strong></span> <span class='ocrx_word' id='word_1_323' title='bbox 278 1855 345 1876; x_wconf 87' lang='lat' dir='ltr'><strong>sec.</strong></span> <span class='ocrx_word' id='word_1_324' title='bbox 363 1844 481 1876; x_wconf 84' lang='lat' dir='ltr'><strong>Ainbr.</strong></span> <span class='ocrx_word' id='word_1_325' title='bbox 500 1851 579 1875; x_wconf 82' lang='lat' dir='ltr'><strong>tcrt.</strong></span> <span class='ocrx_word' id='word_1_326' title='bbox 607 1845 726 1876; x_wconf 79' lang='lat' dir='ltr'><strong>Heius.</strong></span> <span class='ocrx_word' id='word_1_327' title='bbox 756 1845 965 1885; x_wconf 81' lang='lat' dir='ltr'><strong>ascripserat</strong></span> <span class='ocrx_word' id='word_1_328' title='bbox 989 1845 1100 1875; x_wconf 80' lang='lat' dir='ltr'><strong>locuni</strong></span> <span class='ocrx_word' id='word_1_329' title='bbox 1118 1844 1232 1874; x_wconf 85' lang='lat' dir='ltr'><strong>Valer.</strong></span> <span class='ocrx_word' id='word_1_330' title='bbox 1250 1844 1365 1874; x_wconf 81' lang='lat' dir='ltr'><strong>Flacc.</strong></span> <span class='ocrx_word' id='word_1_331' title='bbox 1393 1842 1450 1873; x_wconf 91' lang='lat' dir='ltr'><strong>lib.</strong></span> <span class='ocrx_word' id='word_1_332' title='bbox 1468 1851 1518 1875; x_wconf 83' lang='lat' dir='ltr'><strong>lv.</strong></span> 
     </span>
     <span class='ocr_line' id='line_1_35' title="bbox 55 1884 1519 1928; baseline 0 -12"><span class='ocrx_word' id='word_1_333' title='bbox 55 1896 102 1917; x_wconf 91' lang='lat' dir='ltr'><strong>vs.</strong></span> <span class='ocrx_word' id='word_1_334' title='bbox 119 1889 191 1918; x_wconf 89' lang='grc'><strong>508.</strong></span> <span class='ocrx_word' id='word_1_335' title='bbox 215 1889 224 1904; x_wconf 80' lang='lat'><strong><em>⁴</em></strong></span> <span class='ocrx_word' id='word_1_336' title='bbox 244 1887 298 1918; x_wconf 87' lang='lat' dir='ltr'><strong>Sic</strong></span> <span class='ocrx_word' id='word_1_337' title='bbox 316 1887 373 1919; x_wconf 85' lang='lat' dir='ltr'><strong>ubi</strong></span> <span class='ocrx_word' id='word_1_338' title='bbox 391 1888 550 1928; x_wconf 84' lang='lat' dir='ltr'><strong>prorupti</strong></span> <span class='ocrx_word' id='word_1_339' title='bbox 570 1888 680 1919; x_wconf 85' lang='lat' dir='ltr'><strong>tonuit</strong></span> <span class='ocrx_word' id='word_1_340' title='bbox 698 1898 773 1919; x_wconf 83' lang='lat' dir='ltr'><strong>cuin</strong></span> <span class='ocrx_word' id='word_1_341' title='bbox 790 1887 879 1919; x_wconf 80' lang='lat' dir='ltr'><strong>forte</strong></span> <span class='ocrx_word' id='word_1_342' title='bbox 893 1887 1020 1918; x_wconf 83' lang='lat' dir='ltr'><strong>Vesevi</strong></span> <span class='ocrx_word' id='word_1_343' title='bbox 1037 1887 1219 1927; x_wconf 65' lang='lat' dir='ltr'><strong>Hesperiae</strong></span> <span class='ocrx_word' id='word_1_344' title='bbox 1238 1886 1347 1916; x_wconf 77' lang='lat' dir='ltr'><strong>letalis</strong></span> <span class='ocrx_word' id='word_1_345' title='bbox 1363 1884 1519 1926; x_wconf 83' lang='lat' dir='ltr'><strong>apex.’—-</strong></span> 
     </span>
     <span class='ocr_line' id='line_1_36' title="bbox 54 1928 1519 1972; baseline 0 -12"><span class='ocrx_word' id='word_1_346' title='bbox 54 1931 116 1960; x_wconf 78' lang='lat'><strong>39⁷</strong></span> <span class='ocrx_word' id='word_1_347' title='bbox 141 1929 292 1969; x_wconf 62' lang='lat' dir='ltr'><strong>Mula-iser</strong></span> <span class='ocrx_word' id='word_1_348' title='bbox 307 1930 456 1962; x_wconf 83' lang='lat' dir='ltr'><strong>Florem.</strong></span> <span class='ocrx_word' id='word_1_349' title='bbox 475 1931 588 1962; x_wconf 83' lang='lat' dir='ltr'><strong>Oxou.</strong></span> <span class='ocrx_word' id='word_1_350' title='bbox 620 1940 671 1972; x_wconf 88' lang='lat' dir='ltr'><strong>pr.</strong></span> <span class='ocrx_word' id='word_1_351' title='bbox 695 1931 782 1962; x_wconf 75' lang='lat' dir='ltr'><strong>exire</strong></span> <span class='ocrx_word' id='word_1_352' title='bbox 810 1936 956 1971; x_wconf 80' lang='lat' dir='ltr'><strong>quatuor</strong></span> <span class='ocrx_word' id='word_1_353' title='bbox 981 1930 1079 1962; x_wconf 84' lang='lat' dir='ltr'><strong>Vatt.</strong></span> <span class='ocrx_word' id='word_1_354' title='bbox 1103 1929 1189 1961; x_wconf 88' lang='lat' dir='ltr'><strong>Cod.</strong></span> <span class='ocrx_word' id='word_1_355' title='bbox 1220 1928 1411 1960; x_wconf 81' lang='lat' dir='ltr'><strong>Barthoiin.</strong></span> <span class='ocrx_word' id='word_1_356' title='bbox 1438 1928 1519 1960; x_wconf 66' lang='lat' dir='ltr'><strong>Vat.</strong></span> 
     </span>
    </p>
   </div>
   <div class='ocr_carea' id='block_1_10' title="bbox 718 2055 856 2088">
    <p class='ocr_par' dir='ltr' id='par_1_11' title="bbox 718 2055 856 2088">
     <span class='ocr_line' id='line_1_37' title="bbox 718 2055 856 2088; baseline -0.007 0"><span class='ocrx_word' id='word_1_357' title='bbox 718 2055 856 2088; x_wconf 86' lang='lat' dir='ltr'><strong>NOTAE</strong></span> 
     </span>
    </p>
   </div>
   <div class='ocr_carea' id='block_1_11' title="bbox 56 2127 763 2712">
    <p class='ocr_par' dir='ltr' id='par_1_12' title="bbox 58 2127 761 2213">
     <span class='ocr_line' id='line_1_38' title="bbox 100 2127 761 2173; baseline 0.008 -15"><span class='ocrx_word' id='word_1_358' title='bbox 100 2127 226 2168; x_wconf 79' lang='lat' dir='ltr'><strong>Manes]</strong></span> <span class='ocrx_word' id='word_1_359' title='bbox 272 2128 368 2160; x_wconf 90' lang='lat' dir='ltr'><strong>Dant</strong></span> <span class='ocrx_word' id='word_1_360' title='bbox 398 2130 522 2170; x_wconf 70' lang='lat' dir='ltr'><strong>locum,</strong></span> <span class='ocrx_word' id='word_1_361' title='bbox 564 2131 761 2173; x_wconf 83' lang='lat' dir='ltr'><strong>ceduntque</strong></span> 
     </span>
     <span class='ocr_line' id='line_1_39' title="bbox 58 2177 761 2213; baseline 0.009 -6"><span class='ocrx_word' id='word_1_362' title='bbox 58 2182 147 2208; x_wconf 82' lang='lat' dir='ltr'><strong>metu</strong></span> <span class='ocrx_word' id='word_1_363' title='bbox 165 2177 290 2209; x_wconf 83' lang='lat' dir='ltr'><strong>Furiae.</strong></span> <span class='ocrx_word' id='word_1_364' title='bbox 328 2180 446 2210; x_wconf 75' lang='lat' dir='ltr'><strong>Manes</strong></span> <span class='ocrx_word' id='word_1_365' title='bbox 463 2186 539 2212; x_wconf 81' lang='lat' dir='ltr'><strong>sunt</strong></span> <span class='ocrx_word' id='word_1_366' title='bbox 567 2182 626 2212; x_wconf 92' lang='lat' dir='ltr'><strong>Dii</strong></span> <span class='ocrx_word' id='word_1_367' title='bbox 643 2181 761 2213; x_wconf 79' lang='lat' dir='ltr'><strong>Inferi.</strong></span> 
     </span>
    </p>

    <p class='ocr_par' dir='ltr' id='par_1_13' title="bbox 56 2228 763 2712">
     <span class='ocr_line' id='line_1_40' title="bbox 99 2228 761 2274; baseline 0.011 -17"><span class='ocrx_word' id='word_1_368' title='bbox 99 2230 160 2258; x_wconf 84' lang='lat'><strong>391</strong></span> <span class='ocrx_word' id='word_1_369' title='bbox 192 2228 307 2258; x_wconf 84' lang='lat' dir='ltr'><strong>Plenos</strong></span> <span class='ocrx_word' id='word_1_370' title='bbox 332 2231 451 2271; x_wconf 68' lang='lat' dir='ltr'><strong>excepit</strong></span> <span class='ocrx_word' id='word_1_371' title='bbox 473 2233 612 2272; x_wconf 77' lang='lat' dir='ltr'><strong>tampade</strong></span> <span class='ocrx_word' id='word_1_372' title='bbox 624 2233 761 2274; x_wconf 81' lang='lat' dir='ltr'><strong>fluctus]</strong></span> 
     </span>
     <span class='ocr_line' id='line_1_41' title="bbox 57 2277 762 2324; baseline 0.006 -14"><span class='ocrx_word' id='word_1_373' title='bbox 57 2277 98 2310; x_wconf 84' lang='lat' dir='ltr'><strong>ld</strong></span> <span class='ocrx_word' id='word_1_374' title='bbox 129 2282 193 2318; x_wconf 82' lang='lat' dir='ltr'><strong>est,</strong></span> <span class='ocrx_word' id='word_1_375' title='bbox 221 2280 341 2319; x_wconf 80' lang='lat' dir='ltr'><strong>plenas</strong></span> <span class='ocrx_word' id='word_1_376' title='bbox 368 2291 471 2322; x_wconf 85' lang='lat' dir='ltr'><strong>aquas</strong></span> <span class='ocrx_word' id='word_1_377' title='bbox 499 2283 588 2314; x_wconf 70' lang='lat' dir='ltr'><strong>taeda</strong></span> <span class='ocrx_word' id='word_1_378' title='bbox 615 2284 762 2324; x_wconf 75' lang='lat' dir='ltr'><strong>aceepit,</strong></span> 
     </span>
     <span class='ocr_line' id='line_1_42' title="bbox 59 2329 762 2374; baseline 0.006 -15"><span class='ocrx_word' id='word_1_379' title='bbox 59 2338 117 2359; x_wconf 86' lang='lat' dir='ltr'><strong>seu</strong></span> <span class='ocrx_word' id='word_1_380' title='bbox 140 2329 295 2359; x_wconf 71' lang='lat' dir='ltr'><strong>accendit</strong></span> <span class='ocrx_word' id='word_1_381' title='bbox 330 2331 434 2362; x_wconf 62' lang='lat' dir='ltr'><strong>raedas</strong></span> <span class='ocrx_word' id='word_1_382' title='bbox 469 2333 499 2362; x_wconf 87' lang='lat' dir='ltr'><strong>iu</strong></span> <span class='ocrx_word' id='word_1_383' title='bbox 530 2335 623 2374; x_wconf 82' lang='lat' dir='ltr'><strong>aquis</strong></span> <span class='ocrx_word' id='word_1_384' title='bbox 655 2335 762 2373; x_wconf 75' lang='lat' dir='ltr'><strong>plenis</strong></span> 
     </span>
     <span class='ocr_line' id='line_1_43' title="bbox 57 2380 763 2424; baseline 0.006 -13"><span class='ocrx_word' id='word_1_385' title='bbox 57 2380 318 2420; x_wconf 76' lang='lat' dir='ltr'><strong>Phlegethontis</strong></span> <span class='ocrx_word' id='word_1_386' title='bbox 335 2381 441 2421; x_wconf 86' lang='lat' dir='ltr'><strong>fluvii,</strong></span> <span class='ocrx_word' id='word_1_387' title='bbox 455 2384 510 2424; x_wconf 88' lang='lat' dir='ltr'><strong>qui</strong></span> <span class='ocrx_word' id='word_1_388' title='bbox 528 2382 677 2415; x_wconf 86' lang='lat' dir='ltr'><strong>flammas</strong></span> <span class='ocrx_word' id='word_1_389' title='bbox 696 2385 763 2415; x_wconf 79' lang='lat' dir='ltr'><strong>vol-</strong></span> 
     </span>
     <span class='ocr_line' id='line_1_44' title="bbox 58 2430 761 2475; baseline 0.009 -15"><span class='ocrx_word' id='word_1_390' title='bbox 58 2430 128 2461; x_wconf 86' lang='lat' dir='ltr'><strong>vit:</strong></span> <span class='ocrx_word' id='word_1_391' title='bbox 153 2430 308 2470; x_wconf 74' lang='grc' dir='ltr'><strong>φλεγέθω,</strong></span> <span class='ocrx_word' id='word_1_392' title='bbox 325 2434 436 2468; x_wconf 78' lang='lat' dir='ltr'><strong>ardeo,-</strong></span> <span class='ocrx_word' id='word_1_393' title='bbox 461 2436 539 2475; x_wconf 81' lang='lat' dir='ltr'><strong>quia</strong></span> <span class='ocrx_word' id='word_1_394' title='bbox 564 2436 617 2465; x_wconf 82' lang='lat' dir='ltr'><strong>hic</strong></span> <span class='ocrx_word' id='word_1_395' title='bbox 633 2440 685 2466; x_wconf 83' lang='lat' dir='ltr'><strong>est</strong></span> <span class='ocrx_word' id='word_1_396' title='bbox 702 2434 761 2466; x_wconf 86' lang='lat' dir='ltr'><strong>flu-</strong></span> 
     </span>
     <span class='ocr_line' id='line_1_45' title="bbox 56 2478 762 2526; baseline 0.007 -15"><span class='ocrx_word' id='word_1_397' title='bbox 56 2478 130 2512; x_wconf 87' lang='lat' dir='ltr'><strong>vius</strong></span> <span class='ocrx_word' id='word_1_398' title='bbox 147 2481 242 2518; x_wconf 64' lang='lat' dir='ltr'><strong>ignis.</strong></span> <span class='ocrx_word' id='word_1_399' title='bbox 279 2484 365 2513; x_wconf 82' lang='lat' dir='ltr'><strong>Sunt</strong></span> <span class='ocrx_word' id='word_1_400' title='bbox 381 2482 505 2524; x_wconf 82' lang='lat' dir='ltr'><strong>fontes,</strong></span> <span class='ocrx_word' id='word_1_401' title='bbox 518 2486 574 2526; x_wconf 85' lang='lat' dir='ltr'><strong>qui</strong></span> <span class='ocrx_word' id='word_1_402' title='bbox 589 2486 762 2526; x_wconf 79' lang='lat' dir='ltr'><strong>lampadas</strong></span> 
     </span>
     <span class='ocr_line' id='line_1_46' title="bbox 57 2531 763 2575; baseline 0.01 -15"><span class='ocrx_word' id='word_1_403' title='bbox 57 2531 209 2562; x_wconf 69' lang='lat' dir='ltr'><strong>admotas</strong></span> <span class='ocrx_word' id='word_1_404' title='bbox 241 2534 444 2566; x_wconf 84' lang='lat' dir='ltr'><strong>accendunt.</strong></span> <span class='ocrx_word' id='word_1_405' title='bbox 491 2538 524 2566; x_wconf 66' lang='lat' dir='ltr'><strong>S.</strong></span> <span class='ocrx_word' id='word_1_406' title='bbox 552 2535 763 2575; x_wconf 63' lang='lat' dir='ltr'><strong>Augustinus</strong></span> 
     </span>
     <span class='ocr_line' id='line_1_47' title="bbox 58 2580 763 2624; baseline 0.009 -13"><span class='ocrx_word' id='word_1_407' title='bbox 58 2580 102 2612; x_wconf 87' lang='lat' dir='ltr'><strong>de</strong></span> <span class='ocrx_word' id='word_1_408' title='bbox 125 2580 219 2612; x_wconf 80' lang='lat' dir='ltr'><strong>fonte.</strong></span> <span class='ocrx_word' id='word_1_409' title='bbox 237 2582 500 2624; x_wconf 76' lang='lat' dir='ltr'><strong>Garamantic03</strong></span> <span class='ocrx_word' id='word_1_410' title='bbox 539 2588 548 2603; x_wconf 91' lang='lat'>‘</span> <span class='ocrx_word' id='word_1_411' title='bbox 562 2587 588 2617; x_wconf 72' lang='lat'><strong>1³</strong></span> <span class='ocrx_word' id='word_1_412' title='bbox 600 2596 683 2617; x_wconf 51' lang='lat' dir='ltr'><strong>acciu</strong></span> <span class='ocrx_word' id='word_1_413' title='bbox 703 2587 763 2617; x_wconf 81' lang='lat' dir='ltr'><strong>rni-</strong></span> 
     </span>
     <span class='ocr_line' id='line_1_48' title="bbox 61 2631 763 2675; baseline 0.01 -14"><span class='ocrx_word' id='word_1_414' title='bbox 61 2631 215 2662; x_wconf 78' lang='lat' dir='ltr'><strong>rabiliter</strong></span> <span class='ocrx_word' id='word_1_415' title='bbox 239 2633 327 2664; x_wconf 79' lang='lat' dir='ltr'><strong>idern</strong></span> <span class='ocrx_word' id='word_1_416' title='bbox 355 2635 428 2675; x_wconf 85' lang='lat' dir='ltr'><strong>ipse</strong></span> <span class='ocrx_word' id='word_1_417' title='bbox 453 2636 610 2668; x_wconf 84' lang='lat' dir='ltr'><strong>accendit</strong></span> <span class='ocrx_word' id='word_1_418' title='bbox 634 2637 763 2668; x_wconf 80' lang='lat' dir='ltr'><strong>extinc-</strong></span> 
     </span>
     <span class='ocr_line' id='line_1_49' title="bbox 62 2681 155 2712; baseline 0 0"><span class='ocrx_word' id='word_1_419' title='bbox 62 2681 155 2712; x_wconf 83' lang='lat' dir='ltr'><strong>tam.&#39;</strong></span> 
     </span>
    </p>
   </div>
   <div class='ocr_carea' id='block_1_12' title="bbox 105 2732 761 2778">
    <p class='ocr_par' dir='ltr' id='par_1_14' title="bbox 105 2732 761 2778">
     <span class='ocr_line' id='line_1_50' title="bbox 105 2732 761 2778; baseline 0.011 -16"><span class='ocrx_word' id='word_1_420' title='bbox 105 2733 167 2763; x_wconf 79' lang='lat'><strong>892</strong></span> <span class='ocrx_word' id='word_1_421' title='bbox 190 2732 327 2775; x_wconf 78' lang='lat' dir='ltr'><strong>Scopuli]</strong></span> <span class='ocrx_word' id='word_1_422' title='bbox 362 2735 491 2768; x_wconf 86' lang='lat' dir='ltr'><strong>Montis</strong></span> <span class='ocrx_word' id='word_1_423' title='bbox 506 2736 688 2778; x_wconf 78' lang='lat' dir='ltr'><strong>scopulosi,</strong></span> <span class='ocrx_word' id='word_1_424' title='bbox 709 2746 761 2769; x_wconf 78' lang='lat' dir='ltr'><strong>ar·</strong></span> 
     </span>
    </p>
   </div>
   <div class='ocr_carea' id='block_1_13' title="bbox 817 2123 1520 2219">
    <p class='ocr_par' dir='ltr' id='par_1_15' title="bbox 817 2123 1520 2219">
     <span class='ocr_line' id='line_1_51' title="bbox 817 2123 1520 2170; baseline -0.013 -7"><span class='ocrx_word' id='word_1_425' title='bbox 817 2132 945 2170; x_wconf 87' lang='lat' dir='ltr'><strong>dentis,</strong></span> <span class='ocrx_word' id='word_1_426' title='bbox 962 2136 997 2163; x_wconf 86' lang='lat' dir='ltr'><em>et</em></span> <span class='ocrx_word' id='word_1_427' title='bbox 1013 2130 1164 2162; x_wconf 85' lang='lat' dir='ltr'><strong>flammas</strong></span> <span class='ocrx_word' id='word_1_428' title='bbox 1186 2127 1364 2159; x_wconf 84' lang='lat' dir='ltr'><strong>vomentis.</strong></span> <span class='ocrx_word' id='word_1_429' title='bbox 1408 2123 1520 2166; x_wconf 79' lang='lat' dir='ltr'><strong>virgi-</strong></span> 
     </span>
     <span class='ocr_line' id='line_1_52' title="bbox 818 2175 1520 2219; baseline -0.011 -6"><span class='ocrx_word' id='word_1_430' title='bbox 818 2183 901 2213; x_wconf 79' lang='lat' dir='ltr'><strong>lius:</strong></span> <span class='ocrx_word' id='word_1_431' title='bbox 919 2184 928 2199; x_wconf 77' lang='lat'><strong><em>⁴</em></strong></span> <span class='ocrx_word' id='word_1_432' title='bbox 944 2182 1024 2212; x_wconf 83' lang='lat' dir='ltr'><strong>Saxi</strong></span> <span class='ocrx_word' id='word_1_433' title='bbox 1039 2181 1081 2211; x_wconf 90' lang='lat' dir='ltr'><strong>de</strong></span> <span class='ocrx_word' id='word_1_434' title='bbox 1098 2179 1226 2211; x_wconf 86' lang='lat' dir='ltr'><strong>vertice</strong></span> <span class='ocrx_word' id='word_1_435' title='bbox 1241 2176 1377 2219; x_wconf 62' lang='lat' dir='ltr'><strong>pastor!</strong></span> <span class='ocrx_word' id='word_1_436' title='bbox 1403 2175 1443 2206; x_wconf 94' lang='lat' dir='ltr'><strong>Id</strong></span> <span class='ocrx_word' id='word_1_437' title='bbox 1455 2179 1520 2214; x_wconf 81' lang='lat' dir='ltr'><strong>est,</strong></span> 
     </span>
    </p>
   </div>
   <div class='ocr_carea' id='block_1_14' title="bbox 817 2230 1082 2263">
    <p class='ocr_par' dir='ltr' id='par_1_16' title="bbox 817 2230 1082 2263">
     <span class='ocr_line' id='line_1_53' title="bbox 817 2230 1082 2263; baseline -0.004 0"><span class='ocrx_word' id='word_1_438' title='bbox 817 2232 941 2263; x_wconf 81' lang='lat' dir='ltr'><strong>montis</strong></span> <span class='ocrx_word' id='word_1_439' title='bbox 959 2230 1082 2262; x_wconf 83' lang='lat' dir='ltr'><strong>saxosi.</strong></span> 
     </span>
    </p>
   </div>
   <div class='ocr_carea' id='block_1_15' title="bbox 816 2276 1521 2775">
    <p class='ocr_par' dir='ltr' id='par_1_17' title="bbox 817 2276 1521 2364">
     <span class='ocr_line' id='line_1_54' title="bbox 862 2276 1521 2323; baseline -0.011 -10"><span class='ocrx_word' id='word_1_440' title='bbox 862 2282 944 2323; x_wconf 80' lang='lat' dir='ltr'><strong>Ora]</strong></span> <span class='ocrx_word' id='word_1_441' title='bbox 968 2281 1115 2320; x_wconf 83' lang='lat' dir='ltr'><strong>Ostium,</strong></span> <span class='ocrx_word' id='word_1_442' title='bbox 1129 2280 1259 2318; x_wconf 85' lang='lat' dir='ltr'><strong>hiatus;</strong></span> <span class='ocrx_word' id='word_1_443' title='bbox 1278 2282 1402 2310; x_wconf 88' lang='lat' dir='ltr'><strong>vocant</strong></span> <span class='ocrx_word' id='word_1_444' title='bbox 1418 2277 1427 2294; x_wconf 93' lang='lat'><strong>‘</strong></span> <span class='ocrx_word' id='word_1_445' title='bbox 1439 2276 1521 2308; x_wconf 85' lang='lat' dir='ltr'><strong>Cra-</strong></span> 
     </span>
     <span class='ocr_line' id='line_1_55' title="bbox 817 2331 1111 2364; baseline -0.01 0"><span class='ocrx_word' id='word_1_446' title='bbox 817 2338 908 2364; x_wconf 80' lang='lat' dir='ltr'><strong>teras</strong></span> <span class='ocrx_word' id='word_1_447' title='bbox 925 2331 1111 2363; x_wconf 80' lang='lat' dir='ltr'><strong>montium.‘</strong></span> 
     </span>
    </p>

    <p class='ocr_par' dir='ltr' id='par_1_18' title="bbox 816 2379 1521 2516">
     <span class='ocr_line' id='line_1_56' title="bbox 860 2379 1521 2421; baseline -0.011 -7"><span class='ocrx_word' id='word_1_448' title='bbox 860 2386 921 2414; x_wconf 79' lang='lat'><strong>393</strong></span> <span class='ocrx_word' id='word_1_449' title='bbox 956 2383 1097 2414; x_wconf 73' lang='lat' dir='ltr'><strong>Adversa</strong></span> <span class='ocrx_word' id='word_1_450' title='bbox 1114 2380 1238 2421; x_wconf 82' lang='lat' dir='ltr'><strong>fronte]</strong></span> <span class='ocrx_word' id='word_1_451' title='bbox 1285 2379 1382 2410; x_wconf 85' lang='lat' dir='ltr'><strong>Adeo</strong></span> <span class='ocrx_word' id='word_1_452' title='bbox 1410 2382 1447 2409; x_wconf 89' lang='lat' dir='ltr'><strong>nt</strong></span> <span class='ocrx_word' id='word_1_453' title='bbox 1477 2385 1521 2407; x_wconf 82' lang='lat' dir='ltr'><strong>ne</strong></span> 
     </span>
     <span class='ocr_line' id='line_1_57' title="bbox 816 2427 1520 2476; baseline -0.011 -11"><span class='ocrx_word' id='word_1_454' title='bbox 816 2435 946 2466; x_wconf 85' lang='lat' dir='ltr'><strong>vultum</strong></span> <span class='ocrx_word' id='word_1_455' title='bbox 973 2433 1109 2476; x_wconf 84' lang='lat' dir='ltr'><strong>quidem</strong></span> <span class='ocrx_word' id='word_1_456' title='bbox 1135 2436 1308 2464; x_wconf 79' lang='lat' dir='ltr'><strong>averteret</strong></span> <span class='ocrx_word' id='word_1_457' title='bbox 1331 2440 1349 2461; x_wconf 86' lang='lat' dir='ltr'><strong>a</strong></span> <span class='ocrx_word' id='word_1_458' title='bbox 1378 2427 1520 2461; x_wconf 83' lang='lat' dir='ltr'><strong>flammis</strong></span> 
     </span>
     <span class='ocr_line' id='line_1_58' title="bbox 820 2485 1076 2516; baseline -0.012 0"><span class='ocrx_word' id='word_1_459' title='bbox 820 2485 1076 2516; x_wconf 79' lang='lat' dir='ltr'><strong>bacchantibus,</strong></span> 
     </span>
    </p>

    <p class='ocr_par' dir='ltr' id='par_1_19' title="bbox 818 2531 1519 2627">
     <span class='ocr_line' id='line_1_59' title="bbox 861 2531 1519 2574; baseline -0.014 -7"><span class='ocrx_word' id='word_1_460' title='bbox 861 2539 923 2567; x_wconf 72' lang='lat'><strong>394</strong></span> <span class='ocrx_word' id='word_1_461' title='bbox 949 2535 1104 2567; x_wconf 74' lang='lat' dir='ltr'><strong>Faucibus</strong></span> <span class='ocrx_word' id='word_1_462' title='bbox 1116 2533 1239 2574; x_wconf 73' lang='lat' dir='ltr'><strong>injecit]</strong></span> <span class='ocrx_word' id='word_1_463' title='bbox 1256 2533 1296 2564; x_wconf 89' lang='lat' dir='ltr'><strong>In</strong></span> <span class='ocrx_word' id='word_1_464' title='bbox 1310 2531 1452 2562; x_wconf 88' lang='lat' dir='ltr'><strong>mediam</strong></span> <span class='ocrx_word' id='word_1_465' title='bbox 1464 2535 1519 2558; x_wconf 88' lang='lat' dir='ltr'><strong>vo·</strong></span> 
     </span>
     <span class='ocr_line' id='line_1_60' title="bbox 818 2584 1305 2627; baseline -0.008 -10"><span class='ocrx_word' id='word_1_466' title='bbox 818 2587 970 2627; x_wconf 79' lang='lat' dir='ltr'><strong>raginem</strong></span> <span class='ocrx_word' id='word_1_467' title='bbox 989 2586 1098 2616; x_wconf 81' lang='lat' dir='ltr'><strong>AEtnae</strong></span> <span class='ocrx_word' id='word_1_468' title='bbox 1117 2584 1305 2615; x_wconf 71' lang='lat' dir='ltr'><strong>aestuantis.</strong></span> 
     </span>
    </p>

    <p class='ocr_par' dir='ltr' id='par_1_20' title="bbox 818 2627 1519 2719">
     <span class='ocr_line' id='line_1_61' title="bbox 862 2627 1519 2675; baseline -0.018 -6"><span class='ocrx_word' id='word_1_469' title='bbox 862 2641 926 2669; x_wconf 83' lang='lat'><strong>396</strong></span> <span class='ocrx_word' id='word_1_470' title='bbox 964 2636 1116 2674; x_wconf 79' lang='lat' dir='ltr'><strong>Laborat]</strong></span> <span class='ocrx_word' id='word_1_471' title='bbox 1155 2634 1341 2675; x_wconf 81' lang='lat' dir='ltr'><strong>Completis</strong></span> <span class='ocrx_word' id='word_1_472' title='bbox 1366 2627 1519 2661; x_wconf 79' lang='lat' dir='ltr'><strong>omnibus</strong></span> 
     </span>
     <span class='ocr_line' id='line_1_62' title="bbox 818 2684 1200 2719; baseline -0.013 0"><span class='ocrx_word' id='word_1_473' title='bbox 818 2689 924 2719; x_wconf 84' lang='lat' dir='ltr'><strong>antris</strong></span> <span class='ocrx_word' id='word_1_474' title='bbox 946 2692 1027 2717; x_wconf 77' lang='lat' dir='ltr'><strong>aestu</strong></span> <span class='ocrx_word' id='word_1_475' title='bbox 1045 2692 1080 2716; x_wconf 82' lang='lat' dir='ltr'><strong>et</strong></span> <span class='ocrx_word' id='word_1_476' title='bbox 1096 2684 1200 2715; x_wconf 81' lang='lat' dir='ltr'><strong>fumo.</strong></span> 
     </span>
    </p>

    <p class='ocr_par' dir='ltr' id='par_1_21' title="bbox 860 2728 1519 2775">
     <span class='ocr_line' id='line_1_63' title="bbox 860 2728 1519 2775; baseline -0.012 -7"><span class='ocrx_word' id='word_1_477' title='bbox 860 2739 923 2768; x_wconf 78' lang='grc'><strong>397</strong></span> <span class='ocrx_word' id='word_1_478' title='bbox 948 2734 1121 2775; x_wconf 78' lang='lat' dir='ltr'><strong>Mulciber]</strong></span> <span class='ocrx_word' id='word_1_479' title='bbox 1155 2734 1343 2771; x_wconf 78' lang='lat' dir='ltr'><strong>Vulcanus,</strong></span> <span class='ocrx_word' id='word_1_480' title='bbox 1363 2728 1461 2764; x_wconf 80' lang='lat' dir='ltr'><strong>Jovis</strong></span> <span class='ocrx_word' id='word_1_481' title='bbox 1484 2733 1519 2761; x_wconf 79' lang='lat' dir='ltr'><em>et</em></span> 
     </span>
    </p>
   </div>
  </div>
 </body>
</html>
