1851 3213
264 201 380 245 1292

266 307 413 339 tantium
431 308 611 348 majestate
638 310 793 350 quaedam
817 310 975 341 militaris

267 359 412 390 saevitia.
441 359 558 391 Barth.

310 411 374 441 356
400 409 555 441 Tremulos
584 411 713 450 colores]
754 411 976 452 Chlamydum

268 460 524 496 versicolorum,
541 460 662 500 quibus
678 461 803 492 milites
820 471 923 502 supra
941 462 977 491 ii-

268 520 349 542 neas
367 516 480 542 vestes
498 512 696 542 utebantur.
736 513 834 543 Idem.

312 563 374 592 357
401 561 484 596 Quos
514 563 613 601 operit
631 561 812 603 formatque
841 562 979 603 chalybs]

268 612 318 643 Ut
333 612 396 644 toti
411 613 504 643 velut
520 612 659 644 formati
676 613 827 656 factique
841 614 979 645 videan-

270 666 327 694 tur
343 672 385 694 ex
400 663 557 704 chalybe.
598 665 654 695 Sic
676 665 756 695 alibi
774 674 824 697 V1.
843 665 980 696 Consul.

270 712 404 745 Honor.
426 714 435 730 ‘
453 715 501 745 Ut
518 715 663 756 chalybe
681 716 818 747 indutos
838 716 981 757 equites,

270 768 306 795 et
322 764 356 796 in
380 774 450 795 aere
474 766 622 796 latentes
640 765 738 796 Vidit
768 765 982 805 cornipedes,

272 824 417 856 quanam
446 815 488 845 de
518 820 635 855 gente,
665 815 822 855 rogabat,
852 815 982 846 Ferrati

271 874 398 896 venere
413 865 474 895 viri
486 864 508 894 ?'
524 867 588 896 διε.
628 864 689 895 Ait
706 865 808 903 igitur
825 865 983 895 Claudia-

272 923 334 945 nus
351 924 472 945 novam
498 914 592 945 velut
615 913 758 945 formam
785 915 983 956 cataphrac-

271 964 315 995 tis
333 964 448 995 datam
466 974 483 994 a
514 963 634 996 ferreis
660 965 725 996 illis
750 965 983 998 munimentis.

276 1015 426 1047 Formare
458 1020 509 1047 est
537 1026 630 1047 suam
661 1015 805 1047 formam
835 1016 885 1047 rei
912 1026 986 1057 spe-

276 1065 432 1107 ciemque
446 1066 610 1097 tribuere.

319 1117 494 1155 Conjuncta
506 1127 562 1156 per
578 1117 694 1158 artem]
718 1117 858 1149 Nullum
875 1117 984 1158 majus

274 1166 459 1199 artificium
476 1168 510 1198 iu
529 1168 589 1199 tali
607 1174 780 1200 armatura
795 1179 894 1210 quam
907 1179 986 1202 con-

270 1217 468 1257 junctiones
503 1218 717 1257 laminarum,
750 1224 787 1250 ut
819 1219 861 1249 ad
890 1229 986 1250 usum

277 1266 341 1298 sub
367 1267 405 1298 iis
429 1272 466 1298 et
490 1277 567 1298 cum
592 1268 631 1297 iis
656 1278 778 1308 corpus
803 1269 986 1299 humanum

277 1318 406 1348 moveri
424 1324 536 1358 queat.
566 1319 752 1349 Catenulas
771 1319 802 1349 in
821 1328 861 1349 ea
877 1329 913 1350 re
932 1329 988 1359 ag-

278 1371 390 1402 noscit
405 1371 579 1409 Sidonius,
607 1371 665 1412 qui
691 1375 817 1402 catenas
837 1381 899 1412 pro
916 1372 991 1412 ipsa

278 1424 509 1451 concatenata
527 1426 699 1452 armatura
715 1427 869 1463 usurpat.
901 1423 989 1454 Con-

279 1470 435 1502 firmatur
452 1471 640 1503 clarissime
664 1483 683 1503 a
707 1472 832 1513 Poeta,
852 1484 989 1505 suorum

279 1522 451 1553 dictorum
470 1523 594 1564 ubique
612 1533 775 1562 memore,
796 1533 844 1555 v1.
861 1525 991 1555 Consu-

279 1573 354 1603 latu
380 1573 510 1605 Honor.
542 1574 649 1604 ‘num
681 1574 839 1605 Lemnius
872 1579 993 1606 auctor

280 1623 427 1654 Addidit
451 1624 618 1655 hinnitum
647 1623 765 1655 ferro?
797 1626 992 1656 simulacra-

283 1683 348 1715 que
365 1674 470 1705 Bellis
486 1675 576 1705 Viva
590 1674 685 1705 dedit
697 1675 718 1705 ?'
751 1676 837 1708 Quae
855 1676 908 1706 hic
924 1680 993 1707 ani-

283 1722 376 1762 mari,
401 1723 470 1754 illic
497 1723 574 1754 viva
603 1724 702 1763 dicit,
730 1725 850 1756 eodem
882 1735 992 1756 seusu.

283 1774 413 1806 Noster
431 1784 528 1805 mox:
554 1776 563 1792 ‘
584 1775 702 1806 credas
727 1776 909 1807 simulacra
925 1787 994 1808 mo-

284 1823 358 1854 veri
375 1824 515 1862 Ferrea,
530 1830 744 1866 cognatoque
760 1825 849 1857 viros
863 1826 995 1866 spirare

285 1874 449 1906 metallo?
489 1876 606 1907 Barth.

327 1928 391 1957 358
414 1925 585 1957 Animatur
609 1926 740 1966 lmnina]
777 1927 996 1959 Laminarum

285 1976 414 2008 mentio
427 1976 588 2018 frequens
608 1979 638 2007 in
652 1977 832 2008 loricarum
844 1977 998 2018 descrip-

287 2027 396 2067 tione,
428 2037 470 2057 ex
499 2028 539 2058 iis
572 2028 661 2059 euim
689 2033 859 2059 consertae
888 2034 999 2060 eraut.

286 2076 438 2109 Tui-neb.
455 2086 564 2109 xxix.
583 2082 634 2109 35.
685 2079 778 2110 S‹·1·v.
797 2083 877 2109 autc
905 2079 999 2110 illum

287 2126 329 2158 ad
360 2127 493 2158 AEneid.
515 2138 550 2159 v.
584 2131 592 2145 ⁶
612 2129 760 2159 Levibus
789 2130 866 2160 huic
895 2130 1000 2160 hamis

288 2182 479 2209 consertam
496 2188 645 2219 auroque
659 2180 806 2210 trilicem
821 2179 1000 2212 Loricam.'

288 2226 377 2258 Stat.
403 2229 512 2259 Theb.
538 2239 589 2260 iv.
613 2231 621 2246 ‘
642 2235 696 2261 ter
722 2232 833 2262 insuto
861 2236 1002 2263 servant

290 2278 445 2318 ingentia
462 2278 553 2310 ferro
571 2281 746 2312 Pectora.²
786 2283 999 2312 Laminarum

289 2338 370 2360 sane
387 2329 460 2359 aliae
483 2340 658 2370 squammas
681 2331 902 2370 refereb1mt;
928 2333 1001 2363 aliae

291 2380 416 2411 hamos.-
441 2390 503 2420 pro
531 2384 713 2421 squammis
742 2389 825 2423 puto
849 2388 1003 2414 nostrum

293 2431 423 2462 dixisse
451 2432 593 2463 laminas
640 2434 757 2465 Sidon.
785 2436 793 2451 ‘
812 2435 921 2465 sutilis
954 2435 1004 2466 illi

293 2482 450 2514 Circulus
476 2483 634 2522 impactis
660 2485 800 2515 loricam
820 2487 930 2517 texuit
946 2487 1004 2516 ha-

294 2533 381 2566 mis.’
413 2534 541 2566 Quaere
560 2534 656 2573 plura
673 2535 763 2574 apud
784 2536 949 2576 Lipsium,
964 2537 1004 2567 de

295 2583 398 2616 Milit.
414 2584 516 2615 Rom.
533 2584 593 2615 lib.
612 2593 668 2615 111.
682 2585 777 2616 Dial.
795 2589 825 2618 6.

340 2634 500 2665 Hamatur
538 2635 654 2665 lumina
680 2635 839 2676 membris]
888 2637 1008 2677 Miror,

298 2684 355 2726 qui
369 2685 456 2715 hanc
472 2684 655 2715 lectionem
670 2685 840 2717 mordicus
855 2690 1006 2725 tuentur,

299 2746 367 2769 non
391 2736 576 2767 adduxisse
592 2736 665 2768 Silii
690 2736 757 2767 ista
780 2735 840 2767 lib.
862 2746 894 2768 v.
917 2738 925 2754 ‘
944 2738 1008 2768 Lo-

301 2787 406 2819 ticam
422 2786 587 2828 induitur,
611 2790 722 2819 tortos
739 2786 794 2819 eui
811 2788 935 2820 nexilis
952 2789 1009 2820 ha-

524 213 669 244 NOTAE
702 214 968 246 VARIORUM
1006 215 1055 245 IN
1093 215 1169 245 CL.
1204 216 1385 246 CLAUD.
1419 217 1463 245 V.

1025 319 1098 341 mos
1113 311 1219 341 Ferro
1241 320 1381 351 squama
1399 310 1475 341 rudi
1493 308 1734 352 permixtoque

1027 365 1166 400 asperat
1182 361 1288 391 auro!
1332 360 1502 392 Animatur
1527 365 1638 392 tamen
1655 370 1734 393 cum

1029 412 1220 443 veterrimis
1246 413 1342 443 libris
1374 413 1555 452 legendum
1579 412 1736 453 probavi,

1027 462 1086 493 lib.
1104 472 1158 494 111.
1175 463 1217 494 de
1236 465 1338 504 Rapt.
1358 467 1488 495 v÷.387.
1511 463 1610 495 Vidit
1626 467 1661 495 et
1678 472 1738 494 cu-

1030 514 1075 545 ris
1093 515 1251 546 secundis
1265 516 1439 554 Barthius,
1454 519 1490 546 et
1501 514 1638 555 egregie
1651 514 1737 546 locis

1031 565 1207 596 Claudiani
1225 575 1360 605 prorsus
1391 565 1554 596 similibus
1579 563 1738 596 adductis

1030 626 1144 647 veram
1169 616 1353 647 lectionem
1386 616 1551 647 asseruit:
1586 615 1642 657 qui
1673 615 1737 646 hoc

1031 667 1106 697 loco
1120 667 1358 699 consulendus.
1386 669 1431 699 D.
1451 667 1565 698 Heius.

1075 720 1135 748 361
1162 718 1229 748 Pur
1243 718 1374 749 vestitus
1389 718 1491 759 equis]
1523 718 1638 749 Etiam
1653 715 1741 757 Equi

1033 767 1330 805 cataphractorum
1365 769 1428 799 toti
1460 768 1572 799 induti
1606 766 1741 798 laminis

1034 814 1157 845 ferreis
1176 816 1265 856 apud
1285 822 1431 850 veteres.
1469 818 1586 850 Barth.

1078 868 1141 895 362
1168 866 1374 907 Fri-ratasque
1389 869 1491 898 levant
1503 866 1621 907 armos]
1643 866 1746 898 Cata·

1035 916 1197 957 phractos
1213 916 1392 956 describit,
1406 927 1549 958 quorum
1570 921 1745 948 armatura

1037 976 1078 997 ex
1097 965 1204 996 solido
1219 965 1310 998 ferro
1327 977 1334 997 z
1361 967 1403 997 de
1428 967 1548 1008 quibus
1565 965 1655 998 forte
1673 976 1748 998 nos·

1036 1020 1090 1047 ter
1107 1017 1150 1048 de
1174 1026 1230 1049 111.
1248 1017 1340 1050 Hou.
1357 1018 1458 1049 Cons.
1476 1022 1512 1048 et
1528 1016 1680 1058 apertius
1703 1015 1748 1049 de

1037 1076 1087 1097 vt.
1105 1067 1209 1098 Cous.
1228 1067 1269 1098 ad
1293 1067 1419 1100 finem:
1446 1069 1455 1086 ⁶
1474 1068 1523 1099 Ut
1540 1067 1683 1109 chalybe
1699 1067 1749 1098 in-

1038 1117 1138 1148 dutos
1155 1118 1302 1159 equites,
1316 1123 1351 1149 et
1367 1119 1401 1149 in
1426 1128 1494 1150 aere
1518 1118 1669 1150 latentes
1691 1117 1751 1148 Vi-

1038 1169 1088 1200 dit
1101 1169 1320 1210 cornipedes,
1334 1180 1476 1210 quanam
1494 1169 1537 1201 de
1554 1173 1656 1209 gente
1671 1178 1751 1210 pro·

1039 1218 1122 1250 fecti
1139 1219 1271 1250 Fer-rati
1291 1230 1415 1251 venere
1430 1219 1525 1250 viri?’
1549 1221 1674 1260 Veget.
1690 1228 1750 1251 111·

1039 1272 1070 1300 6.
1099 1274 1134 1300 et
1160 1270 1429 1310 Propert.1.111.
1449 1270 1547 1310 Eleg.
1565 1272 1618 1301 ll.
1639 1270 1648 1287 ‘
1667 1270 1750 1301 Fer-

1041 1329 1118 1350 reus
1137 1324 1265 1350 armato
1289 1329 1356 1350 neu
1380 1320 1624 1360 cataphractus
1640 1319 1751 1361 equo?

1040 1371 1151 1400 Erant
1176 1379 1256 1409 ergo
1283 1369 1315 1400 hi
1339 1370 1474 1411 equites
1498 1374 1643 1407 tantum,
1667 1379 1752 1410 quos

1041 1420 1172 1457 Livius,
1190 1420 1249 1452 lib.
1263 1429 1296 1451 v.
1311 1420 1346 1451 in
1363 1419 1430 1451 fine
1456 1429 1506 1451 1v.
1527 1419 1662 1451 Decad.
1679 1419 1754 1451 lori—

1041 1474 1126 1502 catos
1152 1475 1261 1502 vocat.
1307 1470 1417 1502 Iidem
1437 1469 1683 1510 cataphractarii
1704 1469 1754 1501 di-

1043 1528 1170 1552 cuntur
1186 1531 1207 1552 a
1229 1521 1387 1552 Pollione
1411 1521 1445 1552 in
1472 1521 1616 1553 Claudio
1633 1530 1756 1552 secun·

1044 1573 1109 1604 do:
1146 1572 1205 1604 sed
1235 1578 1271 1603 et
1299 1573 1474 1604 Clibanarii
1505 1572 1680 1613 Lamprid.
1720 1572 1755 1604 in

1044 1624 1241 1656 Alexandro
1265 1625 1414 1656 Severo:
1440 1624 1602 1656 videatur
1627 1624 1756 1656 Salust-

1045 1675 1123 1706 hist.
1149 1676 1172 1706 l.
1198 1685 1248 1706 1v.
1279 1676 1368 1716 apud
1397 1675 1563 1714 Nonium,
1588 1685 1616 1706 c.
1642 1677 1694 1706 18.
1720 1679 1758 1706 et

1045 1726 1143 1756 Serv.
1171 1725 1212 1756 ad
1241 1725 1324 1756 illud
1350 1725 1518 1764 Maronis,
1547 1724 1682 1756 AEneid.
1705 1733 1758 1758 m.

1045 1778 1054 1793 ‘
1084 1777 1375 1817 Spumantemque
1413 1775 1566 1817 agitabat
1610 1777 1760 1817 equum.'

1047 1827 1227 1866 Dempster.
1532 1824 1537 1829 ’

1093 1876 1300 1915 Ferratosque
1316 1876 1452 1916 movent]
1476 1876 1596 1907 Levant
1613 1877 1758 1909 Lucens.

1050 1932 1084 1957 et
1112 1927 1224 1958 Vatic.
1256 1936 1333 1957 cum
1364 1927 1473 1957 tribus
1505 1926 1602 1966 aliis;
1637 1932 1757 1958 recte:

1050 1987 1127 2008 nam
1151 1977 1267 2008 moveri
1284 1977 1357 2017 jam
1372 1982 1609 2017 praecesserat.
1654 1977 1760 2009 Initio

1052 2030 1208 2068 Raptus:
1232 2030 1240 2044 ‘
1262 2029 1486 2059 Collalevant
1503 2028 1727 2069 atti-itajugis
1739 2027 1762 2060 ς’

1052 2080 1149 2109 Bello
1167 2078 1248 2109 Get.
1270 2080 1279 2096 ⁴
1297 2079 1442 2109 secui-as
1454 2079 1527 2119 jam
1544 2079 1654 2110 Roma
1665 2079 1762 2110 levat

1053 2129 1268 2170 tranquillior
1295 2129 1413 2160 arces.'
1455 2130 1543 2161 Stat.
1571 2129 1677 2161 Theb.
1704 2139 1762 2161 111.

1052 2181 1060 2196 ‘
1074 2180 1131 2211 Sic
1148 2179 1252 2218 fatur,
1269 2185 1305 2211 et
1321 2181 1391 2214 alto
1409 2181 1568 2211 Membra
1584 2181 1676 2212 levat
1689 2189 1763 2211 sco-

1054 2230 1158 2271 pulo,'
1175 2237 1211 2262 ut
1225 2231 1362 2271 quidem
1377 2231 1410 2261 in
1424 2231 1571 2271 scriptis.
1594 2231 1763 2272 Sequenti

1054 2292 1165 2320 versu,
1181 2281 1320 2312 codices
1348 2282 1541 2321 complures
1571 2281 1683 2313 Divisa
1698 2284 1763 2313 stat

1053 2333 1178 2373 quisque
1206 2333 1288 2362 loco.-
1310 2332 1400 2373 quod
1428 2341 1545 2364 verum
1574 2331 1683 2363 videri
1709 2342 1764 2363 su-

1056 2393 1116 2423 pra
1126 2383 1198 2423 jam
1214 2383 1404 2413 monuimus
1426 2393 1474 2414 vs,
1489 2386 1543 2414 25.
1590 2384 1701 2425 Vulgo
1718 2384 1764 2415 Et

1045 2434 1153 2472 justo:
1178 2432 1267 2463 unde
1287 2433 1330 2464 Ut
1345 2433 1434 2471 jusso
1451 2434 1506 2464 vel
1521 2434 1610 2471 justo
1627 2444 1694 2472 uon
1717 2434 1766 2466 in-

1056 2484 1222 2515 concinne
1248 2483 1375 2514 elicias.
1416 2484 1527 2515 Diviso
1554 2488 1669 2527 tamen
1696 2494 1767 2517 ma-

1056 2535 1123 2564 lim.
1158 2533 1343 2573 Capitolia.
1368 2534 1418 2564 M.
1437 2534 1624 2574 Antonino,
1639 2536 1647 2551 ‘
1662 2536 1766 2568 Sena-

1058 2591 1111 2617 tus
1127 2585 1335 2625 populusque
1358 2594 1423 2615 non
1449 2584 1567 2616 divisis
1591 2585 1687 2626 locis,
1703 2585 1766 2618 sed

1058 2636 1091 2666 in
1108 2645 1175 2666 una
1192 2634 1286 2675 sede,
1304 2635 1489 2675 propitium
1518 2637 1632 2668 Deum
1654 2635 1766 2668 dixit!

1059 2687 1227 2727 Corippus
1248 2686 1270 2716 l.
1295 2694 1347 2716 1v.
1370 2686 1379 2702 ‘
1397 2686 1552 2717 Divisum
1578 2687 1612 2718 in
1636 2691 1766 2719 turmas

1060 2742 1162 2778 atque
1178 2736 1212 2767 in
1231 2745 1291 2767 sua
1306 2746 1452 2777 corpora
1467 2737 1611 2778 vulgus.²
1636 2738 1767 2769 Noster

1060 2789 1168 2830 Nupt.
1193 2787 1287 2820 Hon.
1310 2790 1319 2805 ⁴
1337 2787 1459 2820 Divisa
1485 2792 1672 2830 properate
1697 2797 1767 2820 ma-
