1851 3213
254 209 368 252 1290

253 323 290 345 ra
308 317 410 356 atque
426 313 583 346 labores.'
629 315 745 346 Barth.

297 368 359 397 325
385 365 530 406 Gremio]
574 366 681 396 Velut
711 365 814 396 vestis
843 365 957 406 aliquo

253 415 381 456 gremio
419 415 606 447 involvens.
675 416 804 446 Gremio
841 420 958 447 noster

254 475 416 496 summam
435 466 584 506 quietem
601 465 894 505 circumloquium
910 465 959 495 Ut

254 515 356 546 alibi‘
375 516 541 556 gremium
560 514 664 556 pacis'
679 514 778 545 dixit.
817 515 916 545 Idem.

297 565 475 606 Pigrasque
486 576 576 606 sopor
587 565 757 606 diffuderat
767 565 847 606 alas]
870 564 958 595 Som-

253 626 326 648 num
347 617 475 657 pigrum
500 621 595 647 recte
623 616 688 646 dici
713 620 749 647 et
771 616 959 656 eleganter,

253 667 343 699 haud
360 677 460 707 nego.
499 667 565 698 Sed
577 668 642 697 alas
653 667 763 707 pigros
778 667 886 697 minus
903 675 960 706 ap-

253 717 449 758 probamus.
497 718 613 750 Quare
630 718 738 756 nz'gras
753 718 820 747 alas
837 726 960 747 censeo

253 768 466 808 reponendas
482 777 574 798 esse:
600 772 700 808 atque
719 767 767 797 ita
781 766 880 806 prim.
895 766 961 795 Va-

253 819 356 850 tican.
396 823 432 850 et
470 819 583 849 Palat.
630 817 721 857 apud
756 818 959 847 Maronem:

254 868 263 885 ι
279 870 359 900 Nox
375 869 453 907 ruit,
470 873 505 898 et
522 867 627 898 fuscis
642 867 797 897 tellurem
815 866 961 906 amplec-

251 918 336 949 titur
362 917 445 949 alis.’
491 918 583 948 Hinc
610 922 645 947 et
671 916 869 956 castiganda
894 916 962 946 vul-

253 973 333 1009 gata
347 969 470 999 Tibulli
487 967 711 1008 exemplaria,
727 968 784 998 lib.
802 976 842 998 11.
860 968 912 998 El.
930 970 960 998 l.

250 1020 259 1035 ‘
280 1019 431 1059 Postque
449 1019 542 1049 venit
557 1018 680 1049 tacitus
693 1017 801 1048 furvis
818 1017 961 1048 circum-

253 1069 353 1100 datus
370 1069 431 1100 alis
448 1069 604 1107 Somnus,
627 1073 663 1099 et
685 1068 817 1099 incerto
833 1067 962 1098 somnia

252 1119 350 1160 pigra
368 1119 475 1160 pede.'
521 1119 629 1150 Fulris
645 1119 716 1158 alis,
729 1122 765 1149 et
779 1117 897 1148 somnia
913 1119 961 1148 ni-

249 1180 311 1209 gra
342 1178 522 1210 perperam
555 1179 644 1200 nunc
675 1168 812 1209 legitur.
858 1168 961 1209 Apud

255 1219 380 1252 Horat.
395 1220 467 1251 Sat.
485 1229 525 1251 11.
540 1222 568 1250 1.
592 1220 600 1235 ‘
619 1220 698 1250 atris
727 1229 793 1249 nox
819 1219 961 1249 circum-

253 1270 348 1301 volat
376 1269 459 1300 aits!
504 1270 556 1299 De
575 1269 698 1300 Alecto
715 1269 840 1308 Virgil.
858 1269 878 1299 l.
898 1278 961 1300 vn.

253 1320 261 1337 ‘
281 1320 442 1351 Protinus
460 1319 535 1349 hinc
558 1317 662 1349 fuscis
688 1317 798 1349 tristis
817 1318 882 1348 dea
899 1318 962 1348 tol-

253 1370 335 1401 litur
364 1370 425 1400 alis
440 1373 459 1399 :’
488 1374 523 1400 et
552 1369 643 1409 apud
674 1368 795 1398 Silium
820 1368 879 1399 lib.
902 1377 961 1399 111.

253 1423 261 1437 ‘
282 1421 388 1451 Corus
403 1419 442 1450 In
457 1419 570 1449 media
587 1428 644 1449 ora
661 1418 756 1448 nives
771 1417 872 1449 fuscis
891 1420 964 1459 agit

252 1469 410 1501 horridus
426 1469 511 1501 alis.'
547 1470 677 1501 Noster
690 1469 793 1500 alibi:
817 1470 825 1486 ‘
844 1470 964 1500 Fama·

253 1530 318 1562 que
355 1520 531 1561 nigrantes
567 1520 741 1551 succincta
778 1520 963 1560 pavoribus

254 1571 348 1602 alas?
392 1571 437 1601 D.
459 1571 573 1602 Heius.

297 1624 360 1652 326
384 1622 443 1652 Ille
456 1623 509 1652 (liu
525 1621 607 1652 curis
622 1621 757 1652 animum
773 1621 964 1652 stimulanti·-

253 1672 309 1704 bus
326 1673 424 1713 oeger]
459 1672 523 1703 Hae
538 1677 617 1703 sunt
632 1672 877 1703 stimulatrices
894 1672 962 1703 iltae

256 1733 330 1764 quae
356 1722 570 1753 beatitudine
596 1728 727 1753 exuunt
744 1723 893 1754 animum
910 1723 963 1753 vel

253 1774 286 1804 in
312 1772 431 1804 mediis
454 1772 593 1811 divitiis,
621 1773 742 1813 quibus
768 1772 962 1804 infestiores

253 1824 358 1855 etiam
376 1823 681 1864 deprehenduntur
696 1833 703 1854 ε
732 1824 822 1863 apud
840 1824 962 1854 Senec.

255 1875 367 1915 Epist.
396 1877 446 1906 17.
470 1874 478 1890 ‘
500 1874 591 1905 Nihil
621 1872 727 1904 refert
752 1878 866 1904 utrum
893 1874 962 1904 ani-

254 1935 328 1957 mus
341 1935 434 1966 aeger
450 1926 482 1956 111
501 1925 628 1956 divitiis
645 1935 686 1955 au
705 1925 738 1954 in
755 1930 961 1965 paupertate

255 1982 425 2018 ponatur3
451 1977 573 2007 malum
601 1986 697 2007 suum
728 1977 822 2006 illum
854 1977 963 2017 sequi-

256 2028 335 2060 tur.'
369 2029 488 2059 Barth.

299 2079 358 2110 Ille
379 2079 432 2110 diu
456 2079 551 2118 curis,
566 2077 635 2118 8502]
671 2077 884 2109 Instanttbus
906 2087 962 2108 cu-

254 2131 311 2171 ris,
343 2131 390 2161 ait
423 2130 575 2168 Curtius,
606 2129 738 2169 agitant
775 2138 868 2169 saepe
900 2138 963 2169 per

255 2181 421 2213 somnium
459 2182 593 2221 species
631 2178 881 2211 imminentium
913 2189 964 2210 re-

256 2242 339 2264 rum.
366 2233 488 2263 elaver.

299 2283 392 2313 Curis
422 2283 558 2313 animum
592 2281 827 2313 stimulantibus
863 2281 962 2321 oeger]

257 2335 391 2374 AEgrum
409 2333 518 2364 Aldus
536 2337 571 2363 et
588 2333 708 2373 scripti
736 2332 806 2362 fere
823 2342 961 2362 omues:

257 2386 347 2429 quod
373 2385 502 2416 frustra
532 2385 725 2424 improbant
755 2384 817 2415 viri
845 2385 961 2414 docti:

257 2439 305 2469 sic
322 2437 424 2469 Ovid.
443 2436 498 2467 lib.
516 2446 538 2466 1.
558 2436 657 2466 Rem.
677 2436 753 2467 Am.
778 2438 787 2453 ‘
807 2437 890 2467 Cum
906 2436 963 2466 (le-

256 2489 346 2520 derit
373 2488 540 2527 lacrymas
567 2487 781 2527 animumque
803 2487 963 2526 expleve-

256 2539 302 2571 rit
327 2547 453 2578 aegrum
469 2536 488 2566 ι’
513 2541 547 2566 et
573 2535 728 2576 apposite
757 2537 833 2567 Val.
851 2536 963 2567 Flacc.

255 2589 312 2620 lib.
336 2598 386 2619 Vl.
418 2589 426 2604 ‘
445 2586 586 2617 Talibus
618 2596 708 2626 aegra
736 2596 875 2617 movens
907 2597 964 2617 ne-

260 2640 442 2681 quicquam
458 2642 602 2678 pectora
619 2636 733 2667 curis!
770 2637 873 2667 Prior
890 2638 965 2668 Lei-

257 2690 372 2722 densis
406 2699 504 2728 aegre,
533 2688 637 2719 etiam
675 2697 742 2718 non
777 2688 875 2719 male.
920 2688 964 2719 D.

259 2740 376 2774 HeinS.

301 2793 366 2823 329
391 2789 516 2822 Glorior
540 2788 618 2829 una]
654 2789 697 2820 In
725 2789 885 2821 Palatino
912 2799 967 2820 sce-

512 220 656 251 NOTAE
688 220 954 251 VARIORUM
990 219 1039 250 IN
1076 220 1151 251 CL.
1184 218 1369 250 CLAUD.
1404 219 1448 247 V.

1009 315 1087 346 rior.
1116 316 1161 346 D.
1179 315 1299 345 Heius.

1053 367 1115 395 330
1145 365 1219 395 Viso
1232 363 1330 404 loqui]
1356 362 1485 394 Audita
1497 361 1620 402 potius.
1643 361 1716 394 No-

1010 418 1062 445 tat
1079 415 1238 456 loquendi
1262 424 1389 445 morem
1415 413 1457 444 ad
1481 413 1715 454 praestantiam

1010 465 1100 495 visus
1131 464 1371 496 declarandam
1404 462 1613 495 Claudianus
1642 463 1716 494 Ma-

1010 520 1150 555 mertus,
1167 525 1191 546 1.
1206 519 1237 546 6.
1274 516 1393 546 Solent
1414 514 1536 546 Poetae
1553 513 1639 545 duos
1653 514 1716 546 hos

1011 576 1126 597 sensus
1143 572 1363 598 commutare.
1392 566 1510 596 Barth.

1054 619 1116 647 333
1151 617 1234 647 Lati
1260 616 1401 647 manibus
1425 615 1588 657 portabere
1615 614 1717 656 vulgi]

1011 667 1110 697 More
1138 667 1337 708 Principum
1367 677 1485 698 recens
1514 671 1716 698 creatorum.

1012 726 1060 747 1v.
1075 717 1210 748 Consul.
1242 718 1250 733 ‘
1267 721 1404 757 quantae
1432 717 1599 748 miracula
1624 725 1718 756 pom·

1013 776 1065 805 1)ae
1080 766 1248 805 Vidimus,
1273 766 1425 797 Ausonio
1450 776 1526 797 cum
1546 766 1619 807 jam
1643 775 1718 796 suc-

1013 816 1144 846 cinctus
1159 816 1285 846 ainictu
1302 816 1371 846 Per
1387 816 1552 856 Ligurum
1573 816 1718 857 populos

1012 866 1112 896 solito
1139 866 1357 906 conspectior
1380 867 1462 904 ires,
1489 866 1603 907 Atque
1628 866 1720 897 inter

1012 916 1129 947 niveas
1153 916 1222 946 alte
1249 917 1412 946 veherere
1435 916 1605 946 cohortes.
1651 915 1721 946 Ob-

1012 967 1168 1008 nixisque
1193 966 1292 997 simul
1321 966 1427 1006 pubes
1446 967 1558 997 electa
1581 966 1721 997 lacertis

1013 1017 1191 1048 Side-reum
1209 1022 1360 1058 gestaret
1374 1021 1480 1049 onus?
1512 1018 1610 1048 Idem.

1056 1070 1119 1098 334
1146 1068 1242 1098 Canit
1257 1067 1418 1107 ambages]
1443 1068 1577 1099 Canere
1595 1066 1636 1097 de
1655 1076 1723 1098 om·

1013 1118 1113 1149 nibus
1132 1119 1305 1159 praesagiis
1322 1119 1460 1151 dicitur.
1494 1120 1592 1151 Idem.

1056 1173 1117 1200 335
1144 1171 1212 1200 Nec
1226 1170 1340 1210 capitis
1355 1170 1439 1211 fixi]
1474 1169 1522 1200 At
1549 1170 1638 1200 enim
1655 1169 1721 1200 Ar-

1014 1220 1193 1259 temidoro,
1233 1220 1480 1250 somniantibus
1520 1220 1600 1260 quid
1640 1220 1721 1259 tale,

1014 1269 1232 1310 portenditur
1249 1270 1417 1300 diadema.
1458 1270 1578 1301 Clarer.

1057 1320 1162 1350 Sentit
1188 1320 1346 1360 praesagia
1366 1319 1450 1361 fixi]
1488 1321 1544 1350 Sic
1576 1321 1721 1351 Lucens.

1015 1370 1155 1410 Gyratd.
1181 1375 1215 1400 et
1245 1374 1388 1410 quatuor
1415 1370 1491 1400 alii:
1523 1370 1635 1410 vulgo,
1653 1370 1722 1410 fixi

1010 1419 1170 1461 praesogz'a
1184 1420 1290 1450 sensit.
1324 1420 1438 1451 Vatic.
1455 1420 1551 1451 sensit
1564 1419 1723 1459 proesagia

1014 1471 1097 1502 diri:
1122 1480 1185 1501 nec
1213 1481 1336 1511 sequor
1363 1475 1489 1502 tamen.
1535 1470 1613 1501 Hoc
1639 1469 1724 1509 vult,

1015 1521 1105 1561 quod
1123 1521 1333 1561 Capitolinus
1357 1521 1391 1551 in
1419 1521 1617 1559 Pertinace,
1644 1521 1653 1537 ‘
1670 1529 1726 1551 ca-

1015 1576 1078 1612 put
1095 1572 1167 1612 ejus
1184 1576 1285 1602 conto
1301 1571 1403 1602 fixum
1418 1572 1545 1602 milites
1560 1571 1593 1601 iu
1610 1575 1724 1602 castra

1014 1622 1256 1663 pertulerunt.'
1274 1623 1385 1654 Notus
1399 1633 1468 1652 mos
1481 1623 1536 1653 ille
1548 1626 1722 1653 veterum:

1016 1678 1132 1703 noster
1146 1673 1218 1712 ipse
1236 1673 1277 1703 de
1295 1673 1414 1704 Rufino
1430 1673 1527 1703 infra.
1552 1674 1595 1704 D.
1609 1672 1724 1704 Heius.

1057 1726 1120 1754 337
1139 1723 1355 1763 Festinamque
1371 1723 1485 1762 rotam]
1510 1723 1565 1753 Sic
1582 1721 1723 1753 Oceano

1015 1775 1107 1805 exire
1123 1774 1236 1805 Solem
1254 1774 1296 1804 ob
1322 1773 1556 1804 imminentem
1572 1777 1721 1812 stragem

1014 1824 1247 1854 Pharsalicam
1259 1823 1344 1854 facit
1353 1824 1480 1854 Lucan.
1496 1824 1515 1854 l.
1527 1825 1594 1854 5²11.
1618 1823 1626 1839 ‘
1641 1824 1725 1863 Seg-

1013 1875 1088 1906 nior
1106 1874 1262 1912 Oceano,
1279 1884 1378 1914 quam
1395 1875 1451 1904 lex
1477 1879 1607 1904 aeterna
1625 1883 1724 1905 voca-

1013 1925 1083 1963 bat,
1101 1924 1290 1955 Luctificus
1306 1926 1408 1955 Titan
1425 1934 1595 1965 nunquam
1614 1923 1722 1964 magis

1014 1976 1143 2006 aethera
1161 1981 1280 2006 contra
1294 1975 1375 2015 Egit
1392 1975 1519 2015 equos?

1058 2029 1121 2058 339
1146 2026 1298 2057 Prosiluit
1327 2027 1453 2067 stratis]
1490 2027 1630 2058 Desiluit
1661 2027 1727 2058 Lu-

1014 2078 1146 2109 censis:
1166 2087 1233 2108 non
1245 2077 1343 2107 male.
1370 2077 1590 2108 Fescenninis
1603 2082 1727 2117 tamen,

1013 2130 1022 2145 ‘
1039 2130 1128 2159 Tum
1153 2129 1263 2159 victor
1285 2128 1422 2159 madido
1448 2129 1601 2169 prosilias
1626 2128 1723 2161 toro.⁷

1014 2181 1059 2211 D.
1081 2180 1192 2210 Heius.
1519 2205 1521 2208 .

1059 2232 1232 2270 Deusccque
1255 2230 1380 2270 capacia
1396 2229 1495 2260 turba»
1510 2229 1622 2270 Atria]
1659 2230 1726 2260 Ro·

1014 2283 1122 2313 manis
1138 2282 1226 2312 atria
1250 2282 1299 2312 ita
1324 2281 1500 2320 disposita,
1518 2284 1556 2310 ut
1573 2280 1725 2320 pluribus

1015 2332 1211 2363 interstitiis
1243 2331 1406 2361 admissos
1435 2330 1468 2360 iu
1503 2330 1610 2370 prima
1647 2330 1725 2360 loca

1015 2384 1225 2414 sustinerent
1249 2382 1291 2412 ab
1321 2381 1552 2412 ulterioribus.
1599 2381 1723 2422 Neque

1014 2435 1048 2465 id
1067 2434 1132 2464 alia
1151 2433 1294 2472 ratione,
1311 2442 1410 2473 quain
1429 2436 1466 2462 ut
1482 2431 1582 2462 amici
1599 2432 1725 2462 saluta-

1016 2490 1087 2516 tum
1117 2485 1293 2514 venientes
1319 2483 1375 2513 alii
1401 2483 1475 2513 aliis
1502 2482 1641 2523 propius
1667 2482 1726 2514 ad-

1016 2536 1257 2572 mitterentur;
1292 2533 1520 2564 distinxerant
1551 2533 1640 2563 enim
1672 2542 1726 2564 eo-

1017 2596 1089 2616 rum
1118 2585 1263 2625 agmina,
1292 2588 1328 2614 et
1351 2592 1413 2624 pro
1438 2581 1566 2614 affectu
1592 2583 1725 2623 ingenti

1016 2637 1217 2675 habebatur,
1245 2634 1383 2676 propius
1411 2633 1600 2664 Patronnm
1630 2642 1726 2664 acce-

1018 2688 1098 2717 dere
1116 2695 1226 2726 posse.
1271 2685 1394 2716 Senec.
1412 2684 1454 2715 de
1468 2683 1590 2716 Benef.
1604 2693 1653 2716 vt.
1671 2687 1725 2716 33.

1018 2737 1134 2768 Barth.

1062 2790 1124 2819 340
1148 2786 1243 2818 Atria
1259 2784 1543 2827 ¹iussitsplcmiere]
1574 2783 1629 2816 Ad
1656 2794 1725 2816 mo-
