1851 3213
288 209 402 252 1258

333 315 510 348 Resonabat
528 316 637 357 Creta]
668 316 926 356 Celebrabatui·,
943 315 992 346 fa·

289 375 385 398 mosa
410 372 495 399 erat.
541 368 665 407 Virgil.
689 368 746 398 lib.
764 376 827 398 vn.
856 369 864 383 ⁴
887 367 992 396 Divos

290 415 483 448 inaccessos
507 417 563 448 nbi
586 418 672 448 Solis
700 418 769 447 filia
791 418 885 447 lucos
905 416 993 446 Assi-

292 465 360 497 duo
376 472 515 498 resonat
531 467 654 498 cantu!
705 467 815 497 Barth.

335 518 399 548 292
422 517 516 547 Latia
541 517 686 557 quicquid
704 516 822 547 ditione
836 515 996 546 subactum

298 567 401 607 Vivit]
421 568 540 599 Viden-i
560 569 632 598 vult
645 568 756 598 onmia
770 568 846 598 viva
862 567 997 598 subdita

294 618 459 650 Romanae
476 619 595 650 ditioni
612 628 700 649 esse.
737 617 898 652 Quamvis
908 618 996 648 enim

295 678 365 700 rem
392 670 491 700 aliter
516 680 551 700 se
574 669 700 701 habere
719 669 859 708 scirent,
886 669 935 699 ita
951 673 998 698 ta-

295 720 623 761 menloquebantui·.
671 721 770 751 Idem.

339 772 402 802 293
427 770 549 801 Primis
573 771 698 809 Ganges
718 768 862 800 horrebat
889 766 1002 806 Iberis]

299 819 527 852 Occidentem
543 821 689 860 primum
709 825 807 849 vocat
825 829 843 848 a
857 818 1002 857 dignita-

298 875 335 902 te
350 870 493 901 Romani
517 869 671 909 Imperii,
696 869 790 909 cujus
818 867 917 898 sedes
932 867 1003 897 illic

300 920 537 951 vetustissima.
581 918 637 951 Sic
663 920 815 950 Primum
836 917 1004 949 Occiden-

301 975 371 1002 tem
397 980 464 1001 non
489 972 563 1002 loco
591 970 652 1002 sed
680 971 887 1001 auctoritate
910 969 1005 1000 dicit.

302 1021 390 1052 Nam
407 1021 532 1062 alioqui
556 1022 650 1063 prior
675 1021 814 1060 Oriens,
832 1025 869 1051 ut
884 1020 1007 1060 Virgil.

302 1070 346 1102 de
382 1070 511 1102 AEnea:
548 1072 557 1088 ‘
574 1071 682 1103 Arma
711 1071 890 1111 virumque
921 1079 1008 1100 cano

302 1120 413 1161 Trojae
429 1121 486 1162 qui
504 1121 630 1161 primus
643 1121 684 1152 ab
700 1121 790 1152 oris.'
836 1121 932 1152 Idem.

353 1171 395 1201 Et
409 1181 429 1202 α
442 1172 565 1211 primis,
578 1171 646 1211 Sym]
681 1172 862 1212 Quotquot
875 1181 950 1201 eum
967 1171 1008 1201 si-

304 1231 382 1253 num
400 1226 503 1254 terrae
521 1223 687 1261 incolunt,
714 1223 771 1263 qui
788 1223 830 1253 ab
847 1223 946 1253 initio
964 1223 1011 1253 Ο-

306 1273 425 1305 rientis
456 1273 500 1304 ad
530 1273 732 1303 Occidentis
765 1282 872 1314 usque
908 1272 1010 1303 finem

307 1322 506 1364 porrigitur.
551 1322 675 1353 Delrz'o.

329 1375 393 1404 294
408 1372 478 1403 Hoc
486 1382 581 1411 neque
593 1372 766 1413 Geryones]
778 1372 858 1403 Non
872 1373 1014 1412 Geryon:

309 1426 403 1453 recte
411 1421 684 1462 Raphelengius:
711 1426 748 1451 et
758 1420 938 1452 confirmat
950 1420 1017 1461 pri·

310 1482 383 1504 mus
398 1472 560 1503 Vatican.
578 1476 613 1502 et
631 1472 740 1512 prima
753 1471 871 1502 editio.
891 1471 1018 1512 Geryon

311 1521 448 1564 quidem
465 1521 514 1552 bis
528 1522 657 1553 Seneca
671 1522 757 1552 dixit
771 1522 803 1552 in
818 1521 1020 1562 Tragoediis,

311 1573 371 1605 sed
388 1572 540 1604 secunda
555 1572 685 1614 syllaba
709 1578 894 1613 correpta:
918 1582 1019 1612 αρκα-

313 1625 389 1657 bunt
405 1624 510 1656 etiam
535 1634 577 1655 ex
602 1624 711 1665 primo
733 1624 902 1655 Vaticano
931 1624 1019 1654 aliis-

315 1684 382 1715 que
421 1675 605 1713 nonnullis,
638 1684 706 1706 non
739 1675 879 1715 oequabat
907 1675 1019 1715 legen-

316 1725 408 1756 dum.
452 1725 498 1755 D.
519 1725 633 1755 Heius.

361 1773 515 1805 Turbidus
554 1774 630 1804 Orci
659 1774 802 1815 Janitor]
852 1773 1022 1805 Cerberus

316 1828 493 1857 extractus
546 1824 637 1855 inter
678 1823 813 1855 labores
853 1823 1022 1855 Herculis.

317 1875 438 1916 Virgil.
455 1874 513 1906 lib.
531 1884 612 1905 vul.
638 1875 647 1892 ‘
662 1875 713 1905 Te
730 1875 840 1915 Stygii
852 1879 1023 1906 tremuere

319 1927 425 1966 lacus,
441 1930 477 1957 te
489 1926 620 1966 janitor
634 1925 741 1957 Orci.’
786 1926 901 1956 Barth.

363 1978 427 2008 296
455 1975 510 2006 Vis
526 1975 663 2016 Hydroe]
693 1975 734 2005 Id
752 1980 816 2014 est,
831 1975 954 2016 Hydra
976 1975 1025 2015 ip-

320 2036 368 2058 sa.
415 2026 587 2057 Collectio
613 2026 648 2056 in
676 2035 778 2056 unum
804 2035 936 2056 versum
952 2026 1027 2066 plu-

321 2076 412 2107 ribus
428 2075 529 2106 modo
545 2080 772 2107 narratorum.
811 2076 856 2107 Et
872 2075 944 2106 haec
958 2085 1027 2105 mo-

322 2127 365 2158 do
383 2136 443 2157 suo
460 2126 660 2164 constricta,
674 2126 860 2157 orationem
877 2124 1028 2166 magnifi-

323 2186 395 2208 cam
414 2186 482 2207 non
497 2176 655 2206 dedecet.
690 2177 821 2217 Estque
836 2177 885 2207 ita
901 2177 1028 2217 aliquo-

324 2227 389 2258 ties
405 2236 424 2257 a
439 2231 555 2258 nostro
572 2226 686 2257 Poeta
707 2236 782 2258 cum
807 2227 920 2267 gratia
934 2236 1028 2258 usur-

326 2281 420 2318 pata.
466 2276 565 2307 Idem.

368 2326 540 2367 Scyllaeque
555 2326 676 2366 fames]
715 2328 815 2357 Canes
840 2328 966 2368 Regius
995 2331 1031 2359 et

327 2377 439 2409 Oxon.
456 2377 582 2416 placet.
627 2377 723 2407 Nota
740 2377 781 2407 de
801 2378 925 2417 Scyllae
943 2378 1032 2408 cani-

329 2427 391 2459 bus
419 2426 548 2464 fabula,
576 2436 718 2467 qnorum
745 2427 936 2458 meminisse
964 2428 1033 2468 ple-

327 2487 468 2519 rumque
483 2477 596 2517 po'etae
613 2478 734 2515 solent,
754 2477 884 2517 quoties
907 2479 1031 2518 Scyllae

328 2528 555 2559 meminerunt
570 2537 576 2557 :
602 2531 716 2557 noster
733 2526 790 2558 lib.
803 2536 827 2556 1.
845 2528 878 2557 in
891 2528 1033 2568 Eutrop.

330 2579 339 2596 ‘
355 2578 471 2618 Scylla
486 2586 588 2607 novos
605 2577 726 2607 mirata
749 2578 874 2608 caneS.’
918 2579 1034 2609 Laude

331 2628 482 2666 Serenae,
498 2629 507 2644 ‘
525 2632 609 2668 quot
624 2631 746 2667 stagna
763 2627 955 2669 Charybdis
972 2629 1036 2659 Ar-

331 2679 447 2718 marit‚
462 2683 543 2719 quot
559 2677 673 2718 Scylla
688 2678 815 2709 canes.'
838 2679 951 2718 Silius,
966 2680 988 2709 l.
1002 2689 1036 2711 v.

331 2729 341 2746 ‘
358 2728 473 2769 Scylla
487 2736 588 2768 super
611 2737 789 2768 saevosque.
810 2737 930 2759 canum
957 2739 1038 2770 pan-

335 2777 441 2810 debat
465 2776 605 2810 hiatus.'
660 2776 737 2810 Lib.
763 2785 839 2810 xiv.
876 2779 886 2796 ‘
902 2779 1039 2821 Scyllaei

533 222 676 253 NOTAE
711 222 975 254 VARIORUM
1011 223 1062 253 IN
1098 225 1173 255 GL.
1205 223 1390 255 CLAUD.
1424 225 1498 255 111.

1045 322 1181 348 tacuere
1198 317 1322 350 canes)
1368 317 1472 349 Ovid.
1487 318 1581 349 Fast.
1601 326 1651 350 rv.
1673 318 1683 335 ‘
1699 319 1745 350 Et

1045 377 1102 397 vos
1118 368 1255 408 Scyllaei
1271 367 1436 408 naufraga
1451 371 1602 398 monstra
1617 369 1747 400 canesz'

1045 424 1147 459 atque
1165 420 1212 449 ita
1230 419 1297 449 alii.
1624 416 1629 425 ⁴

1087 471 1149 500 297
1177 468 1239 500 Sed
1254 469 1388 500 moribus
1403 468 1520 509 impar]
1559 468 1669 500 Nemo
1682 467 1748 499 hoc

1047 519 1178 549 nesciat
1195 519 1348 559 dispares
1366 528 1475 550 mores
1499 528 1572 549 esse
1590 518 1750 549 vitiorum

1048 574 1151 609 atque
1191 568 1378 607 virtutnn1;
1416 569 1584 607 Lucanus,
1611 567 1671 599 lib.
1700 576 1754 598 rx.

1048 621 1056 636 ⁴
1073 620 1171 649 Tunc
1188 619 1329 658 respicit
1345 628 1459 650 omnes
1481 619 1521 649 In
1538 622 1628 649 coetn
1646 622 1754 649 motu-

1050 680 1115 711 que
1133 670 1246 701 viros.’
1290 670 1335 701 Et
1360 680 1438 701 sane
1456 680 1522 701 non
1538 671 1581 701 de
1596 669 1757 709 moribus,

1051 721 1109 750 sed
1127 721 1167 750 de
1192 730 1306 760 pugna
1333 722 1579 752 contrariarum
1605 721 1696 752 iuter
1719 730 1755 751 se

1054 771 1198 811 partium
1215 771 1366 811 loquitur
1381 771 1501 803 Poeta.
1549 771 1687 803 Sublime
1702 781 1757 802 au-

1055 824 1123 849 tem
1147 824 1322 850 certamen
1347 819 1433 851 dixit
1455 821 1544 861 quod
1573 821 1615 852 ad
1643 821 1756 852 clavos

1056 869 1157 909 Reip.
1185 874 1379 909 gereretur,
1404 873 1552 901 omnium
1576 871 1695 902 animis
1723 871 1758 901 in

1056 923 1214 949 eventum
1232 920 1387 957 arrectis,
1409 925 1443 950 et
1461 921 1658 960 gloriosum,
1674 920 1762 951 cele-

1057 969 1128 1007 bre,
1144 973 1254 1000 notat.
1302 969 1423 1001 Horat.
1449 970 1615 1001 ‘Sublimi
1641 969 1762 1001 feriam

1058 1019 1171 1050 sidera
1185 1021 1340 1051 vertice)

1102 1070 1163 1100 Sed
1200 1070 1334 1101 moribus
1362 1071 1464 1112 impar
1495 1071 1656 1103 Virtutum
1678 1071 1766 1101 scele-

1058 1129 1186 1159 rumque
1214 1119 1300 1159 fuit]
1333 1121 1420 1150 Tres
1459 1121 1580 1160 scripti
1613 1120 1766 1151 motibus.-

1061 1169 1151 1210 quod
1169 1169 1329 1200 Barthius
1342 1170 1519 1210 amplexus
1535 1174 1610 1202 est:
1634 1169 1682 1201 nil
1697 1179 1767 1200 mu⁴

1061 1224 1118 1250 to:
1148 1229 1246 1250 mores
1270 1220 1396 1252 incidite
1422 1219 1513 1260 apud
1545 1219 1765 1250 Martialem:

1062 1280 1161 1301 mores
1176 1270 1326 1309 oequorz's:
1350 1270 1390 1300 de
1402 1270 1524 1311 quibus
1536 1270 1668 1301 erudite
1682 1270 1770 1302 Gro-

1063 1320 1184 1351 novius
1199 1319 1377 1350 Diatribes
1395 1320 1573 1360 Statianae,
1586 1330 1615 1352 c.
1629 1322 1684 1353 29.
1721 1320 1769 1351 D.

1066 1371 1180 1402 Heius.

1111 1422 1172 1450 301
1209 1418 1330 1457 Infecto
1357 1420 1443 1460 coelo]
1483 1419 1589 1451 Aere.
1633 1419 1773 1451 Lucret.

1066 1469 1127 1500 lib.
1145 1479 1196 1500 vr.
1223 1473 1231 1487 ‘
1249 1464 1526 1501 mortifer‘aestus
1548 1468 1647 1501 A'eris
1661 1478 1774 1500 emen-

1069 1530 1123 1552 sus
1142 1520 1289 1561 spatium
1307 1530 1512 1561 camposque
1525 1519 1704 1551 natantes?

1115 1573 1178 1601 302
1206 1570 1330 1601 Primos
1353 1571 1503 1610 pecudum
1526 1570 1704 1611 depascitur
1724 1579 1776 1600 ar-

1070 1621 1138 1661 tus]
1161 1621 1218 1652 Ita
1232 1621 1391 1652 meliores
1408 1620 1550 1660 scripti:
1575 1630 1643 1651 non
1655 1619 1778 1661 primo:

1070 1672 1132 1703 lib.
1158 1681 1184 1702 1.
1211 1672 1246 1702 in
1272 1672 1418 1712 Eutrop.
1441 1673 1450 1688 ‘
1468 1671 1567 1702 rebus
1592 1670 1674 1702 Eois
1698 1670 1779 1702 Exi-

1075 1722 1157 1752 tium
1176 1721 1355 1762 primoque
1372 1720 1436 1751 sibi
1453 1719 1638 1760 produxit!
1661 1720 1720 1752 lib.
1736 1729 1779 1752 11.

1072 1771 1105 1802 in
1118 1771 1252 1802 Stilich.
1269 1772 1277 1787 ‘
1293 1771 1436 1811 primam
1452 1771 1618 1801 scelerum
1633 1775 1780 1802 matrem

1074 1822 1184 1854 trudis
1212 1813 1400 1852 Avaritiam
1416 1820 1436 1851 :'
1460 1821 1508 1851 sic
1536 1826 1680 1861 utroque
1703 1821 1780 1852 loco

1075 1882 1151 1904 cum
1184 1872 1389 1902 membranis
1420 1871 1613 1911 legendum.
1659 1871 1782 1912 Vin-gu.

1074 1923 1135 1954 lib.
1152 1931 1200 1953 vr.
1223 1925 1232 1939 ‘
1250 1922 1392 1962 primam
1418 1922 1477 1963 qui
1503 1922 1636 1962 legibus
1661 1922 1782 1953 urbem

1076 1972 1270 2004 Fundabit.'
1324 1973 1381 2004 Ita
1408 1972 1516 2003 citant
1544 1972 1784 2012 Grammatici,

1077 2029 1113 2055 et
1127 2024 1329 2064 Spartianus
1354 2024 1388 2054 in
1416 2023 1487 2054 vita
1510 2022 1691 2060 Hadriani,
1715 2032 1784 2054 non

1075 2074 1214 2114 primus:
1236 2083 1301 2104 nec
1326 2073 1426 2104 aliter
1452 2072 1521 2103 illic
1545 2072 1694 2113 optimus
1709 2072 1785 2103 Me-

1079 2127 1207 2157 diceus.
1239 2125 1353 2164 Silius,
1367 2124 1424 2156 lib.
1440 2133 1476 2156 x.
1505 2124 1514 2140 ‘
1529 2124 1605 2156 Jam
1622 2123 1731 2155 maria
1746 2133 1787 2155 ac

1079 2182 1191 2209 terras
1218 2175 1432 2217 primamque
1458 2176 1629 2205 invaserat
1644 2173 1788 2205 nrbem.’

1081 2227 1204 2259 Cicero
1220 2226 1373 2266 Philipp.
1391 2234 1432 2256 11.
1455 2227 1465 2242 ‘
1481 2228 1519 2255 ut
1541 2234 1618 2255 eum
1642 2224 1787 2265 primum

1080 2277 1251 2308 nominem
1275 2286 1318 2307 ex
1343 2275 1433 2306 illius
1449 2275 1614 2315 temporis
1635 2274 1790 2306 consula-

1082 2328 1172 2359 ribus
1186 2327 1206 2358 z’
1229 2336 1297 2357 non
1320 2326 1437 2366 primo,
1458 2326 1596 2367 optimae
1621 2323 1789 2355 membra-

1082 2389 1146 2410 nae.
1193 2379 1239 2408 D.
1258 2378 1372 2408 Heius.

1127 2431 1189 2459 303
1229 2427 1384 2467 Urbesque
1408 2425 1509 2467 rapit]
1553 2424 1790 2457 Habitatores.

1084 2480 1202 2510 Barth.

1133 2529 1298 2569 Venusque
1308 2528 1458 2568 perustis]
1482 2527 1633 2567 Venisque
1647 2536 1792 2568 excerp-

1088 2585 1121 2611 ta
1133 2578 1316 2618 Pomponii
1329 2578 1438 2608 Laeti:
1463 2578 1563 2618 quale
1576 2576 1736 2608 mendum
1748 2586 1793 2607 ex

1089 2630 1227 2660 Nasone
1243 2628 1438 2659 sustulimus
1456 2628 1542 2658 Met.
1557 2637 1621 2658 vu.
1638 2630 1712 2659 557.
1726 2627 1793 2658 hoc

1088 2682 1164 2712 loco
1194 2684 1308 2710 tamen
1345 2679 1392 2709 nil
1420 2678 1547 2710 mutari
1575 2678 1702 2719 placet.
1745 2678 1794 2710 D.

1089 2730 1205 2762 Heius.

1132 2783 1194 2813 305
1231 2779 1351 2813 Avidus
1382 2778 1506 2821 praedo]
1559 2778 1795 2821 Symmachus,
