1836 3228
277 227 387 269 1088
738 227 813 257 cr„
847 218 1129 255 ehAumANi
1164 215 1283 246 xnv.

920 440 1092 491 XLV.

749 619 792 660 2.
873 606 1290 657 HYSTRIX.

1822 322 1836 707 “fi““fflfflss-sae
1824 202 1836 318 m-’JQJ-
1825 188 1836 196 ‘1
1834 173 1836 180 .

1827 699 1836 783 ..η-,ιτ-

795 770 1248 810 ARGUMENTUM.

331 881 530 913 Hrsrmcis
559 872 767 916 praedicatur
782 869 906 910 figura,
930 875 1037 904 arma,
1053 872 1181 905 pugna,
1197 859 1382 898 caniditas,
1398 860 1434 888 et
1449 852 1618 887 industria
1634 851 1667 882 in
1681 859 1754 882 eer-

290 936 428 974 tamina‚
446 940 521 973 quae
538 932 637 960 tanta
652 929 715 965 est,
730 927 769 954 ut
783 921 864 953 inde
880 919 1031 951 homines
1049 915 1208 957 exempla
1221 910 1414 945 sumserint.

1821 888 1824 968 q-‘
1822 758 1836 881 “”ι-’”“““
1822 710 1826 752 '-

294 1111 611 1170 JxUDlERAM,
630 1117 922 1165 memorande,
943 1118 1060 1164 tuas,
1084 1109 1357 1167 Stymphale,
1382 1106 1588 1149 volueres

297 1191 484 1246 Spicula
503 1187 712 1230 vulnifico
734 1185 954 1240 quondam
976 1182 1194 1236 sparsisse
1213 1178 1376 1219 volatu.

297 1259 395 1301 Nec
416 1258 524 1299 mihi
545 1254 769 1297 credibilis
788 1252 958 1293 ferratae
983 1248 1139 1290 fabula
1157 1247 1303 1300 pinnae

296 1326 413 1367 Visa
429 1326 516 1366 diu.
579 1323 722 1363 Datur
744 1332 849 1360 ecce
870 1319 997 1366 fides,
1020 1321 1064 1357 et
1084 1314 1287 1366 cognitus
1306 1308 1478 1362 hystrix

301 1392 547 1434 Herculeas
570 1387 757 1429 affirmat
777 1398 898 1426 aves.
959 1384 1026 1425 Os
1044 1382 1220 1434 longius
1241 1378 1307 1418 illi
1740 1367 1767 1406 5

343 1514 544 1552 Acceperam,
560 1520 579 1541 o
592 1507 776 1550 Stymphale
791 1505 984 1543 celebrande,
996 1506 1068 1534 tuas
1080 1509 1152 1532 aves
1162 1499 1236 1530 olim
1247 1494 1384 1528 emisisse
1397 1492 1460 1524 tela
1472 1489 1598 1529 letifera
1618 1482 1748 1520 vola'ndo
1760 1495 1771 1516 ε

302 1566 398 1595 neque
406 1555 517 1594 fabula
529 1554 650 1584 alarum
658 1551 840 1589 ferrearum
856 1549 924 1578 visa
940 1551 994 1577 est
1009 1545 1088 1576 mihi
1108 1544 1162 1574 diu
1178 1538 1370 1582 probabilis.-
1391 1546 1429 1567 en
1444 1532 1626 1577 fideshuic
1647 1528 1771 1562 adhibo-
1822 1547 1825 1551 -

304 1604 369 1639 tur,
392 1602 423 1629 et
441 1596 582 1637 Hystrz’oe
597 1598 687 1625 notus
703 1593 797 1631 mihi,
821 1589 935 1631 probat
963 1597 1037 1619 esse
1058 1587 1143 1618 tales
1166 1584 1303 1615 volucres
1319 1578 1501 1612 Herculeas.
1545 1574 1601 1606 1112·
1616 1569 1773 1614 Hystrici
1822 1571 1825 1594 i

919 1669 1156 1684 eeeeeeeeeeee

349 1748 431 1778 Vat.
447 1756 497 1787 pr.
514 1754 580 1776 non
602 1743 704 1774 habet
720 1743 784 1773 hoc
806 1748 955 1772 carmen.
980 1736 1074 1768 Med.
1098 1737 1210 1776 quart.
1234 1730 1387 1763 inscribit
1402 1730 1439 1760 de
1457 1725 1599 1758 Histrice
1613 1732 1680 1755 ave.
1723 1721 1776 1752 De
1818 1728 1824 1758 ς

309 1790 452 1823 Histrice
467 1789 593 1819 Mon-et.
612 1797 663 1827 pr.
682 1787 765 1816 Lov.
799 1786 837 1814 de
852 1782 965 1813 Istrice
988 1778 1084 1810 Med.
1110 1787 1161 1818 pr.
1207 1776 1258 1807 De
1281 1772 1433 1814 Hystrice
1457 1771 1543 1801 Exc.
1562 1768 1707 1798 Lucens.
1723 1773 1776 1805 pr.
1820 1761 1824 1771 ’

310 1835 453 1865 Bucusta
480 1836 548 1861 vet.
575 1829 660 1861 Cod.
690 1827 824 1859 Daniel.
870 1826 923 1855 De
950 1822 1105 1860 Histric-e,
1128 1829 1217 1860 quem
1242 1817 1372 1848 dicimus
1398 1822 1522 1855 porcum
1546 1811 1701 1851 spinosum
1720 1806 1777 1837 ed.

308 1877 423 1907 Parm.
454 1875 486 1904 in
502 1874 583 1903 Var.
601 1873 669 1902 LL.
694 1881 713 1901 e
736 1879 841 1908 marg.
859 1869 975 1898 Parm.
999 1863 1175 1903 inscriptio
1190 1861 1323 1892 deerat.
1362 1858 1405 1888 de
1421 1855 1583 1896 Hys'trice
1601 1852 1669 1883 vid.
1686 1849 1779 1881 Plio.

312 1919 372 1950 lib.
387 1926 466 1948 vm.
483 1926 511 1947 e.
529 1918 580 1946 38.
596 1914 774 1945 Frisvhiin.
791 1912 823 1942 in
842 1909 1039 1942 Callimach.
1058 1917 1090 1947 p.
1105 1908 1158 1936 26.
1175 1903 1316 1935 Pantin.
1330 1901 1363 1931 in
1382 1898 1596 1940 Apostolium
1611 1906 1642 1935 p.
1659 1895 1734 1924 319.

357 1965 374 1992 1
409 1959 577 2000 Tymphale
608 1957 674 1987 duo
708 1955 803 1986 Med.
815 1972 857 1976 ——
871 1956 890 1984 2
927 1952 1050 1983 tandem
1087 1947 1234 1989 sparsisse
1269 1946 1364 1976 Rott.
1380 1961 1423 1965 —
1439 1944 1458 1972 3
1490 1940 1563 1970 Non
1592 1933 1782 1968 incredibilis

311 2004 391 2034 Vat.
409 2012 476 2033 sec.
514 2001 593 2032 Haec
621 1999 698 2030 mihi
723 1997 874 2029 terribilis
896 1995 1024 2026 Moret.
1052 2002 1102 2032 pr.
1137 1989 1268 2021 crudelis
1283 1988 1365 2017 Var.
1385 1985 1453 2015 LL.
1471 1983 1523 2013 ed.
1540 1982 1644 2012 Antv.
1667 1988 1713 2009 m.
1728 1985 1781 2018 pr.

307 2045 440 2084 ferratae
459 2044 529 2082 fab.
553 2054 660 2083 pennae
684 2040 813 2072 Buslid.
839 2039 961 2075 furata>
980 2035 1093 2075 fabula
1117 2034 1221 2074 pinnoe
1248 2032 1332 2062 Lov.
1366 2027 1485 2068 spicula
1502 2034 1563 2064 pro
1579 2022 1692 2061 fabula
1706 2019 1782 2051 Pal.

311 2089 418 2129 pinnoe
433 2088 497 2118 inc.
515 2087 636 2117 Heins.
654 2086 736 2115 Exc.
750 2084 896 2114 Lucens.
915 2090 965 2120 pr.
999 2088 1109 2119 pennce
1132 2077 1210 2106 Vat.
1228 2077 1308 2104 tert.
1325 2077 1361 2102 et
1382 2075 1493 2112 quart.
1510 2067 1617 2099 Oisel.
1630 2065 1782 2096 Floreat.

316 2136 386 2161 tres
404 2131 497 2161 Med.
514 2130 635 2160 Petav.
660 2138 726 2158 sec.
754 2125 874 2156 Ambr.
897 2128 975 2154 tert.
991 2121 1074 2152 Cod.
1092 2119 1208 2158 Epigr.
1227 2116 1342 2147 Ambr.
1357 2115 1440 2144 Var.
1458 2111 1528 2143 LL.
1546 2109 1600 2140 ed.
1617 2107 1721 2139 Antv.
1736 2114 1783 2135 m.

316 2176 447 2204 sec.-4
471 2173 534 2203 dies
551 2173 704 2203 Florent.
737 2170 804 2200 dies
818 2179 835 2201 q
852 2165 984 2198 Buslid.
1020 2162 1145 2194 Histris
1161 2159 1293 2191 Busiid.
1328 2157 1442 2188 Hister
1467 2154 1543 2185 Pal.
1560 2152 1628 2182 duo
1645 2148 1784 2181 Med.—

318 2219 335 2247 5
360 2225 428 2246 oves
454 2225 516 2256 pro
544 2224 615 2246 aves
642 2214 794 2244 Fkorent.
815 2203 834 2219 Τ
851 2209 974 2248 longius
998 2207 1061 2238 illis
1086 2203 1285 2236 Buslid.—-6
1307 2198 1471 2232 Assimilat
1495 2194 1592 2228 Med.
1618 2202 1686 2225 sec.
1716 2191 1785 2223 inc.

982 2304 1123 2345 NorAE

365 2395 523 2437 Hystrix]
557 2393 716 2435 Hystrix,
748 2401 848 2433 quem
886 2399 1026 2431 porcum
1124 2388 1141 2416 1
1167 2380 1367 2424 Stymphale]
1408 2377 1627 2420 Stymphalus
1652 2377 1705 2406 est
1729 2383 1788 2405 no-

320 2448 475 2489 epineum
492 2450 626 2483 vocant,
637 2449 687 2475 est
698 2443 818 2474 animal
831 2441 936 2482 spinis
949 2450 1027 2471 con·
1081 2445 1158 2468 men
1175 2434 1282 2472 urbis,
1294 2431 1430 2471 montis,
1452 2428 1599 2471 paludis,
1615 2425 1673 2457 ubi
1688 2428 1789 2457 erant

322 2501 469 2536 textum,
507 2506 548 2526 ex
579 2503 706 2534 genere
743 2492 1026 2523 Herinaceorum.
1082 2496 1161 2517 aves
1186 2486 1253 2516 illae
1279 2483 1415 2521 fatales,
1439 2481 1499 2512 alis
1515 2479 1583 2509 suis
1601 2478 1712 2508 Solem
1730 2475 1787 2507 ob-

324 2549 418 2582 Hinc
434 2546 603 2578 Isidorus:
634 2549 643 2562 ‘
662 2544 821 2584 Hystrix,
845 2542 968 2572 animal
985 2551 1027 2572 ex
1082 2540 1270 2574 scurantes,
1286 2543 1368 2575 quas
1383 2531 1514 2562 domuit
1530 2527 1711 2560 Hercules.
1735 2526 1788 2557 De

324 2599 446 2633 Africa
473 2596 659 2629 Herinacei
690 2595 811 2632 simile,
840 2598 981 2623 vocatur
1011 2601 1030 2621 a
1081 2588 1130 2617 his
1150 2585 1239 2616 alibi.

326 2650 500 2691 spinarum
516 2646 674 2685 stridore,
690 2654 771 2685 quas
789 2648 886 2682 tergo
898 2643 1030 2672 laxatas
1126 2640 1146 2667 2
1175 2634 1326 2675 Vulnifico
1342 2631 1461 2670 volatu]
1485 2629 1575 2661 Aves
1586 2626 1790 2669 Stymphali-

327 2699 464 2737 emittit,
485 2702 523 2729 ut
548 2706 650 2728 canes
673 2695 890 2734 insequentes
915 2691 1030 2721 vulne·
1089 2687 1148 2717 des
1173 2686 1207 2716 in
1233 2684 1292 2715 alis
1320 2682 1487 2724 gerebant
1514 2680 1609 2712 velut
1634 2677 1789 2720 quaedam

326 2748 402 2781 ret?
449 2748 515 2778 Vel
536 2747 663 2779 dicitur
678 2744 781 2784 ὕσθριξ
797 2743 839 2773 ab
856 2741 901 2781 ὓς,
917 2750 980 2782 sus,
995 2745 1032 2771 et
1085 2737 1227 2778 spicula,
1250 2734 1372 2776 quibus
1393 2731 1540 2763 volando
1556 2729 1791 2768 vulnerabant,

328 2799 402 2841 θρὶξ,
412 2799 504 2841 pilus.
1086 2787 1121 2818 id
1137 2786 1227 2828 quod
1244 2784 1371 2817 accidit
1384 2781 1605 2824 Argonautis.
