1852 3182
650 231 912 264 EinYLmA.
1419 233 1532 275 1089

74 317 318 362 Assimulat
338 333 541 374 porcum:
572 324 763 365 mentitae
787 338 952 368 cornua
973 333 1079 372 setae

74 385 256 427 Summa
273 388 410 427 fronte
432 389 569 440 rigent
587 403 595 430 :
622 392 765 432 oculis
785 394 906 434 rubet
922 395 1073 446 igneus
1093 398 1243 441 ardor:

74 452 222 495 Parva
241 455 320 494 sub
341 455 504 495 hirsuto
524 458 655 498 catuli
678 461 862 513 vestigia
883 462 1033 505 dorso.

73 518 203 561 Hanc
226 527 376 561 tamen
397 524 601 575 exiguam
621 527 731 567 miro
751 532 906 570 natura
925 532 1034 571 tueri

70 584 288 628 Praesidio
310 588 489 641 dignata
508 591 660 633 feram.
722 594 823 635 Stat
844 609 1028 649 corpore
1050 602 1143 640 toto
1475 606 1530 647 10

70 652 205 705 Sylva
226 655 399 707 minax3
423 658 678 712 jaculisque
699 661 846 713 rigens
867 664 911 704 in
934 666 1088 718 praelia
1110 669 1273 710 crescit

69 718 292 761 Picturata
313 735 455 775 seges,
478 739 661 778 quorum
682 735 782 769 cute
804 730 893 771 fixa
914 735 1056 774 tenaci

66 783 219 827 Altera
239 789 477 840 subtraxit,
501 793 852 849 alternantesque
874 799 1069 841 colorum

65 851 228 895 Tincta
247 856 382 907 vices,
406 861 566 912 spatiis
588 862 984 916 internigrantibus,
1007 869 1099 909 exit

65 918 118 960 In
139 922 294 964 solidae
318 926 515 977 speciem
536 929 697 981 pinnae,
720 934 983 986 tenuataque
1004 935 1153 977 furtim
1472 945 1528 986 15

61 1043 196 1072 rostrum
206 1041 366 1083 oblongius
375 1051 577 1085 reprcrsentat
588 1059 686 1080 suem:
699 1061 810 1082 cornua
815 1051 912 1090 salsa>
927 1058 1002 1085 seta>
1014 1056 1170 1093 rigescunt
1184 1057 1217 1088 in
1232 1060 1298 1090 alta
1300 1061 1427 1096 fronte:
1438 1064 1528 1102 vigor

52 1083 219 1123 flammeus
233 1087 321 1116 ardet
339 1087 370 1117 in
387 1090 481 1118 oculis
503 1090 596 1129 ejus:
622 1092 675 1122 sub
690 1094 778 1124 dorso
796 1095 948 1135 ejusdem
966 1097 1096 1138 hispido,
1109 1100 1217 1138 eit-igni
1231 1104 1322 1141 pedes
1340 1105 1427 1136 sicut
1442 1107 1529 1137 canis

63 1126 170 1164 parvi.
214 1127 362 1159 Attamen
380 1131 503 1162 Natura
519 1133 649 1172 dignata
675 1141 728 1166 est
750 1138 869 1168 munire
885 1140 1073 1171 munimento
1093 1143 1271 1175 admirabili
1297 1145 1374 1177 hanc
1393 1158 1525 1187 parvam

61 1167 199 1200 bestiam.
238 1171 374 1209 Spicula
386 1173 536 1205 minantia
553 1177 660 1207 instar
675 1180 770 1218 sylvoe
785 1182 974 1212 attolluntur
989 1183 1020 1213 in
1037 1187 1102 1214 toto
1128 1185 1200 1225 ejus
1226 1198 1373 1228 corpore;
1397 1195 1426 1221 et
1441 1201 1529 1229 seges

60 1210 181 1241 diversa
197 1211 323 1244 horrens
339 1215 410 1245 telis
432 1216 563 1256 effertur
578 1221 618 1250 ad
633 1222 815 1261 certamina,
837 1234 964 1263 quorum
988 1227 1132 1258 telorum
1153 1230 1248 1260 radix
1260 1231 1414 1270 profunda
1430 1235 1526 1274 affixa

60 1252 93 1282 in
107 1254 184 1292 pelle
194 1255 293 1295 firma
311 1256 498 1297 inha’rescit,
514 1264 542 1290 et
557 1265 679 1293 mutans
700 1265 838 1296 alternas
858 1267 1087 1300 vicissitudines
1101 1272 1246 1312 colorum,
1268 1274 1443 1306 intervallis
1456 1276 1525 1307 sub—

60 1295 160 1336 nigris
175 1299 305 1337 emergit
317 1299 349 1329 in
365 1310 479 1332 morem
495 1304 604 1343 spiculi
619 1306 722 1347 solidi,
739 1312 766 1338 et
783 1309 896 1340 sensim
912 1311 1052 1342 minuens
1075 1322 1151 1344 sese
1178 1324 1217 1345 ac
1241 1317 1368 1359 poliens,
1384 1320 1525 1350 extendit

673 1399 909 1414 eeeeeeeeeeee

58 1445 177 1478 Heins.
204 1447 285 1480 Pur.
313 1449 434 1481 Petav.
463 1462 511 1492 pr.
540 1453 672 1485 Bonon.
710 1457 882 1489 Assimulat
910 1460 988 1492 Vat.
1006 1465 1085 1493 tert.
1102 1467 1136 1494 et
1153 1470 1265 1504 quart.
1281 1466 1354 1498 Pal.
1371 1466 1525 1501 Florem.

58 1488 125 1519 ‹luo
144 1490 239 1521 Med.
256 1493 379 1523 Moret.
397 1503 448 1532 pr.
467 1494 583 1526 Ambr.
602 1502 682 1528 tert.
710 1499 842 1531 Buslid.
867 1502 952 1533 Exc.
972 1504 1115 1536 Lucens.
1134 1516 1185 1546 pr.
1201 1508 1282 1539 Var.
1300 1509 1365 1540 LL.
1380 1520 1397 1541 e
1415 1521 1521 1553 marg.

59 1531 174 1562 Parm.
209 1537 330 1572 portum
357 1535 432 1566 Pal.
470 1537 598 1568 minutoe
623 1550 736 1569 cornua
765 1541 840 1571 Pal.
866 1543 933 1573 duo
950 1545 1044 1577 Med.
1073 1548 1153 1584 selis
1170 1550 1248 1580 Vat.
1266 1561 1334 1582 sec.
1352 1562 1394 1582 m.
1410 1563 1522 1584 sec.—

56 1575 76 1603 7
98 1575 331 1612 summesronte
346 1577 427 1607 Lov.
451 1580 550 1609 oculos
566 1580 641 1610 Pal.
659 1582 780 1612 Petav.
799 1592 866 1614 sec.
899 1588 997 1617 oculos
1011 1588 1103 1619 rubor
1118 1591 1227 1628 igneus
1238 1594 1326 1623 ardet
1344 1594 1409 1624 duo
1426 1596 1522 1629 Med.

56 1615 110 1646 ed.
126 1616 307 1648 Parni.-—9
331 1629 415 1649 muro
434 1621 652 1653 Rasna—10
675 1628 787 1655 natura
804 1635 864 1665 pro
879 1628 1011 1664 dignata
1028 1631 1108 1662 Vat.
1127 1642 1194 1663 sec.
1230 1635 1375 1666 damnata
1393 1638 1522 1671 Buslid.

56 1661 138 1689 -11
153 1659 328 1701 jaculisque
344 1671 456 1701 rugens
471 1664 552 1694 Lov.
586 1666 695 1704 ingens
711 1667 793 1698 Exc.
811 1669 955 1700 Lucem.
974 1681 1024 1711 pr.
1056 1674 1166 1712 vigens
1180 1675 1244 1707 inc.
1260 1676 1381 1709 Heins.
1400 1679 1522 1714 Petav.

56 1709 107 1741 pr.
131 1701 261 1734 Bonon.
288 1704 364 1735 Ald.
394 1707 473 1736 Var.
492 1707 559 1737 LL.
585 1717 603 1737 e
632 1718 737 1749 marg.
761 1710 877 1742 Parm.
916 1713 1024 1745 minax
1050 1715 1170 1749 Ambr.
1195 1728 1246 1757 pr.
1274 1720 1401 1752 Moret.
1424 1732 1521 1761 pr.—

56 1745 97 1774 12
120 1744 284 1776 Pictatura
297 1746 341 1777 id.
357 1748 485 1779 Moret.
511 1750 676 1781 Picturata
690 1762 776 1791 seges
790 1754 923 1793 dorsum,
935 1757 1085 1798 cutefixa
1100 1762 1216 1799 tenaci,
1232 1761 1296 1792 Ceu
1307 1764 1385 1793 vallo
1401 1765 1521 1797 obtexit

54 1786 108 1816 vel
134 1786 280 1819 obtexens
302 1789 368 1829 leg.
394 1790 514 1822 Heins.
558 1795 657 1824 teneri
680 1804 740 1834 pro
771 1797 871 1827 tenaci
902 1799 974 1830 Pal.
1005 1800 1072 1831 duo
1099 1802 1279 1834 Mea—13
1306 1806 1420 1837 Alvum
1451 1808 1521 1838 sub-

55 1829 157 1859 traxit
175 1829 288 1862 Ambr.
306 1836 385 1863 tert.
421 1834 501 1864 Alco
527 1835 685 1867 subtraxit
712 1838 841 1871 Bonon.
880 1841 961 1872 Alba
980 1843 1174 1875 subattraxit
1200 1846 1286 1878 Exc.
1304 1848 1448 1880 Lucens.
1465 1860 1518 1890 pr.

53 1870 152 1902 Albas
175 1874 227 1903 ubi
252 1876 354 1905 traxit
378 1875 457 1906 Ald.
482 1877 563 1908 Var.
589 1879 656 1909 LL.
682 1890 699 1909 e
724 1891 828 1921 marg.
851 1883 965 1916 Parm.
999 1886 1110 1917 Altera
1127 1888 1193 1919 duo
1208 1889 1520 1925 Vatt.Pa1.01se1.

54 1913 137 1945 Lov.
154 1915 283 1948 anlid.
300 1917 413 1950 Oxon.
429 1929 495 1950 sec.
530 1920 644 1952 Alvum
668 1923 748 1954 Vat.
773 1934 840 1955 sec.
875 1927 1034 1958 subtraxit
1062 1929 1211 1962 Florent.
1234 1932 1329 1964 Med.
1357 1944 1424 1965 see.
1449 1935 1518 1968 inc.

54 1955 172 1988 Heins.
189 1959 271 1990 Put.
289 1960 354 1991 duo
374 1961 495 1993 Petav.
514 1963 594 1994 Lov.
611 1965 742 1997 ssuslid.
760 1967 875 1999 Oxon.
893 1979 962 2000 sec.
978 1971 1060 2002 Var.
1076 1972 1145 2003 LL.
1163 1973 1215 2004 ed.
1232 1974 1336 2006 Antv.
1372 1977 1518 2010 subtraxi

53 1998 120 2029 duo
137 2000 231 2031 Med.
254 2002 424 2034 substraxit
445 2004 560 2036 Ambr.
577 2016 628 2046 pr.
644 2008 770 2040 Moret.
789 2019 836 2049 pr.
860 2012 970 2043 Ardua
985 2013 1144 2045 subtraxit
1161 2016 1243 2047 Coa.
1262 2018 1379 2058 Epigr.
1398 2019 1516 2052 Ambr.

51 2041 163 2072 Altera
177 2045 338 2075 succrescit
353 2047 406 2076 vel
422 2047 503 2077 Alba
523 2049 716 2081 subattraxit
742 2057 810 2083 vet.
836 2053 919 2094 Gyr.
943 2057 1037 2086 calori
1054 2057 1271 2090 B11s1id.÷14
1297 2062 1417 2093 Cuncta
1431 2073 1519 2095 neces

54 2083 150 2114 Rott.
192 2086 303 2117 Tincta
320 2087 403 2119 Lov.
442 2090 554 2120 Cincta
568 2092 649 2122 Vat.
668 2098 747 2124 tert.
764 2095 837 2126 Pal.
854 2097 958 2128 Oisel.
996 2101 1115 2130 Cuncta
1139 2102 1216 2134 Vat.
1231 2112 1298 2134 sec.
1316 2104 1381 2134 inc.
1399 2105 1516 2137 Heins.

51 2127 152 2165 patris
170 2137 231 2167 pro
243 2130 354 2168 spatiis
367 2131 440 2161 Pal.
464 2133 579 2171 patriis
593 2134 687 2166 Med.
704 2142 815 2176 quart.
854 2139 1135 2179 internigrantibus
1151 2143 1268 2176 Ambr.
1287 2151 1366 2178 tert.
1384 2147 1517 2181 Buslid.

53 2168 136 2199 Cod.
153 2170 270 2210 Epigr.
287 2171 406 2203 Ambr.
426 2174 574 2206 Florent.
591 2176 657 2207 duo
676 2179 768 2209 Med.
793 2180 857 2211 duo
882 2182 1000 2214 Heins.
1025 2183 1090 2214 duo
1106 2185 1227 2218 Petav.
1245 2193 1311 2219 vet.
1330 2189 1413 2229 Gyr.
1430 2190 1516 2222 Put.

52 2210 136 2242 Exc.
152 2212 294 2245 Lucens.
313 2224 361 2253 pr.
379 2216 459 2247 Var.
478 2218 543 2247 LL.
561 2228 577 2247 e
595 2229 697 2260 marg.
717 2221 831 2253 Parin.
869 2223 1159 2265 intermigrantibus
1174 2230 1304 2262 Bonon.
1327 2232 1422 2264 Med.
1445 2243 1514 2265 sec.

52 2252 150 2286 Rott.
172 2255 258 2286 intus
281 2257 491 2297 migrantibus
517 2261 597 2292 Var.
624 2262 690 2294 LL.
718 2264 772 2295 ed.
799 2264 987 2298 Antv.—15
1012 2270 1111 2300 solitoe
1139 2271 1271 2303 Buslid.
1298 2275 1404 2314 pinnoe
1430 2277 1514 2308 Lov-

717 2361 747 2392 N
755 2361 857 2393 OTAE

92 2432 112 2461 6
127 2431 297 2463 Assimulat
306 2434 447 2474 porcum]
466 2436 552 2468 Sunt
565 2438 621 2479 qni
635 2439 751 2480 capite
804 2436 838 2484 aa
869 2443 1034 2484 δαφοιναῒς,
1069 2449 1115 2476 est
1154 2447 1337 2487 magnitudo
1375 2451 1509 2492 quidem,

48 2477 154 2520 lepori
171 2483 275 2522 magis
292 2483 435 2516 similem
452 2496 526 2518 esse
541 2487 667 2522 dicant.
804 2498 919 2534 quanta
933 2496 1015 2536 lupis
1027 2498 1173 2529 cruentis.

91 2530 334 2574 Mentitoesetae]
352 2536 428 2566 Non
445 2538 533 2569 enim
548 2544 621 2570 seta
632 2550 750 2572 revera
849 2547 888 2574 12
922 2546 1089 2578 Picturata
1114 2548 1212 2589 seges]
1244 2549 1386 2590 Spicula
1415 2552 1511 2593 picta

49 2584 114 2620 est,
142 2586 179 2612 ut
202 2593 394 2625 porcorum,
421 2588 480 2618 sed
512 2589 638 2630 aliquid
669 2592 749 2623 setis
803 2595 914 2626 varios
939 2596 1070 2628 colores
1102 2598 1300 2640 referentia,
1330 2607 1365 2633 et
1394 2607 1510 2634 erecta

48 2629 166 2661 simile.
802 2646 907 2676 instar
921 2647 1025 2686 sylvae
1043 2653 1079 2679 et
1093 2649 1262 2690 spicarum
1277 2652 1411 2692 segetis,
1428 2661 1508 2692 pau·

89 2681 110 2708 9
134 2680 308 2723 Exiguam]
332 2685 464 2726 Exigua
491 2688 562 2719 liaec
585 2688 659 2720 fera
683 2695 747 2730 est,
801 2695 897 2726 latim
913 2695 1132 2741 decrescunt,
1147 2704 1182 2731 et
1206 2700 1365 2733 desinunt
1379 2702 1412 2732 in
1429 2710 1510 2732 aeu-

45 2728 127 2759 licet
152 2729 330 2771 Oppianus
359 2735 423 2775 ipsi
451 2738 522 2777 lupi
545 2740 749 2779 magnitudi-
802 2753 890 2776 men.

47 2788 124 2810 nem
138 2779 279 2821 affingat
292 2794 299 2813 :
323 2784 453 2824 μέγεθος
463 2787 532 2830 μὲν,
545 2790 635 2822 ὁποῖα
646 2790 749 2822 λύκοι-

133 2832 249 2876 Deum.
262 2839 293 2867 et
314 2837 390 2871 Var.
408 2841 491 2874 Clas.
725 2846 835 2878 Claud.
1348 2855 1366 2882 3
1391 2853 1418 2884 Z
