1851 3213
236 211 254 250 1
264 209 349 251 398

237 313 279 345 de
304 312 413 345 tribus
439 313 536 345 bellis
562 313 716 352 Punicis,
740 312 864 354 quibus
886 311 945 343 ali-

236 370 321 406 quot
336 365 451 396 secula
465 365 639 405 Carthago
658 365 797 395 Romam
820 363 944 403 fatiga-

486 220 628 250 NOTAE
657 218 923 249 VAR10RUM
959 219 1008 248 ΙΝ
1046 218 1122 249 CL.
1155 217 1341 248 CLAUD.
1376 218 1459 249 XV.

995 311 1131 343 modum
1150 315 1273 351 gentes,
1295 311 1330 342 id
1355 315 1421 351 est,
1447 310 1623 352 barbaros,
1647 311 1705 352 qui

997 363 1150 393 Romano
1166 372 1232 393 non
1251 362 1417 402 parebant
1434 362 1590 403 irnperio,
1604 372 1623 393 a
1637 361 1707 393 sub-

237 416 297 447 vit.
336 415 488 447 Possunt
510 422 624 447 autem
639 420 674 446 et
691 415 781 446 bella
797 414 877 445 alibi
895 419 944 445 at-
987 413 1116 453 jugatis
1131 414 1309 446 distinxit:
1335 423 1375 445 ea
1392 415 1536 454 ratione,
1552 425 1618 456 qua
1629 415 1708 447 Jus-

237 476 302 507 que
326 467 359 497 in
386 465 490 498 Italia
508 478 527 497 a
550 467 640 506 Pop.
670 466 822 496 Romano
849 470 945 506 gesta

235 518 394 558 intelligi,
422 518 542 558 quibus
567 517 625 547 vix
650 517 801 558 quinque
822 517 945 547 seculis

237 577 272 598 se
289 568 530 608 expedierunt.
569 567 686 598 Barth.

282 621 324 649 89
349 618 420 649 Hoc
439 618 555 649 Fabius
571 617 727 658 fortisque
748 617 841 657 mihi]
866 618 946 649 Non

237 668 328 699 simul
351 668 496 710 Gyrald.
524 669 623 709 prim.
646 669 806 699 Vatican.
829 672 865 699 et
889 667 946 698 de-

238 727 313 749 cem
343 728 385 749 ex
416 718 550 750 nostris.
593 719 654 750 lib.
684 727 709 749 1.
738 718 771 748 in
804 719 946 757 Eutrop.

238 771 246 787 ‘
263 770 340 802 Hoc
357 771 437 802 mihi
459 770 619 802 Janicnlo
646 770 767 810 positis
782 770 948 800 Hetruria

238 821 360 851 castris
373 821 518 854 Quaesiit
531 821 554 850 ?’
579 821 688 851 Panlo
705 825 785 850 ante
800 820 856 850 hoc
866 820 949 850 mille

239 881 304 902 non
336 872 401 902 hoec
432 882 475 902 ex
506 872 712 902 membranis
742 871 947 911 legendum:

238 932 317 952 usus
342 923 478 962 elegans
506 922 563 952 τοῦ
587 922 665 953 mihi
680 922 743 953 hoc
759 931 877 952 sensu:
907 921 949 952 de

240 982 307 1013 quo
339 972 430 1003 inter
461 973 542 1003 alios
575 973 617 1003 ad
646 982 680 1003 v.
712 972 820 1005 Theb.
847 972 951 1003 Statii

241 1022 448 1062 Gronovius,
465 1033 513 1054 vs.
525 1026 602 1054 579.
626 1024 672 1055 D.
690 1023 803 1054 Heius.

283 1077 322 1105 91
361 1075 576 1113 Compulimus
624 1075 727 1105 dirum
762 1073 951 1115 Syphacem]

242 1126 361 1157 Dirum
378 1125 590 1156 Hannibalem
606 1126 704 1156 malit
719 1126 897 1165 Batauus,
915 1129 953 1156 ut

241 1175 441 1207 consulatur
456 1175 632 1206 Historiae.
659 1176 757 1207 [clem.

286 1225 477 1266 Syphacem]
516 1226 716 1265 Exaggerat
752 1225 854 1265 Regis
888 1225 953 1254 vir-

241 1281 350 1307 tutem
383 1286 445 1316 per
476 1275 651 1315 adjectum
679 1274 800 1306 hostile
825 1274 954 1315 epithe-

244 1333 316 1359 ton.
353 1327 421 1358 Sed
450 1330 487 1357 et
514 1325 664 1366 alioquin
693 1334 760 1356 non
786 1324 852 1356 fuit
879 1325 954 1365 ejus

246 1379 382 1410 omnino
399 1388 534 1418 expers.
570 1379 644 1418 Ego
661 1387 740 1408 vere
755 1386 878 1408 nomen
895 1376 955 1407 hu-

239 1430 295 1470 jus
311 1429 403 1470 regis
423 1429 488 1460 hoc
517 1428 582 1459 loci
609 1433 808 1468 suspectum
834 1427 955 1458 habeo.

245 1480 324 1510 Non
347 1479 436 1510 enim
461 1478 630 1519 compulit
647 1477 690 1508 ad
707 1487 873 1508 venenum
889 1477 955 1508 Po-

244 1530 342 1570 pulus
358 1530 398 1561 R.
412 1530 615 1570 Syphacem.
641 1529 759 1560 Barth.

287 1581 478 1622 Syphacem]
518 1581 605 1612 Sunt
633 1580 691 1622 qui
714 1580 852 1612 nomina
878 1589 955 1620 pro-

244 1633 320 1673 pria
332 1633 402 1663 sine
416 1632 575 1673 scrupulo
597 1631 745 1671 varient,
771 1631 905 1672 sibique
920 1631 956 1662 in

245 1693 282 1714 re
297 1683 386 1714 seria
403 1692 522 1723 parum
539 1688 639 1714 cante
658 1693 698 1715 ac
715 1683 894 1715 moderate
909 1683 957 1714 in-

246 1734 431 1774 dulgeant:
467 1742 530 1774 ego
566 1733 678 1764 libens
718 1734 955 1765 contenderim

247 1794 313 1816 non
340 1784 402 1815 nisi
430 1793 554 1823 magna
584 1784 744 1823 exempla
780 1784 956 1825 sequenda

247 1845 337 1874 esse,
351 1835 419 1866 imo
436 1844 539 1875 parce
557 1834 735 1865 imitanda.
766 1835 890 1866 Clarer.

292 1889 333 1917 93
360 1887 404 1917 Et
428 1885 576 1916 Numida?
598 1884 746 1916 Gildonis
759 1885 865 1925 erunt]
885 1886 957 1916 Ma-

248 1938 320 1977 lim,
340 1937 368 1968 si
392 1946 455 1977 per
480 1936 585 1966 libros
614 1936 758 1967 liceret:
789 1937 798 1952 ‘
815 1937 864 1967 Ut
887 1937 959 1968 Nu-

248 1987 349 2018 midae
381 1985 538 2018 Gildonis
559 1986 663 2017 eant.’
699 1996 775 2017 cum
807 1986 961 2028 indigna-

250 2038 350 2069 tionis
367 2041 466 2068 nota:
496 2037 573 2067 vide
599 2040 698 2068 notas
722 2037 765 2068 ad
788 2036 962 2077 Epithala-

249 2088 353 2119 mium
371 2086 533 2126 Palladii,
551 2097 597 2118 vs.
616 2089 689 2117 137.
722 2087 767 2119 D.
783 2087 897 2119 Heius.

296 2138 445 2169 Gildonis
476 2137 582 2177 erunt]
620 2138 751 2169 Similia
782 2139 897 2179 priore
926 2139 959 2170 in

252 2187 398 2228 Eutrop.
416 2198 465 2219 vs.
481 2190 555 2220 213.
579 2188 698 2220 Barth.

294 2240 336 2268 94
373 2238 460 2268 Proh
488 2238 589 2278 labor]
629 2239 708 2270 Non
737 2241 834 2272 dolor.
863 2241 961 2281 prim.

252 2287 365 2318 Vatic.
382 2293 417 2318 et
432 2288 489 2318 alii
508 2289 643 2329 viginti.
661 2290 751 2331 quod
779 2300 962 2332 perperam

252 2337 427 2370 damnavit
443 2339 614 2371 Bartliius.
637 2341 682 2372 D.
699 2341 814 2373 Heius.

297 2389 336 2420 In
353 2389 472 2420 Bocchi
487 2390 634 2430 regnum]
670 2391 718 2422 Ut
733 2392 892 2424 Bocchus
907 2393 964 2424 ali-

254 2440 329 2481 quis
347 2444 407 2470 aut
421 2439 471 2470 illi
488 2440 606 2470 similis
634 2442 770 2481 regulus
795 2441 963 2474 barbarus

252 2488 373 2522 Africa
388 2490 570 2530 potiretur.
595 2490 712 2522 Barth.

296 2543 342 2573 96
364 2541 422 2571 Ille
436 2540 491 2571 diu
517 2540 606 2571 miles
626 2541 774 2582 populus]
796 2542 963 2574 Delectus

255 2590 346 2622 enim
363 2591 461 2631 primi
476 2590 607 2622 fiebant
630 2600 673 2621 ex
700 2592 964 2633 urbauajuven-

256 2645 342 2672 tute.
388 2641 435 2671 Et
459 2640 551 2671 inter
577 2642 668 2672 cives
691 2642 909 2681 juventutem
930 2644 963 2674 in

255 2691 357 2722 armis
383 2700 469 2731 esse,
493 2691 630 2723 tuendae
659 2692 762 2734 Reip.
787 2694 966 2726 constituit

256 2741 432 2773 Romulus.
455 2742 555 2773 Idem.

299 2795 342 2824 98
365 2791 559 2825 Horribilem
571 2794 697 2835 gentes]
718 2794 892 2827 Accurate
909 2796 967 2828 ad-

996 465 1114 496 tinian.
1131 467 1139 483 ‘
1153 465 1348 497 barbaricas
1363 465 1505 506 genteS‚’
1517 466 1551 497 in
1566 475 1706 506 prooem.

997 515 1111 549 Instit.
1129 517 1351 557 nuncupavit.
1377 517 1497 549 Delrio.

1041 567 1207 597 Placidum
1221 568 1358 609 sensere]
1378 568 1486 600 Juxta
1504 568 1586 600 illud
1601 567 1709 600 divini

997 617 1104 648 valis:
1130 618 1138 634 ‘
1156 618 1209 648 Tu
1237 628 1358 659 regere
1387 618 1537 659 Imperio
1564 619 1708 660 populos

999 669 1150 699 Romane
1167 674 1349 709 memento,
1367 669 1518 701 Parcere
1535 669 1710 712 subjectis,

998 723 1034 748 et
1051 719 1225 749 debellare
1243 720 1430 760 superbos!
1459 720 1578 751 Barth.

1041 770 1083 798 99
1109 769 1291 799 Miserabile
1300 770 1388 809 pacis
1401 769 1611 810 Supplicium]
1633 769 1710 800 Me-

999 818 1056 848 dia
1072 828 1172 858 pace,
1188 828 1271 858 pace
1288 820 1433 855 indulta,
1445 820 1610 860 spoliatus
1626 820 1710 851 vitae

1000 867 1175 908 subsidiis,
1188 869 1384 908 inhonorus,
1393 880 1510 910 egens,
1521 869 1611 900 fame
1622 879 1711 910 pene

1001 919 1149 949 animam
1175 919 1257 960 agit.
1302 920 1420 951 Verba
1447 920 1519 951 fere
1543 920 1661 951 eadem
1677 920 1714 951 in

1001 969 1172 1007 Juvenali,
1187 971 1195 987 ‘
1212 971 1313 1001 Nunc
1332 971 1480 1012 patimur
1496 972 1602 1011 longae
1619 970 1714 1012 pacis

1002 1021 1115 1051 mala.’
1164 1021 1389 1053 Cessantibus
1423 1027 1536 1053 autem
1571 1021 1718 1063 publicis

1002 1070 1161 1102 subsidiis
1196 1082 1350 1112 annonae,
1377 1073 1616 1104 collationibus
1646 1071 1717 1113 pri-

1003 1122 1092 1153 vatis
1114 1123 1207 1154 cives
1232 1133 1308 1154 sese
1332 1130 1450 1154 mutuo
1477 1123 1714 1154 sublevabant.

1005 1175 1103 1206 Idem.

1049 1228 1109 1256 101
1128 1225 1427 1257 Obsessidiscrimen
1437 1224 1544 1264 habet]
1558 1223 1612 1256 An
1625 1220 1717 1255 adit?

1005 1276 1051 1306 D.
1076 1275 1198 1306 Heius.

1050 1328 1112 1356 103
1138 1325 1213 1356 Heu
1226 1334 1374 1366 prospera
1381 1324 1472 1364 fata]
1497 1324 1573 1356 Fati
1588 1324 1718 1356 rectius

1006 1377 1109 1416 legas.
1137 1385 1188 1408 Π.
1207 1377 1311 1408 Cons.
1340 1376 1432 1408 Hon.
1455 1376 1514 1407 ‘in
1539 1376 1628 1407 hunc
1653 1375 1719 1406 sibi

1008 1437 1174 1468 prospera
1182 1426 1244 1459 fati
1253 1427 1446 1459 Gratantur
1457 1427 1596 1458 durasse
1607 1425 1720 1457 diem?

1007 1478 1053 1509 sic
1082 1488 1161 1509 vere
1190 1478 1326 1519 scripti.
1351 1477 1394 1509 de
1420 1477 1564 1519 Apono:
1601 1479 1610 1494 ‘
1631 1475 1720 1507 Inde

1007 1529 1072 1560 sibi
1088 1528 1152 1561 fati
1171 1529 1388 1570 prosperiora
1411 1527 1558 1569 petunt!
1582 1535 1722 1568 quomo-

1008 1579 1051 1611 do
1063 1580 1320 1621 castigandum:
1343 1589 1493 1620 prospera
1507 1580 1581 1609 citae
1592 1578 1721 1609 Lucan.

1007 1631 1129 1662 l.v111.
1155 1641 1199 1662 ex
1227 1631 1337 1661 veteri
1365 1631 1498 1669 codice,
1521 1631 1530 1647 ‘
1545 1632 1722 1660 mutantur

1009 1691 1174 1722 prospera
1187 1681 1299 1713 vitae:'
1316 1683 1325 1698 ‘
1341 1691 1504 1722 prospera
1518 1679 1608 1711 belli’
1628 1678 1721 1710 idem

1007 1733 1098 1764 dixit
1114 1734 1136 1765 l.
1148 1742 1183 1764 ν.
1201 1737 1237 1764 et
1252 1734 1261 1750 ‘
1278 1742 1443 1773 prospera
1460 1730 1596 1769 rerum‚'
1615 1731 1638 1762 l.
1654 1739 1721 1763 vu.

1008 1783 1178 1824 quomodo
1195 1787 1232 1813 et
1248 1782 1364 1822 Silius,
1381 1782 1401 1814 l.
1419 1791 1468 1813 tv.
1492 1782 1501 1798 ‘
1520 1782 1648 1812 animos
1664 1780 1723 1811 sti-

1009 1833 1186 1864 mulabant
1204 1842 1369 1873 prospera
1387 1831 1521 1863 rerum!
1549 1832 1648 1863 Idem.

1054 1888 1117 1917 104
1140 1883 1282 1924 Dedisti]
1305 1884 1361 1915 Ita
1377 1883 1484 1914 nostri
1502 1891 1631 1914 omnes.
1665 1880 1723 1913 Ad

1010 1936 1132 1969 Jovem
1150 1945 1217 1966 non
1235 1934 1276 1966 ad
1295 1933 1369 1965 fata
1386 1933 1616 1965 referendum.
1636 1932 1723 1963 Vul-

1013 1997 1055 2028 go
1072 1987 1221 2018 dedistis:
1245 1987 1346 2027 paulo
1375 1990 1453 2026 post
1479 1984 1608 2016 frustra
1625 1983 1725 2015 Gabi-

1012 2048 1066 2068 nos
1082 2047 1144 2078 pro
1158 2037 1284 2068 Sabinis
1297 2036 1434 2077 reponit
1445 2035 1605 2067 Delrius:
1623 2034 1726 2067 aliter

1012 2088 1132 2119 nostri.
1156 2088 1255 2119 Idem.

1059 2142 1120 2171 107
1145 2138 1297 2178 Brevior]
1320 2136 1522 2178 Angustior.
1545 2135 1664 2168 Barth.

1058 2192 1121 2221 109
1146 2188 1268 2220 Moenia
1290 2187 1437 2228 pauperis
1461 2185 1560 2226 Anci]
1583 2185 1726 2218 Collati-

1014 2249 1078 2270 one
1109 2238 1247 2279 quidem
1277 2238 1543 2278 Imperatorum,
1573 2235 1725 2277 alioquin

1014 2290 1117 2322 etiam
1134 2289 1330 2329 locupletis.
1353 2289 1453 2320 Idem.

1059 2343 1121 2372 112
1139 2340 1288 2371 Rusticus
1301 2337 1449 2378 inferret]
1472 2337 1559 2368 Haec
1575 2336 1726 2367 omnium

1015 2391 1219 2431 scriptorum
1235 2389 1352 2428 lectio,
1362 2398 1462 2430 quam
1478 2391 1573 2418 recte
1588 2386 1729 2427 Raphe-

1016 2444 1149 2482 lengius
1172 2440 1363 2481 expressit:
1396 2448 1475 2470 mox
1505 2446 1566 2478 pro
1591 2437 1728 2469 humeris

1016 2493 1198 2533 Philippus
1209 2490 1386 2522 Rubenius
1401 2489 1538 2520 numeris
1548 2489 1582 2519 in
1596 2488 1727 2520 Electis

1015 2543 1115 2583 legit.
1133 2541 1318 2579 Livineius,
1329 2540 1437 2571 armis.
1455 2539 1629 2570 audacter.
1648 2548 1729 2580 quo-

1017 2592 1118 2623 modo
1142 2596 1257 2623 tamen
1278 2591 1311 2622 in
1334 2600 1393 2621 ora
1416 2589 1543 2621 codicis
1558 2589 1610 2620 sui
1625 2589 1726 2621 Pom·

1018 2642 1139 2683 ponius
1157 2651 1292 2683 quoque
1319 2641 1448 2679 Laetus,
1472 2639 1586 2671 nescio
1612 2648 1656 2670 an
1679 2648 1724 2671 ex

1017 2692 1239 2724 membranis:
1257 2690 1387 2722 frustra
1398 2691 1510 2721 locum
1523 2689 1652 2720 tentari
1668 2689 1727 2721 be-

1018 2752 1060 2773 ne
1085 2742 1126 2773 ad
1149 2742 1298 2773 Statium
1323 2751 1353 2773 c.
1370 2744 1422 2773 23.
1445 2740 1621 2772 Diatribes
1637 2739 1727 2772 Gro-

1019 2793 1137 2826 novius
1166 2792 1373 2825 observavit.
1418 2791 1581 2825 Barthius
1607 2791 1724 2834 primis
