1852 3182
496 233 548 264 IN
584 231 818 264 RUFlNUM
853 230 949 262 LIB.
983 231 1036 262 ll.

36 335 45 351 ‘
64 342 145 374 quas
170 337 247 374 post
275 336 406 371 tergum
430 327 645 368 relinquebat
662 335 739 367 pro-

39 383 193 414 vincias.'
219 383 306 414 Plin.
323 381 354 411 in
374 380 545 418 Panegyr.
577 378 586 394 ‘
605 377 740 407 relicta-

40 444 106 474 que
124 440 198 475 post
216 439 345 472 tergum
361 429 462 461 totius
477 428 610 467 generis
628 428 741 457 liuma-

41 485 74 515 ni
92 484 286 520 securitate,
303 479 485 512 llloeret·et.'
517 479 561 509 Et
575 478 742 509 Prudent.

41 535 223 566 Cassiano:
249 535 258 549 ‘
276 533 317 563 Et
333 535 409 571 post
423 536 519 569 terga
533 529 668 560 domum
683 528 743 559 du-

43 585 98 616 bia
113 584 173 614 sub
189 587 278 614 sorte
295 580 474 612 relictam!
508 581 668 613 Juvenal.
687 580 744 610 Sa-

42 640 109 676 tyr.
125 643 205 666 xiii.
240 635 319 675 ‘qui
345 633 416 674 jam
449 637 524 673 post
554 630 745 672 tergareli-

43 685 114 726 quit
133 684 318 724 Sexaginta
332 683 456 714 annos!
480 684 624 722 Dempst.

84 735 238 765 Effundam
267 737 335 775 post
359 738 448 773 terga
475 732 659 773 relinquam]
683 731 747 763 An-

41 794 112 815 num
129 785 275 816 Lucens.
293 785 420 825 placet.
459 784 581 822 Vin-gil.
606 783 679 813 AEu.
699 791 747 813 vr.

40 836 50 850 ‘
68 838 165 875 patet
177 841 276 866 extra
291 835 403 866 sidera
420 835 534 873 tellus,
548 834 656 864 Extra
671 832 749 863 anni

41 885 189 927 solisque
220 886 314 918 vias!
363 886 437 917 Nec
475 884 636 915 dissimile
665 882 749 914 illud

43 935 197 967 Pedonis
228 936 432 967 Albinovaui
454 947 461 966 ε
503 936 511 952 ‘
535 934 749 974 Jampridem

44 992 122 1028 post
152 992 247 1027 terga
273 987 359 1017 diem
379 987 553 1026 solemque
571 982 750 1015 relictum.’

45 1037 130 1068 Mox
158 1038 239 1068 Hoec
267 1038 373 1078 putria
401 1040 458 1076 cst,
481 1046 546 1067 non
572 1036 635 1066 Hic
651 1035 749 1075 prim.

46 1087 204 1118 Vaticani.
236 1088 280 1118 D.
301 1087 414 1117 Heius.

88 1139 150 1167 247
179 1137 260 1167 Heio
272 1137 451 1176 palrz'acst]
485 1133 671 1165 Fortissimi
689 1134 751 1164 viri

40 1188 113 1227 jam
145 1185 325 1226 propinqui
351 1184 543 1215 adfectibus
568 1184 622 1225 (ut
640 1190 753 1224 postc-

48 1237 117 1268 rior
134 1241 218 1268 aetas
235 1245 349 1268 omnes
363 1245 471 1275 caros,
484 1235 754 1276 sanguinejunc-

48 1293 99 1318 tos
116 1286 462 1328 appellavit)511is,11t
479 1296 626 1317 amorem
646 1286 755 1317 Ducis

49 1343 84 1368 et
103 1337 263 1367 virtutem
281 1346 372 1367 suam
389 1336 636 1375 demonstrent,
651 1335 755 1366 etiam

50 1387 204 1418 Patriam
234 1387 359 1428 ubique
387 1387 418 1417 in
447 1387 519 1426 ejus
542 1387 703 1416 comitatu
721 1395 756 1416 se

51 1438 223 1469 habituros
241 1439 347 1476 aiunt,
364 1437 462 1467 modo
482 1447 521 1467 nc
547 1437 587 1467 ab
605 1437 644 1467 iis
661 1446 757 1476 sepa-

51 1494 158 1520 retur.
183 1489 236 1519 Sic
254 1488 357 1519 Ovid.
387 1489 395 1504 ‘
415 1487 527 1518 Omne
544 1488 649 1518 solum
678 1486 757 1517 forti

53 1538 167 1578 patria
193 1543 257 1577 est,
283 1543 320 1568 ut
352 1538 503 1578 pisi-ibus
533 1537 671 1578 aequor‚'
695 1540 758 1568 &a

53 1590 196 1620 Cicero:
219 1590 227 1605 ‘
248 1589 364 1619 Patria
395 1593 446 1619 est
475 1588 677 1629 ubicumque
705 1588 759 1618 cui

55 1640 140 1671 bene
154 1638 230 1670 est.'
259 1639 372 1670 Barth.

96 1693 159 1722 248
184 1690 318 1721 Avidam
344 1689 472 1731 differte
496 1689 633 1729 manum]
671 1689 761 1728 vim,

54 1741 197 1780 caedem,
210 1741 447 1781 irruptionem.

98 1795 161 1824 249
187 1792 351 1833 Cumutus]
391 1792 421 1823 A
453 1791 554 1823 rebus
572 1790 671 1822 facile
688 1799 761 1821 cor-

56 1842 244 1874 ruentibus.
290 1843 354 1873 Vel
378 1842 489 1873 innuit
512 1846 615 1872 autea
636 1850 671 1872 se
688 1850 761 1880 gra-

59 1898 175 1925 vatum
203 1893 340 1933 invidia,
364 1898 403 1924 ut
417 1892 472 1924 hic
497 1893 592 1923 velut
607 1891 762 1922 cumulus

57 1944 212 1975 omnibus
245 1943 381 1975 caeteris
404 1942 558 1974 accedat.
602 1941 669 1973 Sed
700 1950 763 1981 ego

61 2003 221 2025 summam
241 1994 326 2025 tanti
351 1993 460 2024 Ducis
483 1992 700 2033 prudentiam
715 1991 764 2022 in-

61 2045 119 2076 nui
135 2045 305 2083 existimo,
319 2049 457 2084 parcant
473 2044 606 2081 animis,
624 2046 766 2082 parcant

63 2104 164 2126 mann
192 2104 264 2125 rem
294 2094 445 2135 exsequi,
471 2093 633 2124 iuvidiam
671 2093 766 2124 istius

63 2145 205 2178 minacis
229 2145 416 2176 balatronis
438 2154 498 2175 sua
513 2149 634 2184 sponte
656 2143 768 2174 conci-

63 2205 189 2227 suram.
249 2195 411 2232 Cnmulus,
439 2203 551 2224 arena:
584 2193 770 2234 congeries,

63 2245 172 2277 facilis
185 2245 340 2277 turbatu.
363 2245 483 2276 Barth.

109 2296 181 2328 Non
196 2299 242 2327 est
256 2295 387 2327 victoria
403 2294 501 2335 tanti]
519 2295 638 2326 Senec.
651 2294 711 2325 lib.
728 2303 768 2324 ιι.

66 2346 108 2378 de
139 2344 251 2377 benef.
278 2355 352 2385 cap.
382 2349 414 2376 5.
452 2346 461 2361 ⁴
480 2345 576 2377 Nihil
602 2350 655 2376 est
673 2345 771 2384 tanti,

67 2397 156 2429 malo
182 2396 263 2428 mihi
286 2396 358 2437 jam
389 2395 517 2437 neges.y
553 2396 630 2427 Lib.
660 2404 699 2427 ιι.
727 2395 770 2426 de

68 2446 271 2486 Clementia,
303 2456 379 2487 cap.
404 2449 434 2477 9.
469 2447 477 2463 ‘
503 2447 580 2478 Non
608 2450 661 2477 est
685 2446 773 2477 tanti

68 2497 164 2536 vita‚’
182 2499 246 2528 Sec.
280 2497 380 2528 Ovid.
398 2498 418 2528 1.
438 2506 477 2529 11.
490 2496 608 2528 Amor.
626 2497 722 2536 Elcg.
737 2505 772 2527 v.

70 2548 217 2588 princip.
254 2548 263 2565 ‘
284 2547 407 2579 Nullus
446 2557 540 2579 amor
578 2547 664 2578 tanti
701 2546 774 2578 est.'

71 2597 199 2630 Auson.
215 2598 257 2629 de
274 2598 477 2637 Caesaribus,
499 2598 533 2629 in
555 2598 772 2635 Domitia1103

72 2650 81 2664 ‘
97 2647 153 2678 vix
167 2649 253 2679 tanti
266 2649 484 2680 esthabuisse
495 2648 603 2680 dnos!
628 2649 775 2689 Dempst.

74 2720 79 2725 ,
117 2699 180 2728 250
204 2697 304 2738 Mihi]
328 2698 409 2730 Meo
435 2698 625 2738 commodo,
649 2697 777 2739 fructu,

77 2747 316 2781 emolumento.

118 2795 286 2838 Juventus]
310 2796 478 2830 Militaris.
509 2798 608 2831 Bello
625 2797 778 2830 Gildoni·

1380 221 1494 262 1285

791 336 832 357 co
846 325 956 366 pubem
973 328 1086 356 vocat.
1114 324 1227 355 Barth.

835 379 895 407 251
923 376 972 406 lte
989 376 1048 406 mei
1064 376 1217 415 quondum
1232 373 1320 412 socii]
1351 373 1494 405 Misera.

793 428 895 459 bilem
924 428 1118 458 abscessum
1145 425 1245 465 fingit
1274 422 1397 454 artifex
1416 425 1497 454 mili-

795 483 864 508 tum
883 477 1001 508 animis
1019 475 1218 507 tractandis.
1245 474 1341 504 Mem.

838 529 887 559 Ile
905 530 961 559 mei
981 528 1129 567 quomlrmz
1147 525 1239 565 socii]
1272 523 1414 555 Blandae
1443 523 1502 554 du-

796 589 872 609 cum
905 589 1017 615 voces,
1036 578 1160 608 milites
1175 576 1273 607 socios
1294 574 1500 606 vocantium.

797 630 942 669 Dempst.

841 678 939 718 Socii]
962 677 1230 710 Commilitones.
1268 677 1316 707 Ut
1348 675 1505 707 solebant

798 730 1030 770 Imperatores
1062 728 1234 768 appellare
1272 726 1504 757 blandimento

799 781 957 822 quopiam
975 779 1104 811 solenni
1123 788 1199 809 suos
1216 777 1350 808 milites.

847 831 912 861 Nec
946 831 1036 870 plura
1074 828 1207 868 loculus]
1247 828 1350 859 Velut
1388 827 1505 858 dolore

802 881 979 912 abscessus
1006 879 1202 920 impeditus.
1248 878 1444 910 Prudenter
1471 880 1505 908 et

802 937 913 962 caute.
942 931 1058 961 Barth.

845 985 908 1012 252
935 981 1041 1012 flexit
1056 980 1131 1020 iter]
1167 980 1281 1011 flectit
1300 979 1426 1011 rectius
1443 978 1509 1019 pri.

803 1032 918 1063 Vatic.
936 1036 970 1061 et
987 1031 1054 1061 duo
1068 1031 1135 1060 alii.
1162 1031 1206 1061 D.
1220 1030 1335 1061 Heius.

845 1084 907 1112 254
933 1080 1140 1121 prulerunt]
1178 1080 1269 1119 Ignis
1287 1085 1399 1110 autem
1416 1087 1510 1109 max-

804 1131 870 1162 ime
887 1131 990 1162 Leoni
1008 1130 1153 1161 infestus
1170 1135 1206 1161 et
1221 1129 1369 1161 odiosus.
1397 1128 1512 1159 Barth.

846 1186 907 1213 :255
946 1182 1080 1212 Lumina
1116 1180 1214 1220 velut]
1252 1180 1332 1211 Non
1369 1177 1512 1217 claudit,

805 1237 895 1278 quod
910 1235 1001 1266 nimii
1016 1234 1104 1265 foret
1125 1232 1276 1264 terroris.
1301 1232 1402 1262 Idem.

848 1290 912 1318 258
938 1286 1108 1324 Guleusque
1137 1285 1247 1314 solutis
1271 1282 1443 1313 Humectat
1467 1280 1513 1311 Ια-

806 1335 936 1378 crymis]
973 1336 1058 1366 Cum
1089 1333 1270 1364 verisimile
1298 1332 1387 1363 cuim
1415 1334 1514 1362 tanto

808 1396 921 1417 amore
944 1386 978 1416 in
997 1385 1139 1420 Ducem,
1164 1384 1304 1414 solvisse
1321 1384 1355 1413 in
1372 1381 1515 1422 gratiam

808 1436 1018 1468 discedentis
1034 1441 1069 1466 et
1097 1433 1320 1465 valedicentis
1337 1433 1462 1473 galeaS,
1480 1436 1517 1462 et

810 1488 856 1519 ita
871 1488 973 1518 etiam
992 1486 1120 1516 solutas
1138 1484 1294 1525 lacrymis
1311 1482 1517 1524 perfudisse,

811 1539 897 1580 quod
930 1546 1010 1567 sane
1039 1536 1198 1576 majorem
1231 1543 1347 1565 earum
1382 1531 1516 1573 copiam

812 1589 979 1628 designat,
991 1596 1090 1628 quam
1104 1586 1130 1616 si
1145 1595 1210 1615 non
1225 1583 1371 1614 fuissent
1381 1583 1518 1613 solutae.

814 1640 911 1670 Idem.

858 1689 1029 1728 Galeasque
1043 1686 1153 1717 solutis
1178 1684 1347 1715 Humectat
1362 1680 1521 1721 lacrymis]

817 1741 920 1771 Forte
943 1738 1074 1773 rolutis3
1107 1741 1145 1766 ut
1176 1735 1210 1765 in
1240 1734 1310 1771 illo,
1335 1734 1344 1749 ⁴
1361 1732 1521 1770 lacrymae

813 1791 997 1821 volvuntur
1014 1789 1132 1819 inanes
1147 1785 1167 1817 :’
1194 1784 1246 1815 vel
1262 1784 1401 1818 solutam
1430 1781 1522 1822 quod

814 1851 857 1872 ex
878 1840 1037 1872 Palatino
1062 1836 1221 1878 probavit
1243 1833 1418 1865 Barthius.
1463 1831 1522 1863 Sic

814 1891 906 1933 apud
922 1890 1081 1927 Statium,
1093 1886 1199 1918 Theb.
1216 1895 1283 1916 vn.
1316 1885 1324 1902 ‘
1340 1887 1522 1925 postquam

816 1941 981 1983 permissa
1007 1937 1165 1980 gemendi
1192 1935 1314 1977 Copia,
1341 1934 1397 1977 qui
1423 1932 1524 1964 fletus

817 1991 921 2034 galeis
939 1989 1097 2021 cecidere
1114 1987 1233 2018 solutis
1245 1986 1265 2016 !’
1300 1986 1348 2017 D.
1366 1984 1480 2016 Heius.

860 2045 923 2073 ’260
950 2035 1351 2076 leracum1·alidos‚[3·c.]
1376 2034 1527 2066 Pulchre

818 2093 954 2125 videtur
971 2091 1165 2132 exprimere
1182 2086 1313 2119 cordati
1330 2085 1448 2116 militis
1460 2085 1527 2116 sina

820 2145 948 2185 gultus.
988 2141 1136 2173 Statius:
1154 2141 1162 2156 ‘
1182 2141 1301 2178 crepat
1320 2134 1528 2175 singultibus

820 2193 960 2234 aurum‚'
978 2193 1011 2225 id
1029 2196 1092 2231 est,
1108 2195 1146 2222 ut
1171 2188 1264 2227 alibi,
1282 2196 1376 2218 arma
1393 2185 1453 2216 sub
1470 2195 1529 2216 au-

821 2256 871 2285 ro,
888 2255 947 2277 seu
962 2245 1128 2275 inaurata.
1155 2240 1280 2270 Claver.

863 2298 924 2327 261
950 2294 1130 2332 Prodimm,
1150 2289 1223 2329 heu]
1252 2289 1309 2320 Sic
1336 2286 1430 2328 prior
1454 2286 1530 2316 Mo-

822 2347 911 2379 reti:
955 2344 1117 2385 prodimur
1155 2340 1354 2371 deserimur.
1410 2337 1444 2368 Is
1475 2339 1530 2368 est

824 2407 903 2428 usus
920 2405 996 2426 cum
1013 2393 1085 2425 aliis
1100 2391 1215 2423 multis
1233 2390 1305 2430 ejus
1323 2388 1430 2420 verbi.
1454 2386 1530 2419 cla-

826 2447 907 2479 verii
926 2446 1032 2477 editio
1047 2443 1233 2485 spernimur.
1256 2441 1442 2481 Vulgatum
1457 2446 1532 2469 cer-

825 2504 860 2530 te
891 2497 1060 2529 Tradimur
1090 2494 1174 2526 ferri
1205 2502 1273 2524 non
1299 2495 1426 2533 potest,
1454 2488 1533 2531 quia

825 2548 981 2590 sequitur
1004 2547 1012 2563 ‘
1026 2545 1176 2576 tradisne
1194 2549 1284 2581 tuaS‚
1300 2542 1367 2573 dux
1391 2539 1534 2581 optime,

827 2599 969 2630 dextras
982 2597 1004 2628 ?’
1030 2596 1093 2628 nisi
1116 2595 1187 2627 illic
1207 2603 1284 2625 cum
1304 2593 1447 2624 Lucens.
1462 2589 1533 2628 Gy-

828 2649 914 2682 rald.
932 2648 1031 2689 prim.
1055 2646 1170 2678 Vatic.
1193 2649 1230 2675 et
1260 2644 1366 2674 altero
1391 2637 1533 2675 Mureti,

827 2700 986 2741 spernisne
1001 2696 1182 2737 legendum
1201 2705 1208 2725 2
1233 2692 1321 2734 quod
1344 2697 1460 2721 verum
1481 2697 1533 2718 ar·

830 2751 949 2782 bitror.
974 2749 1019 2780 D.
1035 2746 1148 2783 Heius.

895 2795 1054 2835 Amorem]
1091 2796 1145 2826 De
1177 2793 1211 2824 in
1240 2791 1361 2823 ducem
1393 2797 1455 2820 suo
1484 2785 1534 2819 as-
