1851 3213
302 211 417 254 1218
579 222 724 254 No'rAE
757 223 1026 254 VAmoRUM

301 320 476 351 Callaicum
490 329 599 350 animm
612 324 648 350 et
664 320 836 350 Callaicum
853 320 1008 349 metallum

300 371 470 402 Martialis
488 370 575 400 idem
602 371 681 401 alibi
701 370 810 400 dixit:
837 369 1006 410 quomodo

300 425 337 452 et
351 421 453 452 Silius
470 421 610 452 Italicus
636 420 693 450 lib.
712 429 745 450 x.
792 419 1006 450 Confirmant

299 470 367 502 ista
384 471 524 510 Lucani,
550 471 605 503 lib.
626 479 690 501 vn.
718 480 792 511 qnae
822 475 939 500 noster
957 479 1007 499 re-

299 523 454 563 spexisee
473 523 574 552 visus:
591 524 598 539 ‘
617 521 789 561 Quicquid
809 519 899 551 fodit
915 519 1008 558 Iber,

301 573 463 614 quicquid
475 574 585 612 Tagus
594 573 725 612 expulit
740 572 825 610 auri,
838 572 1008 612 Quodque

302 622 388 662 legit
403 623 497 653 dives
511 623 647 653 summis
663 622 861 662 Arimaspus
874 621 1008 652 arenis)

302 671 455 703 Sollicitis
472 679 584 703 tamen
609 673 735 703 collibus
764 672 889 702 dixisse
917 672 1009 702 vide-

302 726 370 763 tur,
393 724 560 764 quomodo
585 725 594 741 ‘
613 732 787 754 carcerem
804 723 984 753 sollicitum
1001 722 1009 734 ’

303 772 448 804 Ovidius
467 774 584 804 Amor.
599 774 656 804 lib.
684 782 709 803 1.
728 773 778 803 El.
795 781 858 802 vn.
905 772 1009 802 Certe

303 823 377 852 auri
405 822 592 853 fossoribus
632 822 813 861 plurimum
843 821 1009 851 molestiae

302 870 533 902 devorandum
552 877 639 909 erat,
652 871 777 911 partim
794 870 838 900 ob
854 871 1009 901 contiuu-

302 932 339 953 os
357 924 642 962 gravissimosque
658 921 804 960 labores,
821 922 946 961 partim
967 922 1009 952 ob

303 973 415 1004 ae'rem
436 974 667 1012 pestilentem.
714 972 850 1011 Strabo,
867 973 924 1003 lib.
941 982 1008 1004 ΧΠ.

300 1023 352 1055 καὶ
378 1022 545 1061 θανάσιμον
579 1023 630 1054 καὶ
656 1022 821 1053 δύσοιστον
848 1021 924 1054 εἶναι
955 1022 1010 1053 τὸν

301 1075 377 1117 ἀέρα
392 1076 480 1116 φασὶ,
494 1077 550 1107 ubi
578 1076 619 1106 de
636 1075 759 1106 fodinis
773 1077 861 1116 agit:
888 1075 1010 1116 quibus

302 1128 400 1167 paria
424 1127 528 1157 babes
545 1132 580 1156 et
604 1125 695 1166 apud
726 1126 933 1163 Lucretium,
951 1126 1009 1157 lib.

301 1186 353 1209 vl.
378 1178 464 1209 adeo
483 1178 618 1218 quidem
649 1183 687 1209 ut
713 1188 788 1208 raro
812 1177 934 1209 vitales
959 1188 1010 1208 es-

303 1232 380 1258 sent
412 1228 444 1258 hi
473 1227 631 1267 fossores,
662 1233 696 1259 et
722 1229 887 1268 pallorem
915 1229 1009 1259 vultu

301 1279 503 1320 plerumque
521 1279 747 1319 praeferrent:
773 1280 863 1321 quod
887 1290 930 1311 ex
944 1281 1010 1312 Lu-

303 1329 393 1365 cani,
420 1329 506 1367 Silii,
534 1339 573 1359 ac
587 1329 689 1360 Statii
706 1330 788 1360 locis
804 1330 876 1370 jam
902 1331 1011 1370 prola-

302 1378 348 1409 tis
364 1379 495 1419 liquido
511 1384 676 1418 apparet3
702 1383 804 1420 atque
819 1389 859 1410 ea
876 1380 918 1411 de
934 1390 1012 1411 cau-

303 1437 341 1459 sa
355 1429 504 1468 pallentes
521 1429 613 1459 Bessi
629 1434 747 1461 nostro
764 1430 936 1463 dicuntur.
961 1432 1012 1462 Eo

303 1478 440 1509 nomine
470 1483 507 1509 et
531 1479 620 1510 inter
647 1480 864 1520 gravissimas
892 1491 1011 1522 poenas

302 1528 457 1560 habitum
471 1529 513 1560 ad
530 1530 670 1561 metalla
686 1531 852 1562 damnari.
899 1530 1013 1563 Aliter

302 1579 378 1610 haee
394 1579 569 1611 Barthius.
616 1580 773 1612 Sollicitis
791 1591 872 1622 ergo
888 1582 1014 1613 collibus

302 1639 372 1660 non
395 1630 618 1661 tentandum:
644 1631 685 1661 de
713 1633 847 1662 caeteris
876 1636 1012 1663 senten-

303 1679 386 1710 tiam
403 1680 493 1710 haud
507 1685 617 1712 muto.
664 1681 814 1713 Rimatur
840 1693 942 1723 porro
970 1693 1013 1714 ex

302 1728 468 1768 Isingrini
491 1729 589 1768 libro,
616 1739 683 1765 non
705 1731 852 1771 miratur,
877 1733 1013 1773 Raphe·

303 1778 435 1819 lengius
451 1778 550 1809 bene.
596 1779 700 1811 Cons.
718 1781 854 1820 Manlii,
876 1782 885 1798 ‘
909 1792 1012 1813 venas

303 1829 427 1860 rimata
439 1839 603 1870 sequaces
620 1829 751 1861 Abdita
779 1831 940 1871 pallentis
964 1831 1012 1863 fo-

305 1879 356 1911 dit
382 1880 536 1910 sollertia
559 1879 679 1911 Bessi!
714 1889 766 1913 lv,
791 1883 893 1913 Cons.
918 1883 1012 1914 Hon.

302 1930 461 1961 ‘Patulis
493 1930 636 1961 rimatur
674 1929 830 1962 faucibus
867 1933 1011 1964 aurum!

304 1979 453 2011 Scrutari
470 1980 651 2010 Lucretius
665 1980 708 2011 de
731 1982 805 2012 auri
828 1981 1011 2014 fossoribus

305 2030 453 2061 dixerat.
477 2031 522 2061 D.
542 2030 654 2061 Heius.

349 2081 404 2112 Sic
419 2081 488 2121 quis
500 2082 611 2112 tellure
624 2082 759 2122 revulsa]
784 2083 945 2114 Bartliius
962 2084 1012 2114 sic

305 2131 500 2172 transponit
513 2132 570 2162 hos
589 2142 725 2164 versus:
753 2135 761 2150 ‘
779 2134 944 2175 Praeceps
956 2134 1014 2165 illa

304 2191 423 2213 manus
444 2181 564 2213 fluvios
581 2184 769 2223 superabat
792 2183 926 2224 Iberos,
944 2184 1012 2215 Au-

306 2241 367 2263 rea
395 2233 482 2264 dona
512 2244 669 2274 vomens;
704 2241 833 2276 quanto
860 2236 1012 2276 pretiosa

303 2285 444 2314 metallo
471 2285 591 2316 Hermi
622 2286 694 2327 ripa
725 2287 840 2325 micat,
869 2291 1012 2328 quantas

303 2342 367 2374 per
396 2334 506 2373 Lydia
530 2336 636 2376 culta,
670 2337 863 2377 Despumat
895 2338 1013 2368 rutilas

305 2382 400 2415 dives
439 2384 602 2416 Pactolus
648 2395 789 2417 arenas:
837 2388 1012 2419 Quantum

303 2437 423 2472 stagna
453 2434 535 2473 Tagi
565 2435 703 2466 rudibus
728 2436 893 2468 stillantia
917 2438 1012 2468 venis

304 2482 478 2514 Effluxere
507 2483 626 2525 decus,
648 2485 674 2515 si
705 2486 778 2526 quis
809 2487 931 2518 tellure
959 2497 1011 2518 re-

304 2533 401 2564 vulsa
416 2533 578 2565 Sollicitis
596 2534 731 2566 fodiens
748 2536 891 2567 rimetur
918 2538 1009 2568 colli-

304 2582 368 2614 bus
384 2584 526 2615 aurum.'
571 2585 617 2615 Et
633 2587 779 2626 effluxere
796 2586 929 2628 poetice
953 2598 1010 2628 po-

304 2633 407 2665 situm
428 2634 513 2665 dicit
530 2645 590 2675 pro
603 2637 743 2677 effluant.

348 2687 391 2716 50
415 2684 581 2725 Sollicitis]
607 2686 695 2717 Nam
711 2689 719 2704 ‘
739 2687 823 2718 itum
837 2692 888 2718 est
900 2689 933 2718 in
947 2688 1011 2718 vis-

306 2741 388 2765 cera
415 2738 532 2776 terrae,
571 2736 734 2777 Quasque
761 2738 1012 2779 recondiderat,

1062 223 1112 252 ΙΝ
1149 223 1224 254 CL.
1258 222 1442 253 GLAUD.
1477 222 1507 252 1.

1060 317 1199 348 (liuntur
1225 327 1319 358 opes,
1347 317 1563 348 irritamenta
1577 316 1766 351 malorum!

1061 368 1162 399 Ovid.

1103 419 1236 450 Fodiens
1267 419 1416 459 miratur]
1453 419 1578 450 Sensus
1609 423 1684 450 est:
1731 419 1767 450 Si

1061 469 1135 509 quis
1163 470 1195 499 in
1218 470 1292 500 imis
1322 477 1422 500 terra:
1451 470 1622 499 radicibus
1649 478 1768 501 aurum

1060 519 1204 560 fodiens,
1240 521 1413 551 iuventam
1449 520 1676 560 quantitatem
1708 519 1769 551 ali-

1061 580 1160 611 quam
1185 571 1351 609 miratur3
1377 570 1566 602 admiretur
1583 571 1639 600 ille
1657 570 1769 611 potius

1062 621 1308 652 liberalitatem
1326 622 1446 661 Probi,
1464 622 1521 662 qui
1538 627 1669 652 tantum
1686 630 1769 663 quo-

1061 671 1145 702 tidie
1186 671 1409 712 largiebatur,
1455 677 1617 712 quantum
1649 676 1771 713 stagna

1061 721 1160 761 Tagi,
1173 724 1237 752 dcc.
1264 723 1387 753 Delrio.

1105 774 1143 801 51
1170 771 1293 809 Stagna
1312 772 1392 810 Tagi
1405 772 1535 802 rudibus
1548 773 1706 805 stillantia
1719 783 1770 805 ve-

1062 820 1126 859 nis]
1152 821 1309 851 Patientia
1335 822 1463 860 primus
1485 823 1600 856 Vatic.
1623 834 1642 854 a
1666 834 1770 855 manu

1062 871 1212 900 secunda
1228 882 1235 901 ε
1265 881 1283 901 a
1300 881 1400 902 manu
1415 872 1698 912 primafallantia.
1720 876 1770 906 D.

1064 920 1186 952 Heins.

1107 972 1251 1003 Rudibus
1271 972 1372 1012 venis]
1407 973 1567 1006 Intactis.
1595 975 1679 1005 Tum
1694 975 1772 1007 rude

1063 1022 1197 1063 quidvis
1228 1028 1266 1054 ut
1292 1028 1408 1054 natum
1437 1028 1502 1063 est,
1530 1028 1652 1056 ornatu
1677 1025 1771 1057 nullo

1062 1078 1159 1104 extra
1176 1074 1376 1106 accedente.
1403 1076 1522 1107 Barth.

1104 1127 1146 1154 52
1172 1125 1331 1166 Effluxere
1354 1125 1461 1165 decus]
1497 1127 1611 1167 Decus,
1640 1135 1772 1168 aurum,

1061 1175 1151 1216 quod
1170 1175 1281 1206 omnia
1299 1176 1520 1208 condecorat.

1108 1226 1232 1261 Quanto
1253 1227 1391 1267 pretiosa
1413 1227 1551 1268 metallo]
1574 1227 1629 1259 Sic
1655 1228 1772 1269 conje-

1061 1277 1257 1316 ceramjam
1270 1277 1366 1314 oliin;
1382 1282 1485 1318 atque
1502 1278 1552 1309 ita
1568 1279 1602 1309 in
1619 1288 1678 1310 ora
1693 1279 1772 1310 libri

1063 1326 1113 1356 sui
1129 1326 1322 1358 Livineius:
1344 1328 1465 1367 scripti
1483 1329 1632 1370 quinque
1648 1329 1771 1361 confir·

1062 1381 1168 1407 mant.
1191 1377 1304 1417 Vulgo
1320 1378 1447 1408 metalli.
1492 1378 1658 1419 Sequenti
1670 1389 1772 1410 versu

1062 1425 1183 1455 durum
1201 1426 1339 1457 videtur
1365 1430 1497 1467 quantas
1517 1429 1630 1460 rutilas
1651 1439 1774 1462 arenaS.

1062 1475 1237 1516 Scriptum
1275 1486 1295 1507 a
1332 1480 1447 1508 nostro
1491 1478 1598 1518 igitur
1640 1483 1774 1521 putem,

1063 1529 1211 1566 quantum
1223 1537 1282 1567 per
1298 1527 1402 1568 Lydia
1424 1529 1508 1559 culta
1533 1530 1707 1570 Despumat
1720 1539 1774 1561 ru-

1063 1577 1129 1607 tilae
1144 1577 1229 1608 dii-es
1245 1578 1392 1610 Pactolus
1407 1589 1520 1611 arenae.
1546 1581 1590 1611 D.
1607 1580 1729 1612 Heins-

1106 1630 1146 1657 55
1172 1627 1329 1659 Resonent
1354 1629 1382 1659 si
1405 1628 1527 1660 vocibus
1542 1630 1611 1671 ora]
1634 1631 1773 1661 Puteum

1063 1677 1183 1717 primae
1200 1678 1278 1710 edd.
1304 1684 1340 1709 et
1364 1679 1485 1720 scripti
1501 1680 1643 1721 aliquot.
1686 1681 1773 1712 Mox

1063 1727 1285 1769 Illicitifideque
1319 1733 1405 1770 ruat,
1435 1740 1501 1760 non
1532 1731 1773 1773 IlJultzfidusque

1063 1778 1242 1809 Leidensis
1270 1784 1303 1810 et
1333 1790 1416 1811 unus
1452 1781 1648 1813 Pulmanni:
1679 1782 1773 1823 quod

1064 1828 1192 1859 arridet
1208 1829 1362 1861 Barthio.
1387 1831 1430 1861 D.
1448 1831 1561 1862 Heius.

1106 1882 1147 1909 57
1161 1879 1242 1910 Acta
1260 1880 1372 1920 Probi]
1388 1881 1472 1921 Legi
1486 1891 1596 1922 nuper
1608 1881 1642 1912 in
1653 1883 1773 1914 Eccle-

1063 1928 1201 1960 siastica
1225 1931 1288 1961 viri
1312 1931 1492 1963 inlustriss.
1512 1932 1672 1973 historia,
1692 1933 1773 1974 Epi-

1063 1980 1216 2020 taphium
1233 1980 1333 2022 hujus
1351 1982 1470 2022 Probi,
1486 1983 1577 2024 quod
1591 1982 1689 2015 Maff.
1706 1985 1774 2016 Ve-

1063 2030 1138 2070 gius
1154 2031 1197 2062 ab
1212 2032 1354 2062 interitu
1370 2033 1559 2064 vindicavit
1574 2045 1582 2064 :
1607 2035 1616 2051 ‘
1637 2034 1774 2067 Primus

1062 2089 1150 2120 eras,
1180 2081 1332 2121 nullique
1361 2086 1495 2122 patrum
1513 2084 1640 2115 virtute
1655 2094 1775 2116 secun-

1062 2129 1146 2161 dus:
1184 2130 1285 2161 Nunc
1311 2137 1495 2164 renovatus
1521 2133 1627 2166 habes
1651 2145 1773 2177 perpo-

1062 2186 1156 2213 tuam
1185 2183 1362 2223 requiem.’
1414 2184 1501 2216 Erat
1527 2189 1564 2216 et
1590 2185 1712 2217 eodem
1736 2186 1773 2217 in

1061 2233 1192 2273 templo
1210 2232 1325 2264 Proba
1341 2233 1412 2274 ejus
1436 2244 1523 2265 uxor
1537 2236 1684 2276 sepulta,
1698 2236 1772 2278 qui-

1062 2283 1125 2314 bus
1158 2284 1229 2315 haec
1261 2285 1374 2324 posita
1413 2290 1531 2317 erant:
1571 2287 1580 2303 ‘
1600 2287 1772 2320 Sublimes

1063 2334 1213 2375 quisquis
1240 2335 1360 2365 tumuli
1377 2335 1553 2367 miraberis
1576 2347 1685 2376 arces,
1710 2337 1772 2368 Di-

1062 2395 1132 2425 ces,
1144 2387 1300 2418 Quantus
1311 2393 1397 2428 erat,
1410 2388 1465 2428 qui
1477 2384 1610 2419 Probus
1622 2389 1676 2420 bic
1687 2389 1772 2420 situs

1062 2441 1122 2467 est.
1147 2437 1352 2468 Consulibus
1381 2438 1528 2477 proavis,
1561 2438 1770 2480 socerisque,

1062 2490 1097 2516 et
1113 2485 1259 2516 Consule
1277 2487 1386 2527 major
1398 2487 1497 2519 Quod
1516 2489 1665 2528 geminas
1681 2489 1772 2519 Con-

1062 2537 1113 2567 sul
1131 2536 1280 2567 reddidit
1305 2537 1376 2577 ipse
1403 2538 1531 2569 domos.
1579 2538 1772 2571 Praefectus
1807 2542 1809 2544 ’

1062 2593 1220 2626 quartum
1250 2592 1319 2617 toto
1349 2587 1494 2618 dilectus
1521 2589 1553 2618 in
1580 2589 1674 2629 orbe,
1700 2589 1769 2622 Sed

1063 2636 1152 2668 fama
1169 2647 1324 2668 ememus
1339 2639 1500 2679 quicquid
1519 2640 1552 2669 in
1567 2639 1649 2669 orbe
1663 2639 1769 2670 homi-

1061 2697 1139 2717 num
1153 2693 1216 2718 est.
1241 2689 1396 2719 Solamen
1411 2689 1498 2720 tanti
1513 2690 1638 2730 conjux
1653 2695 1769 2721 tamen

1062 2739 1192 2779 optima
1209 2739 1320 2770 luctus
1345 2739 1422 2770 Hoc
1435 2738 1552 2770 Proba
1568 2740 1690 2772 sortita
1702 2743 1768 2781 est,

305 2781 506 2826 Stygiisque
530 2785 730 2819 admoverat
755 2788 897 2831 umbris,
921 2788 1012 2822 Effo-
1055 2787 1183 2829 jungat
1197 2792 1236 2820 ut
1251 2798 1336 2820 urna
1351 2788 1478 2831 pares!
1502 2789 1629 2823 elaver.
