1852 3182
633 206 1018 238 ῐῑιηοηΑΜΜΑῚἋ.
1443 193 1553 234 1127

99 312 292 361 Miraris,
315 311 352 350 si
373 320 482 348 voce
505 305 620 344 seras
642 300 868 355 pacaverit
890 298 1110 352 Orpheus,

157 381 268 421 Cum
287 387 450 430 pronas
472 370 663 424 pecudes
687 368 866 410 Gallica
888 367 1022 407 verba
1044 365 1225 418 regant?
1502 363 1557 402 20

98 483 228 512 dentem.
269 475 473 516 Obstupescis‚
495 475 522 504 si
543 473 681 513 Orpheus
695 472 872 503 demulserit
893 470 982 509 seras
1007 480 1076 500 τοι-ε
1101 478 1171 506 sua,
1196 477 1265 498 cum
1282 475 1341 496 2:03:
1358 464 1482 495 Gallica
1500 474 1559 493 mo-

98 527 222 555 deretur
236 522 362 562 pecudes
378 518 470 548 dicto
489 517 582 547 velut
598 513 782 546 audientis?

707 601 741 611 eo
748 599 879 610 ’θέασαι
886 598 941 609 ‘ee

97 671 177 692 conc.
193 659 345 689 commoda
362 657 459 687 multa
476 656 602 686 trahunt
616 653 746 685 Buslid.
786 654 883 683 multa
898 662 1006 682 sonora
1028 651 1100 682 Pal.
1125 650 1223 680 Rott.
1250 649 1357 680 Oisel.
1382 647 1447 677 duo
1466 646 1560 677 Med.

97 704 282 734 nuutisonora
308 699 517 740 conjiciebat
546 699 752 729 Heius—19
777 696 924 733 vociferas
941 696 1036 725 Rott.
1062 700 1130 724 [res
1148 692 1240 724 Med.
1278 691 1463 731 compescuit
1479 690 1561 720 Lov.

96 745 264 787 placaverit
282 744 409 774 Moret.
428 744 567 783 piu—20
594 742 711 771 CaHIca
730 740 836 771 Oisel.
864 741 976 778 regunt
995 737 1060 768 duo
1077 738 1154 767 Vat.
1171 736 1322 767 Florem.
1358 736 1470 773 negant
1487 732 1562 764 Mo-

99 794 162 820 ret.
184 797 235 828 pr.
252 796 296 816 m.
314 796 365 826 pr.

765 857 905 889 NOTAE

100 937 176 967 dam
211 934 435 966 unanimitate
472 934 726 966 consentientes
757 931 800 962 ad
856 929 945 960 unde
975 929 1159 969 Virgilius:
1186 928 1353 968 ‘Belgica
1377 927 1432 957 vel
1464 925 1557 957 molli

98 987 265 1018 trahenda
289 986 420 1023 esseda,
448 995 524 1025 quae
550 989 629 1015 suut
654 982 800 1014 vehiculi
855 983 976 1013 melius
992 980 1082 1011 feret
1099 979 1216 1011 esseda
1233 980 1343 1010 collo.'

99 1039 225 1070 Gallici
252 1047 368 1079 genus
415 1036 545 1067 Esseda
570 1041 684 1065 autem
709 1033 799 1073 apud
901 1035 940 1063 19
967 1030 1123 1071 Orpheus]
1153 1030 1208 1061 De
1227 1029 1367 1069 Orpheo
1385 1028 1477 1058 alibi.

99 1089 224 1130 Belgas
237 1088 346 1129 primo
364 1087 504 1118 inventa
516 1094 591 1116 esse
608 1083 802 1122 traduntur,

769 1265 889 1312 LII.

128 1425 170 1466 ’2.
247 1422 333 1465 DE
363 1420 527 1463 SENE
558 1417 952 1467 VERONENSI,
986 1416 1102 1467 QUI
1150 1414 1535 1457 SUBURBIUM

408 1487 742 1537 NUNQUAM
776 1484 1095 1527 EGRESSUS
1131 1484 1261 1526 EST.

105 1611 286 1660 FEmX,
309 1610 384 1663 qui
405 1609 561 1664 patriis
585 1620 731 1648 aevum
754 1605 965 1658 transegit
983 1604 1026 1644 in
1048 1603 1182 1656 agris,

161 1678 271 1733 Ipsa
289 1678 447 1718 domus
465 1688 646 1730 puerum
668 1687 801 1728 quem
824 1672 959 1721 videt,
981 1672 1083 1724 ipsa
1104 1682 1251 1710 senem
1269 1682 1280 1711 ε

150 1789 341 1821 Fortunatus
355 1787 426 1828 ille,
442 1786 495 1827 qui
508 1785 675 1817 consumsit
691 1787 816 1815 oetalem
833 1792 928 1814 suam
945 1781 979 1811 in
994 1790 1101 1821 campo
1115 1779 1220 1820 patrio
1231 1787 1242 1808 .·
1265 1778 1373 1809 domus
1389 1775 1469 1817 ipsa,
1484 1786 1573 1817 quem

726 1865 962 1878 eeeeeeeeeee

150 1929 285 1960 Deerat
300 1928 363 1958 hoc
380 1935 517 1957 carmen
535 1925 568 1956 in
585 1924 681 1956 Med.
698 1933 752 1964 pr.
770 1927 805 1953 et
820 1920 945 1952 Sched.
969 1919 1063 1951 Gud.
1077 1919 1159 1949 Vat.
1178 1927 1228 1957 pr.
1243 1916 1349 1948 habet
1367 1917 1573 1957 Epigramma
1595 1946 1597 1949 .

107 1973 144 2004 de
170 1971 262 2010 Sene,
287 1971 339 2010 qui
355 1970 455 2008 juxta
482 1969 635 2000 Veronam
659 1967 825 1998 consistens
850 1974 906 1994 nec
933 1963 1094 1994 cit-itatem
1117 1965 1220 1998 norat,
1237 1970 1290 1991 nec
1304 1960 1409 1990 villam
1430 1970 1575 2000 umquam

59 2042 62 2044 .
106 2024 247 2054 egressus
263 2017 319 2043 est.
345 2014 378 2043 in
393 2013 476 2042 Var.
494 2012 560 2042 LL.
576 2011 632 2042 ed.
651 2011 765 2041 Parm.
790 2007 927 2047 legitur,
950 2007 1001 2037 De
1027 2005 1106 2036 Sene
1135 2003 1313 2041 Veronensi,
1329 2003 1382 2043 qui
1396 2002 1575 2033 suburbium

106 2067 196 2089 suum
211 2066 374 2095 numquam
391 2064 530 2093 egressus
545 2057 602 2085 est.
618 2054 749 2084 Bonon.
769 2051 896 2081 Mon-et.
922 2059 971 2089 pr.
993 2047 1072 2079 Ald.
1088 2051 1124 2078 et
1140 2047 1194 2078 ed.
1212 2046 1328 2077 Parm.
1362 2047 1400 2076 de
1426 2045 1577 2077 senatore

112 2099 280 2131 Veronensi
298 2098 495 2128 imm-ibunt.
532 2096 573 2127 In
591 2101 659 2127 vet.
677 2096 762 2136 Gyr.
781 2099 816 2124 et
833 2094 916 2124 Exc.
934 2092 1076 2122 Lucens.
1095 2100 1144 2130 pr.
1161 2089 1374 2127 inscribitur,
1387 2089 1447 2119 DE
1463 2089 1575 2120 SENA-

106 2150 205 2174 Tom:
221 2142 454 2177 Vennum,
470 2147 533 2172 QUI
553 2146 764 2170 SUBURBIUM
783 2143 968 2168 NUMQUAM
990 2141 1162 2164 EGnEssus
1178 2141 1249 2163 EST.
1274 2132 1354 2163 Put.
1372 2131 1495 2162 Petav.
1521 2141 1575 2173 pr.

108 2190 144 2216 et
158 2194 224 2216 sec.
241 2184 321 2215 item
336 2182 463 2214 ssnshd.
479 2182 606 2212 nullam
625 2185 815 2221 agnoscunt
832 2177 1107 2218 Inscriptionem.

152 2230 169 2258 1
192 2227 307 2268 patriis
323 2226 390 2256 duo
406 2226 501 2256 Vatt.
518 2226 582 2254 inc.
602 2224 722 2254 Heins.
748 2222 815 2252 duo
844 2222 964 2252 Petav.
992 2220 1122 2250 Bonon.
1150 2217 1268 2248 Ambr.
1283 2221 1362 2248 tert.
1379 2217 1505 2248 Moret.
1526 2226 1576 2257 pr.

110 2269 223 2302 Oxou.
241 2280 309 2301 sec.
324 2267 457 2300 Buslid.
473 2267 557 2299 Cod.
576 2267 696 2307 Epigr.
715 2265 832 2296 Ambr.
863 2264 946 2294 Exc.
970 2263 1049 2294 Pat.
1077 2271 1145 2293 rec.
1172 2261 1317 2292 Lucens.
1334 2269 1386 2299 pr.
1402 2259 1481 2291 Ald.
1496 2260 1578 2291 Var.

111 2313 178 2344 LL.
195 2324 213 2344 e
230 2322 335 2353 marg.
354 2312 469 2343 Parm.
484 2314 521 2341 et
537 2309 592 2340 ed.
613 2309 716 2340 Antv.
734 2309 800 2338 vid.
825 2307 941 2337 Vinet.
959 2310 1029 2336 not.
1052 2304 1095 2335 ad
1119 2303 1246 2335 Auson.
1263 2303 1359 2334 Ludo
1376 2305 1408 2334 7.
1423 2302 1578 2343 Sapient.

109 2358 184 2388 218.
203 2356 340 2396 propriis
355 2355 434 2385 Vat.
450 2363 502 2394 pr.
520 2352 630 2384 Oisel.
657 2352 746 2391 agris
771 2351 852 2382 Put.
872 2350 996 2380 Petav.
1011 2357 1078 2379 sec.
1095 2345 1215 2378 Ambr.
1233 2350 1314 2376 tert.
1335 2345 1468 2376 Buslid.
1490 2345 1576 2376 Cod.

112 2399 228 2439 Epigr.
245 2398 366 2430 Ambr.
383 2398 468 2428 Exc.
485 2397 629 2427 Lucens.
654 2405 709 2436 pr.
727 2393 808 2425 Ald.
832 2393 915 2428 Var.
933 2392 1002 2423 LL.
1027 2400 1046 2421 e
1069 2400 1174 2430 marg.
1194 2390 1309 2421 Parm.
1337 2394 1372 2420 et
1396 2388 1453 2419 ed.
1469 2387 1577 2419 Antv.

777 2489 809 2520 N
815 2488 916 2520 OTAE

157 2573 174 2601 l
199 2569 309 2610 Felix]
331 2569 387 2601 Sic
402 2567 587 2608 Virgilius:
625 2567 634 2582 ‘
651 2566 746 2597 Felix
760 2565 816 2607 qui
873 2564 906 2595 Is
936 2566 1010 2595 erat
1030 2561 1205 2594 Arcadum
1241 2559 1492 2602 pauperrimus,
1518 2556 1576 2587 sed

117 2619 253 2660 potuit:
283 2620 346 2651 &c.
391 2619 508 2650 Simile
538 2617 730 2658 exemplum
764 2620 817 2647 est
871 2618 974 2645 aetate
992 2613 1066 2654 jam
1093 2611 1219 2652 senior,
1240 2610 1403 2642 terminos
1416 2606 1577 2649 agellisui

117 2670 207 2710 apud
231 2670 406 2701 Valerium
448 2669 653 2707 Maximum,
681 2678 723 2699 ex
737 2677 817 2708 quo,
871 2673 1042 2705 nunquam
1078 2665 1285 2701 excesserat,
1321 2659 1452 2702 parvuli
1489 2655 1576 2687 ruris

117 2719 208 2760 Gygi
235 2719 406 2761 Lydorum
431 2720 515 2760 Regi
539 2719 706 2750 ditissimo
731 2717 816 2749 Ora·
873 2715 1042 2748 fructibus
1059 2711 1264 2746 contentus!

116 2770 231 2802 culum
252 2770 262 2787 ⁶
274 2769 421 2811 Aglaum
438 2769 639 2811 Sophidium
651 2767 816 2810 praetulit.
