1851 3213
304 215 325 256 1
332 213 418 256 392

555 228 696 259 NOTAE
729 229 993 264 VARIORUM
1033 233 1082 263 {N
1118 234 1192 264 CL·
1223 234 1405 267 CLAUD.
1435 234 1522 266 XV.

981 441 1094 484 XV.

590 584 693 632 DE
750 585 989 634 BELLO
1048 587 1482 638 GILDONICO.

347 727 545 761 EXCERPTA
569 729 752 770 Pomponii
770 731 856 762 Laeti
878 732 955 762 huic
974 732 1011 762 li-

301 777 364 809 bro
389 779 572 819 praefigunt
599 780 850 820 przei‘ationem,
881 792 955 822 quae
978 783 1010 812 in

301 829 449 869 vulgatis
467 831 721 870 exemplaribus
738 831 797 861 lib.
814 841 853 863 11.
870 832 903 862 in
919 833 1012 863 Rufi-

299 887 381 909 num
398 881 634 919 praemittitur,
651 881 769 912 addita
785 882 846 912 hac
867 881 1011 923 inscrip-

300 927 404 968 tione,
431 930 516 959 Belli
542 930 654 961 Civilis
680 930 758 961 liber
782 932 913 963 tertius:
936 934 1011 973 pari

299 977 400 1008 modo
418 982 454 1008 et
480 980 651 1010 secundus
670 981 872 1012 Vaticanus.
922 983 1011 1013 Reli-

299 1027 356 1067 qui
376 1038 509 1069 quoque
527 1030 660 1061 codices
684 1031 923 1071 praefationem
949 1034 1010 1064 hoc

298 1077 374 1109 loco
391 1084 582 1118 agnoscunt
610 1091 687 1111 cum
714 1082 823 1121 primo
852 1084 1011 1123 Gyraldi-

299 1137 359 1161 no:
388 1130 516 1168 primns
533 1131 722 1162 Vaticanus
751 1133 862 1171 aliter,
890 1138 927 1164 ut
950 1144 1009 1165 suo

299 1178 375 1209 loco
393 1178 547 1212 diximus,
573 1181 624 1211 Ex
643 1182 788 1213 Lucensi
805 1184 924 1215 codice
937 1186 1010 1215 nul-

297 1228 341 1259 ]ae
370 1230 471 1260 variae
497 1231 662 1262 lectiones
695 1238 793 1263 erant
818 1239 947 1265 notatae
976 1236 1008 1265 in

297 1277 360 1310 hoc
378 1279 518 1310 Poema.
545 1280 738 1312 Oiselianus
757 1282 888 1314 Librum
902 1286 939 1315 de
948 1284 1009 1315 bel-

298 1330 326 1360 lo
344 1330 490 1361 Gildonis
505 1332 671 1364 inscribit.
705 1334 746 1365 D.
765 1335 878 1366 Heins.

340 1380 507 1412 Praefatio
535 1382 588 1413 hic
606 1382 842 1415 desideratur:
867 1386 922 1416 vel
951 1396 1008 1426 pe-

297 1430 401 1461 tenda
417 1440 460 1462 ex
477 1431 535 1463 lib.
551 1441 590 1462 11.
609 1433 642 1462 in
659 1433 832 1475 Rufinum,
844 1435 901 1466 ubi
916 1436 1008 1468 inve-

297 1480 383 1512 nieS.

340 1532 426 1563 Quae
452 1531 494 1562 ad
519 1531 741 1564 Stilichonem
766 1544 801 1565 se
825 1536 1007 1577 convertit,

296 1581 353 1622 qui
370 1585 471 1613 antea
487 1583 595 1614 classe
613 1589 746 1615 armata
759 1585 793 1615 in
806 1586 972 1618 Achaiam
987 1598 1006 1619 a

297 1631 397 1662 Getis
423 1642 521 1671 paene
547 1634 729 1672 spoliatam
753 1645 792 1666 ac
820 1636 1005 1677 direptam,

295 1681 422 1712 vindex
441 1684 660 1722 properavit;
686 1694 724 1714 ae
739 1686 915 1717 Musarum
934 1686 1005 1718 fon-

295 1734 360 1770 tes,
378 1732 552 1773 ipsiusque
571 1733 690 1763 Plioebi
710 1735 825 1766 sedem
841 1737 921 1767 belli
937 1748 1004 1768 me-

296 1785 334 1810 tu
351 1781 500 1811 exemit:
525 1791 598 1822 quae
616 1786 731 1812 tamen
752 1785 930 1823 expeditio
946 1787 1005 1816 mi-

295 1839 358 1860 nus
380 1830 530 1861 feliciter
555 1832 697 1863 cessisse
720 1834 866 1865 traditur
890 1836 938 1866 illi
957 1846 1006 1867 re-

296 1880 399 1920 gioni,
416 1891 490 1921 qnae
503 1881 574 1921 jam
594 1883 669 1922 plns
684 1884 766 1914 satis
784 1883 922 1924 afflicta,
946 1897 1004 1917 nu-

298 1940 467 1962 merosum
497 1933 582 1962 tanti
609 1933 705 1965 ducis
734 1936 924 1966 exercituin
950 1946 1005 1968 ne-

298 1991 364 2021 que
397 1982 488 2012 alere
517 1993 626 2023 neque
668 1984 836 2015 sustinere
876 1987 1004 2026 valuit3

296 2041 400 2071 quare
434 2033 569 2072 penitus
599 2035 771 2065 exhaustae
798 2046 865 2066 non
900 2048 1004 2077 parvo

295 2082 393 2112 stetit
423 2092 483 2112 sua
512 2083 660 2115 libertas.
706 2085 795 2115 Vide
820 2087 1003 2120 Zosilnum.

296 2131 468 2163 Caeterum
486 2134 539 2164 liic
556 2135 643 2164 liber
660 2135 691 2164 in
711 2135 893 2167 Gildonem
912 2138 1004 2169 vide-

294 2186 351 2212 tur
368 2185 515 2223 scriptus
540 2184 644 2215 fuisse
672 2185 826 2217 Honorio
851 2197 899 2218 lv.
916 2189 1004 2219 Con-

293 2233 365 2263 sule
396 2243 471 2264 cum
507 2236 731 2275 Eutycliiano,
761 2243 941 2278 postquam
973 2242 1002 2271 ei

294 2282 410 2323 nupsit
427 2284 548 2315 Maria.
567 2285 665 2316 Anno
684 2289 758 2317 398.
787 2288 908 2320 Closer.

339 2335 356 2362 1
382 2332 552 2371 Redditus,
568 2335 638 2374 ἂμ]
662 2336 746 2366 Inde
767 2338 847 2368 satis
865 2340 1002 2379 conjici-

293 2386 350 2413 tur
367 2392 427 2423 pro
452 2391 629 2424 comperto
646 2386 810 2425 habitum,
830 2394 864 2418 ut
883 2388 1002 2420 Africa

294 2442 373 2473 pars
400 2434 547 2474 Europae
574 2441 685 2473 essem
711 2437 771 2466 sed
794 2438 880 2468 enim
898 2440 1001 2470 Theo-

295 2484 425 2514 doritus
441 2485 500 2521 ait,
516 2485 732 2523 Gratianum,
758 2487 811 2525 qui
831 2493 927 2525 patre
945 2489 1001 2519 de-

297 2532 416 2564 functo
443 2535 615 2575 Europam
646 2537 809 2574 tenuerit,
835 2544 909 2575 post
939 2540 1002 2569 Va-

293 2584 395 2615 lentis
412 2586 524 2624 patrui
542 2585 673 2616 obitum
690 2585 782 2616 Asiae
804 2588 1001 2628 Libyaeque,

294 2634 329 2666 id
362 2640 426 2672 est,
460 2635 599 2675 Africae,
630 2646 771 2676 regnum
800 2640 1001 2678 suscepisse.

295 2686 482 2717 Paulinus:
520 2688 679 2727 Europen
712 2686 896 2729 Asiamque
935 2690 1001 2721 duo

294 2736 348 2766 vel
373 2737 521 2767 maxima
536 2738 655 2768 Terrae
682 2739 853 2769 membra:
879 2739 1000 2780 quibus

301 2786 442 2828 Libyam
453 2787 555 2819 dubie
569 2788 731 2819 Salustius
745 2788 841 2820 addit
855 2789 1000 2831 Europae

1065 733 1273 773 adjunctam.
1310 733 1356 765 At
1374 734 1477 765 credo
1494 738 1627 774 partem
1643 732 1773 766 Africae

1066 782 1254 813 Occidenti
1271 784 1467 823 propiorem
1491 784 1644 814 Honorio
1660 793 1775 814 acces-

1064 832 1172 869 sisse3
1198 842 1272 873 quae
1304 842 1384 863 vero
1414 833 1598 873 AEgyptum
1624 833 1778 874 respicit,

1064 882 1215 913 Arcadio
1233 882 1388 913 relictam
1404 881 1519 914 fuisse.
1546 883 1669 914 Claver.

1105 931 1237 971 Auster]
1261 930 1394 962 Africa.

1105 981 1312 1021 Subjectaque
1336 980 1455 1020 rursm]
1494 981 1600 1012 Velut
1619 981 1692 1022 jam
1715 991 1773 1013 ex-

1063 1035 1163 1062 emta.
1209 1031 1258 1062 At
1274 1031 1457 1072 improviso
1474 1030 1639 1062 domitum
1656 1031 1775 1063 Gildo-

1063 1091 1138 1112 nem
1170 1086 1337 1113 memorat
1369 1082 1533 1113 Zosimus.
1593 1082 1774 1112 convexum

1063 1136 1115 1162 est
1139 1132 1344 1169 rotunditas,
1369 1141 1429 1163 seu
1453 1130 1691 1162 cameratiouis
1714 1131 1773 1162 illa

1062 1181 1202 1219 cavitas,
1234 1185 1294 1211 aut
1322 1181 1509 1220 inclinatio,
1538 1191 1604 1221 qua
1631 1180 1772 1212 descen-

1062 1231 1146 1261 dere
1163 1231 1205 1261 ad
1223 1240 1285 1261 nos
1303 1231 1407 1262 Orbis
1433 1231 1578 1262 videtur.
1628 1231 1772 1263 Vicinum

1061 1281 1173 1312 metuit
1200 1282 1361 1312 orientem.
1404 1282 1522 1312 Terrae
1550 1281 1640 1313 enim
1666 1281 1772 1313 Orbis

1059 1330 1198 1362 videtur
1229 1341 1337 1371 prono
1362 1330 1411 1361 ibi
1442 1332 1529 1362 coelo
1555 1331 1711 1372 vicinior,
1734 1335 1773 1364 et

1059 1386 1217 1413 metuere
1235 1382 1467 1422 propinquum
1482 1381 1606 1412 Solem.
1632 1381 1751 1414 Barth.

1102 1435 1122 1463 2
1138 1432 1265 1463 Alterni
1277 1442 1413 1463 com-exa
1425 1431 1506 1472 poli]
1524 1432 1603 1463 Non
1615 1430 1770 1473 Alterius,

1059 1481 1152 1522 prior
1171 1482 1309 1513 Moreti.
1358 1483 1482 1513 Alterm'
1502 1492 1563 1523 pro
1580 1482 1770 1524 utriusque.

1059 1540 1116 1562 111.
1135 1532 1235 1563 Cons.
1263 1532 1393 1563 Honor.
1433 1532 1442 1549 ⁴
1460 1532 1506 1564 Et
1537 1532 1680 1573 geminis
1704 1531 1770 1563 fnl-

1060 1593 1143 1622 gens
1171 1587 1318 1624 utroque
1346 1583 1408 1613 sub
1428 1592 1492 1614 axe
1519 1582 1681 1623 trophaeis
1703 1582 1771 1614 Te-

1059 1633 1157 1673 thyos
1169 1633 1310 1664 alternae
1329 1631 1450 1664 refluas
1464 1633 1611 1665 calcavit
1624 1632 1769 1665 arenas.'

1059 1685 1113 1715 Sic
1143 1685 1223 1715 alibi
1254 1688 1393 1715 noster:
1419 1685 1428 1700 ‘
1447 1685 1616 1716 alternum
1646 1685 1769 1725 puppis

1057 1734 1159 1765 latus'
1186 1734 1291 1765 habes
1317 1733 1408 1774 apud
1434 1734 1595 1766 Juvenal.
1610 1734 1684 1766 Sat.
1700 1743 1768 1766 ΧΠ.

1057 1785 1145 1815 male
1163 1785 1267 1814 etiam
1294 1784 1367 1814 liaec
1392 1784 1491 1823 vulgo
1515 1783 1770 1824 distingueban-

1057 1837 1124 1864 tur.
1147 1835 1191 1864 D.
1209 1833 1323 1864 Heins-

1102 1884 1236 1914 Rectore
1250 1883 1305 1913 snb
1320 1884 1394 1923 uno]
1430 1883 1651 1914 Communem
1678 1884 1767 1916 dicit

1058 1934 1197 1964 Patrem
1223 1938 1257 1963 et
1280 1934 1441 1963 Tutorem
1460 1934 1637 1974 utriusque
1653 1934 1767 1975 Impe-

1058 1985 1110 2023 rii,
1128 1984 1280 2015 Flavium
1296 1984 1532 2022 Stilichonem,
1546 1984 1640 2025 cujus
1655 1986 1767 2026 auspi·-

1058 2036 1119 2066 ciis
1137 2035 1328 2066 debellatus
1347 2034 1462 2073 Gildo,
1487 2039 1522 2064 et
1547 2035 1702 2066 Honorio
1717 2035 1766 2067 Α-

1057 2084 1141 2116 frica
1180 2085 1348 2116 restituta.
1408 2084 1598 2125 Inscriptio
1640 2089 1764 2118 vetus:

1058 2145 1201 2167 FLAvlo.
1225 2145 1450 2167 STILICHONI.
1481 2145 1765 2170 ILLUSTRISSIMO.

1056 2196 1157 2218 vmo.
1194 2196 1341 2218 socnno.
1382 2195 1555 2219 nononu.
1594 2196 1764 2219 Αυσυετι.

1055 2246 1199 2268 AFRiCA.
1223 2246 1406 2267 consmns.
1431 2245 1525 2268 Esus,
1554 2245 1610 2268 ΕΤ.
1636 2246 1766 2269 PRovr-

1055 2295 1172 2318 smnn.
1199 2296 1390 2319 ιιΒΕηΑἹ-Α.
1415 2296 1470 2318 Ex.
1497 2296 1543 2318 sc.
1591 2288 1764 2319 Concordia

1055 2338 1212 2368 nimirum
1238 2337 1406 2377 profunda
1435 2337 1496 2367 sub
1524 2346 1627 2367 unum
1650 2336 1763 2367 omnia

1055 2387 1238 2418 Rectorem
1268 2387 1461 2427 redigente,
1489 2386 1762 2428 quamlibetduo

1055 2437 1122 2467 sint
1139 2437 1331 2476 Principes,
1356 2437 1471 2467 Barth.

1097 2489 1116 2516 3
1143 2487 1309 2526 conspirat
1320 2487 1461 2525 geminus
1475 2486 1571 2526 orbis]
1595 2485 1651 2516 Sic
1663 2487 1763 2527 prim.

1054 2536 1164 2566 Vatic.
1184 2541 1219 2566 et
1243 2536 1436 2566 Oiselianus
1465 2545 1483 2566 a
1512 2545 1612 2567 manu
1640 2537 1761 2576 prima.

1054 2586 1165 2625 Vulgo
1183 2586 1371 2626 Conspirant
1390 2586 1508 2625 gemini
1523 2587 1621 2617 orbes.
1662 2587 1763 2618 Euro-

1050 2647 1112 2677 pen
1125 2637 1241 2676 etiam,
1255 2646 1319 2667 non
1338 2638 1507 2677 Europam,
1524 2637 1694 2669 meliores.
1717 2639 1762 2670 D.

1055 2687 1166 2717 Heius.

1100 2737 1228 2767 Gemini
1267 2737 1367 2778 orbes]
1418 2738 1544 2770 Oriens
1586 2742 1623 2770 et
1659 2738 1762 2771 Occi-

1056 2787 1152 2819 dens.
1178 2789 1297 2820 Barth.
