1852 3182
529 197 581 227 ῘΝ
617 196 909 229 EUTROPIUM
946 198 1039 228 [ΑΒ.
1073 200 1104 230 1.

88 298 163 329 cap.
189 293 220 321 3.
243 290 302 322 ‘ut
328 295 363 321 et
388 289 503 331 Scipio
525 289 634 330 major
658 300 787 331 procos.

86 342 239 381 captivos
253 342 273 372 :’
305 342 394 382 apud
420 340 565 372 eundem
583 341 640 373 lib.
659 351 690 372 v.
712 352 740 374 c.
760 346 787 374 1.

87 392 209 433 Origo,
225 399 320 433 puto,
336 395 407 434 ejus
425 393 472 423 rei
490 391 581 430 inde,
599 393 687 433 quod
710 403 788 424 cen·

85 453 139 473 sus
155 453 284 475 annuns
312 445 508 483 exigeretur
532 443 566 472 in
594 441 668 473 foro
691 444 786 474 hasta

84 494 205 532 posita.
258 494 359 525 Ovid.
378 494 433 524 lib.
453 502 477 524 1.
495 492 537 523 de
560 493 672 524 Ponto
690 495 741 524 El.
757 498 787 526 5.

85 544 201 582 Forte,
225 546 303 586 quia
322 544 529 584 praecipuum
553 544 657 574 telum
675 545 785 575 hasta.

84 593 178 626 Fest.
196 595 253 625 lib.
279 604 358 625 vui.
388 595 431 624 Et
448 599 568 625 exacto
585 594 786 635 magistratu

82 644 279 675 citabantur
292 645 332 675 ad
349 645 513 676 rationem
527 646 631 676 hastae
644 645 787 676 reddeu-

82 693 174 732 dam,
189 695 399 733 QiiaestoreS,
411 696 597 734 Praetores,
611 696 785 726 Consules.

81 745 201 776 Senec.
217 745 274 776 lib.
290 745 333 777 de
349 745 518 776 brevitate
533 747 623 785 vitae,
637 755 711 786 cap.
732 749 785 776 11.

79 795 88 810 ‘
103 793 229 825 infame
246 795 375 826 lucrum
394 795 514 826 hastae'
532 800 676 827 vocatur
691 808 698 827 :
726 796 783 826 ubi

80 852 158 883 non,
173 850 212 875 ut
228 845 375 884 Lipsius,
393 848 610 886 supputatum,
626 845 686 877 sed
710 856 787 877 cum

79 896 220 935 vulgata
235 896 397 933 editione,
412 897 591 937 supputatio
605 896 786 937 legendum

80 951 177 985 puto,
207 947 382 987 perpende
414 957 489 988 quae
520 947 562 979 de
588 947 782 978 Cornebulo

80 996 251 1027 Praetorio
279 998 399 1029 scribit
425 998 536 1029 Tacit.
561 999 621 1030 lib.
641 1009 695 1030 111.
715 998 786 1030 An-

80 1046 146 1078 nal.
170 1047 316 1087 Dempst.

119 1099 179 1127 211
209 1098 295 1132 Quid
310 1098 385 1136 jure
400 1099 567 1138 sepultum]
596 1099 674 1130 Non
693 1101 786 1139 quod,

79 1147 352 1178 Mazarinianus:
368 1148 442 1186 jure
459 1150 623 1188 sepultum,
639 1149 787 1180 civiliter

78 1202 271 1228 mortuum:
298 1208 355 1238 quo
381 1199 508 1238 primus
534 1199 723 1230 Vaticanus
749 1204 785 1230 et

78 1253 245 1289 excerpta
273 1249 519 1290 Pomponiana,
549 1260 609 1290 pro
625 1250 712 1290 quid.
737 1251 782 1281 D.

79 1299 197 1330 Heius.

121 1349 200 1380 Jure
214 1350 381 1390 sepultum]
417 1349 505 1379 Vide
532 1349 573 1380 ad
596 1350 784 1391 Panegyri-

80 1408 156 1429 cum
196 1400 228 1430 in
265 1409 315 1430 lv.
355 1400 575 1431 Consulatum
627 1400 783 1432 Honorii.

78 1449 198 1481 Barth.

120 1501 201 1531 Jure
213 1501 382 1542 sepultum]
407 1501 446 1532 Id
474 1507 538 1541 est,
556 1506 724 1533 mortuum
741 1502 784 1533 ci-

78 1550 207 1589 viliter,
225 1556 261 1582 ut
275 1551 308 1581 hi
333 1551 388 1592 qui
406 1552 437 1582 in
457 1556 629 1592 potestate
647 1551 783 1584 domini.

81 1603 205 1633 Claver.

120 1655 182 1683 213
207 1652 291 1683 Solio
320 1652 434 1692 Croesi]
458 1653 620 1693 Imperio,
649 1653 782 1692 Regno.

81 1703 269 1734 Horatius:
313 1704 321 1719 ‘
336 1703 526 1734 Redtlitum
571 1703 653 1743 Cyri
698 1703 782 1734 solio

76 1753 278 1785 Phraaten.7
300 1753 418 1785 Barth.

118 1806 181 1835 214
208 1804 356 1834 Eunucho
384 1803 522 1844 fluerent
564 1802 711 1832 Pactolus
750 1804 781 1832 et

77 1854 232 1894 Hermus]
256 1854 400 1884 Poetica
416 1851 782 1883 abundantissimarum

76 1905 273 1936 divitiarum
289 1902 559 1934 circumlocutio.
584 1901 683 1931 Idem.

119 1956 182 1984 215
208 1952 349 1991 Attalus]
388 1951 464 1981 Rex
490 1950 580 1981 Asiae
608 1950 782 1990 Pergami,

75 2003 132 2044 qui
167 2002 329 2043 populum
368 2000 556 2030 Romanum
591 1999 782 2039 ingentium

76 2063 177 2094 opum
197 2052 357 2083 heredem
375 2050 525 2091 reliquit.
571 2050 693 2080 Tantae
711 2051 781 2090 qui-

76 2105 154 2135 dem
169 2104 219 2134 11ae
237 2103 366 2133 divitiae
379 2100 535 2139 fuerunt,
552 2105 588 2130 ut
603 2110 713 2131 mores
731 2106 780 2132 to-

77 2155 144 2186 tius
162 2154 274 2185 Italiae
292 2152 521 2193 corruperint.
547 2152 645 2182 Idem.

119 2206 288 2237 Hoeredem
316 2203 463 2244 relinqui]
499 2203 635 2233 Attalus
665 2201 780 2233 Philo-

75 2261 198 2296 metor,
230 2255 390 2296 Pergami
419 2264 492 2293 rex,
528 2254 664 2293 scripsit
690 2253 778 2293 Pop.

76 2307 178 2338 Rom.
194 2306 257 2337 sibi
279 2314 523 2337 successorem.
569 2304 687 2335 Habes
713 2309 778 2335 tes-

75 2362 262 2389 tamentum
278 2356 368 2398 apud
385 2357 475 2387 Flor.
499 2355 557 2386 lib.
578 2364 618 2386 ιι.
636 2365 710 2396 cap.
728 2358 779 2387 20.

74 2412 111 2439 et
126 2407 185 2438 lib.
203 2417 260 2438 ιιι.
281 2416 356 2447 cap.
374 2409 423 2438 12.
459 2407 503 2437 Et
520 2407 696 2437 Patercul.
723 2406 778 2437 lib.

76 2467 101 2488 1.
124 2458 133 2474 ‘
149 2457 268 2488 Attalo
296 2461 439 2496 mortuo,
465 2466 484 2487 a
501 2466 567 2497 quo
594 2456 676 2487 Asia
691 2457 778 2497 Pop.

78 2508 174 2538 Rom.
196 2506 390 2538 hereditate
418 2507 540 2538 relicta
564 2511 639 2538 erat
655 2507 676 2538 :'
700 2508 780 2548 quia

76 2566 199 2596 nempe
217 2556 299 2587 Asia
324 2557 414 2588 bello
439 2557 594 2596 subacta,
619 2563 654 2588 et
681 2556 779 2588 Anti-

75 2607 161 2638 ocho
183 2611 297 2646 rapta,
319 2616 338 2637 a
353 2607 483 2638 Senatu
509 2608 540 2639 ei
566 2608 694 2639 donata
717 2612 779 2640 est.

76 2657 192 2687 Valer.
208 2656 266 2687 lib.
282 2665 332 2686 ιν.
344 2666 374 2687 c.
386 2659 416 2688 8.
434 2657 557 2690 Horat.
574 2659 633 2690 lib.
650 2668 690 2690 11.
710 2659 778 2690 Od.

78 2709 132 2738 18.
154 2706 298 2745 Dempst.

119 2759 184 2789 216
207 2757 356 2797 Margine
381 2757 492 2800 Tauri]
518 2758 558 2790 L.
573 2759 691 2801 Scipio
707 2759 778 2791 An-

426 2904 441 2921 Q

1427 191 1538 232 ‘1461

839 292 940 323 tiochi
956 302 1095 333 regnum
1111 293 1224 324 Tauro
1246 299 1360 326 monte
1380 297 1537 327 termina—

838 343 989 381 vit,dum
1018 343 1132 375 Asiam
1163 345 1367 385 provinciam
1396 346 1539 378 faceret.

838 394 952 424 Valer.
980 394 1036 425 lib.
1055 404 1103 425 ιν.
1133 405 1207 435 cap.
1237 395 1360 425 Ltine.
1406 396 1536 427 Tullius

839 442 871 472 in
897 444 996 474 Orat.
1015 453 1075 484 pro
1093 445 1228 475 Sextio:
1254 446 1261 460 ‘
1278 444 1481 475 Antiochum
1500 446 1537 475 il-

836 493 903 522 luni
922 504 1076 533 maguum
1106 495 1249 535 majores
1276 496 1393 533 nostri,
1419 505 1539 536 inagna

837 542 917 572 belli
939 546 1172 584 contentione,
1198 551 1289 576 terra
1315 546 1469 586 marique
1487 556 1541 576 sn-

838 597 1006 632 peratum,
1026 594 1114 624 intra
1137 600 1284 626 montem
1300 597 1445 627 Taurum
1464 606 1538 637 reg-

837 651 919 672 nare
940 642 1136 683 jusserunt:
1178 644 1300 684 Asiam,
1340 656 1405 686 qua
1443 646 1537 677 illum

838 694 1058 733 mulctarunt,
1088 693 1218 733 Attalo,
1249 700 1286 726 ut
1313 696 1339 725 is
1369 701 1540 735 regnaret,

838 744 1114 775 condonaverunt
1129 745 1147 775 ε’
1172 746 1215 776 ob
1237 745 1269 776 id
1289 751 1417 785 partem
1446 747 1539 786 regni

838 794 886 824 illi
904 804 1096 825 concessam
1121 796 1241 826 scribit
1270 797 1356 826 Flor.
1376 796 1433 828 lib.
1452 806 1491 827 11.
1510 806 1539 827 c.

839 847 867 875 8.
885 844 960 876 fine.
985 846 1029 876 Et
1046 846 1122 877 hinc
1148 847 1282 877 Taurum
1300 847 1462 878 arbitrum
1480 857 1536 878 na-

840 895 968 926 tionum
994 901 1093 927 vocat
1124 896 1211 927 Plin.
1240 896 1300 927 lib.
1327 906 1358 928 v.
1383 907 1457 937 cap.
1486 900 1537 929 27.

839 955 917 976 nam
939 947 947 962 ‘
964 946 1093 977 arbiter
1109 947 1225 986 populi
1242 947 1351 987 lapis‚’
1373 947 1461 988 apud
1480 949 1538 979 Se-

839 1006 914 1027 nec.
941 1002 993 1028 est
1018 997 1202 1028 terminus:
1243 998 1297 1028 hic
1315 999 1458 1038 frigidus
1485 1004 1538 1030 est

838 1047 961 1077 Tibull.
979 1047 1038 1077 lib.
1056 1057 1079 1078 1.
1104 1048 1154 1078 El.
1172 1051 1203 1078 7.
1218 1059 1246 1078 v.
1263 1052 1314 1079 16.
1342 1050 1538 1089 inhospitalis

838 1097 918 1127 Sen.
944 1097 1146 1137 Hippolyto,
1162 1104 1228 1128 act.
1248 1108 1270 1128 1.
1288 1108 1333 1128 sc.
1348 1102 1378 1129 2.
1398 1099 1539 1139 Dempst.

881 1149 942 1177 217
968 1147 1138 1177 Indomitos
1166 1147 1305 1187 Isauros]
1330 1149 1421 1179 Nota
1445 1149 1538 1181 Isau-

838 1205 950 1226 rorum
969 1201 1134 1236 perpetua
1151 1197 1340 1228 latrocinia.
1366 1199 1480 1231 Barth.

881 1246 960 1285 Egit
977 1246 1115 1287 Isauros]
1146 1246 1285 1277 Isaurus
1313 1258 1371 1278 arx
1396 1249 1538 1291 Ciliciae,

836 1297 966 1328 domita
982 1307 1000 1328 a
1016 1298 1056 1329 P.
1081 1298 1238 1338 Servilio,
1254 1299 1308 1339 qui
1334 1299 1377 1330 ob
1395 1300 1427 1330 id
1452 1301 1538 1332 Isau-

834 1348 917 1378 ricus
927 1347 1051 1379 dictus.
1070 1349 1157 1380 Flor.
1168 1349 1226 1380 lib.
1238 1357 1295 1379 ιιι.
1310 1360 1383 1390 cap.
1398 1353 1428 1381 0.
1446 1351 1536 1382 Puto

832 1399 922 1430 hunc
937 1400 1049 1430 locum
1065 1400 1234 1439 integrum
1257 1400 1406 1432 effictum
1422 1411 1462 1432 ex
1481 1402 1538 1433 Se-

834 1459 909 1480 nec.
924 1449 981 1480 lib.
1002 1459 1024 1480 1.
1041 1450 1082 1480 (le
1096 1450 1261 1481 Clement.
1279 1461 1352 1491 cap.
1369 1454 1400 1482 9.
1425 1452 1433 1468 ‘
1448 1452 1538 1483 Pan-

833 1500 930 1530 lusne
947 1504 982 1529 te
1008 1504 1043 1530 et
1066 1500 1189 1530 Fabius
1217 1501 1307 1532 Max.
1335 1506 1369 1532 ct
1387 1502 1482 1533 Cossi
1500 1506 1536 1533 et

833 1550 967 1581 Servilii
984 1550 1108 1590 ferent,
1124 1556 1324 1593 tantumque
1340 1562 1461 1591 agmen
1478 1562 1536 1584 no-

834 1601 964 1640 bilium,
981 1610 1047 1631 non
1074 1601 1184 1632 inania
1201 1603 1335 1633 nomina
1354 1602 1537 1642 pracferen-

835 1651 930 1690 tium‚
958 1650 1017 1681 sed
1041 1661 1157 1681 eornm
1176 1652 1233 1692 qui
1250 1651 1450 1691 imaginibus
1469 1652 1536 1682 suis

835 1699 951 1730 decori
968 1705 1045 1730 sunt
1057 1699 1079 1729 ?’
1108 1701 1250 1740 Dempst.

877 1753 940 1781 218
964 1750 1100 1790 Pharos]
1124 1750 1303 1791 AEgyptus,
1320 1750 1536 1783 Alexandriae

834 1801 999 1839 Regnum.
1027 1800 1143 1830 Barth.

876 1853 939 1880 220
964 1850 1002 1879 In
1020 1849 1163 1889 mercem]
1198 1850 1315 1880 Palam
1339 1851 1386 1881 ait
1411 1861 1536 1892 caupo-

834 1905 949 1930 natum
987 1901 1178 1941 provincias
1215 1895 1341 1940 Populi
1380 1902 1535 1933 Romani.

834 1951 960 1990 Supra:
995 1953 1003 1967 ‘
1021 1949 1163 1980 Institor
1190 1949 1341 1989 Imperii,
1360 1960 1469 1991 caupo
1487 1950 1535 1981 fa-

833 2010 944 2031 mosus
973 2001 1156 2030 honorum!
1200 2001 1379 2032 Quomodo
1409 2011 1535 2042 caupo-

834 2051 907 2081 nari
931 2051 1054 2081 bellum
1082 2050 1226 2080 Ennius:
1260 2053 1268 2067 ‘
1287 2050 1389 2080 vitam
1418 2060 1534 2082 cerna-

832 2112 905 2132 mus
916 2101 1143 2142 utriquc‚Non
1154 2106 1384 2141 cauponantes
1397 2101 1535 2141 bellum,

832 2152 890 2183 sed
908 2150 1182 2191 belligeranteis.’
1221 2151 1371 2182 Mercem
1390 2151 1472 2182 dicit
1488 2153 1532 2184 de

832 2202 1013 2242 provinciis
1040 2200 1178 2239 factam,
1206 2206 1242 2231 ut
1267 2200 1407 2231 Romam
1425 2201 1533 2240 ipsam

831 2251 898 2281 suis
916 2251 1046 2281 civibus
1061 2251 1099 2282 L.
1112 2251 1246 2289 Florus,
1262 2251 1282 2280 l.
1299 2259 1357 2281 ιιι.
1379 2251 1388 2267 ‘
1405 2251 1536 2282 Misera

831 2301 1040 2342 Respublica
1064 2302 1096 2332 in
1121 2301 1260 2332 exitium
1286 2311 1380 2332 suum
1402 2311 1533 2333 merces

830 2350 928 2383 erat!
950 2351 1047 2382 Idem.

875 2403 912 2433 In
944 2413 1073 2433 mercem
1102 2402 1244 2443 veniunt]
1283 2403 1343 2434 Cn.
1376 2402 1533 2443 Pompeii

830 2454 947 2494 Magni
959 2458 1055 2494 gesta
1068 2454 1261 2492 adumbrat,
1275 2463 1347 2494 quae
1362 2453 1461 2484 unico
1475 2453 1533 2484 illo

830 2504 940 2544 elogio
966 2505 1196 2543 continentur,
1223 2508 1258 2534 et
1284 2503 1435 2534 Africam
1458 2503 1533 2533 ulti-

830 2564 918 2585 mam
930 2553 1425 2594 provinciarum,meditullium
1437 2554 1534 2584 Rom.

831 2605 969 2645 Imperii
985 2602 1123 2636 factam.
1159 2604 1250 2634 Plin.
1269 2613 1332 2634 vu.
1350 2606 1401 2634 20.
1420 2603 1530 2634 Porro

830 2655 863 2686 hi
882 2665 995 2685 versus
1011 2655 1147 2685 consoni
1173 2659 1251 2685 suut
1275 2664 1351 2684 cum
1376 2654 1441 2684 illis
1465 2654 1530 2685 Lu-

831 2707 921 2745 cani,
937 2707 958 2736 l.
972 2715 1009 2736 11.
1022 2707 1096 2735 593.
1119 2706 1127 2721 ¹
1144 2705 1270 2736 Dedita
1284 2704 1387 2735 sacris
1398 2703 1529 2735 Incerti

829 2757 953 2791 Judoea
968 2756 1048 2797 Dei,
1063 2755 1240 2797 mollisque
1264 2755 1440 2796 Sophene:
1464 2754 1529 2786 Ar-
