1851 3213
279 158 392 221 1000
709 192 784 223 οι..
818 191 1101 224 CLAUDIAM
1134 192 1322 226 xxxvr.

277 296 325 335 Si
346 296 494 337 buxos
511 296 661 338 inflare
683 298 829 348 velim,
852 299 986 341 ferale
1009 301 1277 354 gemiscunt:
1656 304 1742 348 130

274 364 505 418 Tympana
527 366 565 407 si
586 367 797 420 quatiam,
821 368 1028 422 planctus
1048 370 1157 410 mihi
1178 375 1388 424 tympana
1409 370 1611 414 reddunt.

272 431 345 472 Ah
367 445 535 484 vereor,
558 448 612 475 ne
634 435 738 488 quid
760 437 1022 490 portendant
1043 439 1191 480 omina
1212 439 1305 480 veri
1325 440 1334 480 !

274 499 380 540 Heu
396 501 539 554 longae
561 516 747 544 nocuere
768 518 904 547 morae
923 506 931 547 !
964 505 1125 547 Procul
1146 507 1268 548 irrita
1288 508 1406 549 venti

280 568 408 609 Dicta
429 568 580 620 ferant,
602 572 766 613 subicit
789 572 953 628 Cybele
972 588 980 616 :
1013 588 1098 615 non
1119 579 1236 616 tanta
1256 575 1447 617 Tonanti

273 635 503 689 Segnities,
521 642 567 678 ut
587 653 672 680 non
692 654 773 694 pro
794 643 974 695 pignore
993 643 1176 684 fulmina
1195 643 1352 685 mittat.
1654 645 1741 687 135

276 702 293 742 Ι
317 708 475 754 tamen,
498 709 540 746 et
560 707 679 747 nullo
702 709 877 750 turbata
898 716 1111 750 revertere
1132 724 1257 752 casu.

328 770 446 813 Haee
467 773 556 822 ubi,
579 774 814 827 digreditur
836 778 1010 830 templis
1029 790 1038 815 ε
1071 778 1149 819 sed
1169 779 1293 820 nulla
1312 779 1450 820 ruenti

267 907 376 929 manus
391 909 474 929 meae
490 903 596 939 sponte
621 901 784 933 verberant
799 903 898 935 sinum
924 905 1094 936 attonitum
1107 905 1122 937 Ι
1157 905 1195 936 Si
1210 906 1333 946 capiam
1358 906 1513 946 inspirare
1528 905 1635 943 tibias,
1659 916 1742 938 reso-

267 944 344 971 nant
360 941 508 978 funeste:
531 944 689 979 sifert'am
711 949 871 986 tympana,
896 951 1046 988 tympana
1062 949 1229 980 remittunt
1244 949 1321 980 mihi
1336 950 1499 988 gemitum.
1543 950 1622 981 Ah!
1645 951 1740 981 timeo

268 993 304 1013 ne
322 984 394 1015 haee
419 985 578 1024 proesagia
601 989 774 1026 praedicant
803 989 924 1029 aliquid
949 992 1103 1022 veritatis.
1150 991 1249 1023 Heu!
1286 993 1460 1032 expectatio
1476 993 1568 1032 longa
1593 994 1740 1023 damnosa

268 1028 312 1055 est
328 1027 419 1057 inihi.
469 1029 583 1068 Cybele
596 1032 778 1070 respondet:
811 1033 903 1063 Venti
931 1033 1079 1071 auferant
1096 1035 1184 1074 longe
1206 1035 1299 1066 rerba
1327 1041 1383 1066 tua
1399 1046 1489 1075 vana,
1505 1046 1524 1066 0
1540 1035 1668 1066 Ceres:
1692 1045 1739 1066 so-

269 1070 375 1100 cordia
392 1074 481 1101 tanta
496 1081 556 1101 non
571 1076 615 1103 est
638 1074 724 1113 doci,
739 1077 773 1104 ut
789 1085 848 1106 non
875 1080 1015 1116 torqueat
1045 1078 1183 1108 tonitrua
1196 1088 1252 1118 pro
1265 1078 1342 1120 filia
1360 1079 1572 1119 Proserpina
1588 1089 1596 1116 3
1620 1081 1737 1117 tamen,

266 1111 324 1150 ito,
350 1116 380 1143 et
396 1114 464 1144 redi
490 1115 575 1145 nulla
597 1117 769 1155 perterrita
795 1119 985 1150 calamitate.
1033 1121 1202 1160 Postquam
1220 1122 1326 1152 Ceres
1344 1121 1430 1151 dixit
1447 1122 1513 1152 Izoec
1528 1123 1647 1159 verba,
1661 1122 1739 1152 vexit

269 1163 311 1184 ex
329 1155 477 1186 delubris:
502 1161 535 1188 at
563 1160 645 1189 nulla
675 1160 820 1192 celeritas
846 1161 972 1194 sufficit
987 1163 1176 1200 festinanti:
1199 1165 1396 1205 conqueritur
1416 1165 1596 1196 Dracones
1615 1164 1743 1204 jugales

883 1246 1121 1258 eeeeeeeeeeee

264 1300 383 1331 loeclnnt
399 1300 516 1334 Ambr.
533 1306 614 1334 tert.
632 1308 810 1337 ven—130
834 1306 932 1338 buxus
951 1312 1021 1339 tres
1038 1309 1134 1341 Vatt.
1151 1314 1186 1340 et
1203 1310 1234 1341 d.
1261 1310 1336 1341 Pal.
1364 1310 1518 1341 Florent.
1546 1310 1612 1341 duo
1639 1310 1738 1342 Med.

267 1342 388 1374 Heius.
406 1344 450 1375 H.
467 1350 501 1376 et
517 1346 583 1378 inc.
595 1347 704 1387 ejusd.
723 1349 803 1380 Pnt.
816 1350 901 1389 Regr.
919 1352 1053 1382 Bonon.
1066 1353 1201 1383 Tholos.
1216 1353 1343 1384 Moret.
1358 1363 1408 1393 pr.
1421 1353 1535 1384 Oxon.
1548 1363 1602 1393 pr.
1616 1352 1740 1387 Ambr.

266 1389 349 1415 tert.
368 1387 433 1417 duo
450 1388 528 1419 Juu.
545 1394 615 1420 tres
633 1391 754 1422 Petav.
774 1392 858 1423 Exc.
876 1394 999 1423 Petav.
1017 1398 1235 1433 quarn—131
1258 1397 1418 1435 planctum
1436 1397 1515 1426 Vat.
1533 1396 1643 1435 quint.
1659 1396 1738 1428 edd.

267 1427 381 1459 Parin.
396 1429 493 1460 Junt.
513 1431 631 1462 Parrll.
656 1433 777 1472 Isingr.
796 1434 929 1473 Gryph.
957 1436 1065 1466 Colin.
1083 1437 1227 1476 Rnplrel.
1257 1439 1401 1476 planetas
1426 1438 1576 1469 Flore-nt.
1593 1448 1670 1469 cum
1687 1440 1737 1470 vi-

265 1470 351 1508 ginti
369 1471 454 1508 aliis,
471 1472 549 1503 Ald.
567 1478 603 1504 et
630 1475 710 1505 Var.
726 1477 795 1506 LL.
810 1486 827 1506 e
844 1486 949 1517 marg.
966 1477 1080 1510 Parm.
1105 1479 1164 1509 tibi
1181 1480 1260 1510 Pnt.
1287 1480 1354 1510 duo
1383 1481 1505 1511 Petav.
1534 1481 1613 1512 Var.
1630 1482 1698 1514 LL.
1717 1492 1737 1513 e

263 1513 418 1552 margine
443 1514 559 1545 Parni.
585 1517 715 1547 reddent
733 1518 916 1548 Pa1.—132
941 1520 1022 1549 Hcec
1043 1530 1149 1550 vereor·
1176 1521 1256 1552 Vat.
1282 1531 1334 1561 pr.
1364 1522 1421 1552 Ηα
1445 1523 1524 1554 Vat.
1551 1533 1621 1555 sec.
1649 1529 1685 1555 et
1701 1524 1735 1556 d.

266 1554 350 1585 Cod.
368 1556 557 1586 Bartholin.
576 1558 728 1590 Florent.
745 1560 810 1590 inc.
829 1560 951 1592 Heius.
974 1563 1106 1594 Bonon.
1134 1563 1202 1593 duo
1216 1563 1298 1595 Jun.
1325 1564 1392 1595 duo
1410 1564 1526 1595 Oxon.
1549 1565 1596 1597 At
1613 1566 1738 1599 Petav.

264 1607 316 1637 pr.
351 1601 532 1637 portentent
548 1599 661 1631 Oxon.
678 1611 744 1632 sec.
777 1604 975 1642 praetendant
991 1605 1075 1635 Exe.
1100 1605 1225 1636 Petav.
1250 1611 1362 1647 quart.
1394 1609 1561 1647 protendat
1577 1609 1655 1640 Vat.
1684 1620 1736 1650 pr.

262 1641 364 1670 omnia
381 1641 446 1670 duo
461 1641 584 1672 Petav.
601 1642 678 1673 Ald.
702 1644 803 1675 omina
821 1647 874 1676 vel
889 1648 1007 1677 somnia
1025 1653 1090 1678 vet.
1106 1648 1190 1689 Gyr.
1213 1653 1322 1680 nostra
1339 1660 1401 1689 pro
1416 1652 1482 1681 veri
1497 1651 1594 1682 Med.
1619 1662 1736 1683 sec.—

264 1685 326 1713 133
352 1683 425 1713 Heu
441 1684 542 1721 longce
561 1685 715 1717 Florent.
746 1687 843 1718 Med.
873 1694 984 1728 quart.
1013 1691 1096 1721 Exe.
1123 1691 1222 1722 Laeti.
1247 1692 1304 1722 Ηιι
1332 1694 1411 1724 Vat.
1428 1704 1496 1725 sec.
1523 1699 1559 1725 et
1586 1694 1619 1725 d.
1648 1695 1733 1728 Cod.

264 1725 453 1757 Bau-thohu.
477 1727 558 1757 Hoec
572 1727 693 1759 Petav.
711 1739 778 1761 sec.
802 1730 867 1761 Hce
882 1732 963 1762 Put.
982 1733 1047 1763 duo
1066 1733 1188 1765 Petav.
1204 1735 1333 1766 Movet.
1353 1745 1401 1776 pr.
1418 1737 1498 1768 Jun.
1515 1742 1549 1768 et
1565 1738 1666 1769 Voss.
1682 1748 1734 1779 pr.

263 1767 347 1799 Exc.
364 1769 487 1800 Petav.
505 1775 617 1810 quart.
643 1773 693 1802 Ne
707 1773 788 1804 Vat.
810 1778 888 1805 tert.
906 1775 981 1805 Pal.
999 1777 1093 1808 Med.
1113 1787 1163 1817 pr.
1187 1778 1254 1809 inc.
1271 1779 1392 1810 Heius.
1410 1780 1464 1811 ed.
1488 1781 1604 1811 Parni.
1623 1785 1659 1812 et
1674 1782 1735 1812 Vi-

263 1815 332 1841 cet.
369 1811 424 1841 Ηα
439 1813 493 1842 vel
512 1812 575 1843 Hat²
590 1815 690 1845 Voss.
714 1825 780 1846 see
818 1817 879 1847 Nee
893 1819 945 1848 vel
967 1818 1037 1849 Heu
1055 1820 1168 1851 Oxou.
1196 1830 1246 1861 pr.
1286 1822 1330 1852 Et
1347 1823 1455 1862 longas
1479 1824 1615 1855 nocuisse
1632 1834 1735 1856 moras

262 1853 460 1894 Reg.-134
483 1855 586 1886 subm
615 1857 726 1890 Oxou.
744 1869 796 1899 pr.
819 1860 915 1890 subiit
933 1861 999 1892 duo
1023 1863 1120 1894 Vatt.
1150 1868 1185 1894 et
1210 1863 1243 1894 d.
1272 1864 1404 1895 Bonou.
1431 1866 1567 1897 Titulos.
1582 1867 1664 1898 Juu.
1683 1877 1734 1908 pr.

265 1896 378 1927 Oxon.
396 1907 466 1928 sec.
484 1899 567 1929 Exc.
589 1899 709 1932 Petav.
728 1907 841 1942 quart.
864 1904 970 1934 subeat
989 1905 1061 1936 Pal.
1079 1906 1173 1937 Med.
1189 1916 1240 1947 pr.
1258 1907 1381 1939 Petav.
1397 1917 1465 1939 sec.
1488 1919 1542 1939 nec
1556 1912 1647 1940 tanta
1664 1915 1731 1941 tres

261 1938 358 1970 Vatt.
376 1943 411 1971 et
428 1940 458 1970 d.
475 1941 626 1974 Floreut.
643 1944 708 1975 inc.
728 1945 847 1976 Heius.
864 1947 944 1978 Put.
972 1948 1059 1987 Reg.
1087 1949 1219 1981 Bonon.
1240 1950 1359 1981 Ambr.
1376 1956 1455 1983 tert.
1473 1952 1551 1983 Ald.
1568 1954 1648 1984 Var.
1664 1953 1733 1985 LL.

263 1991 282 2012 e
298 1992 404 2024 marg.
421 1983 533 2015 Parni.
556 1995 627 2016 num
641 1990 729 2017 tanta
745 1988 825 2020 Jun.
843 1999 912 2020 sec.
937 2001 974 2022 ne
990 1991 1085 2023 Med.
1103 2002 1153 2033 pr.
1171 1993 1292 2024 Heius.
1309 1994 1356 2025 H.
1370 1995 1510 2026 Tholos.
1525 2000 1596 2026 tres
1611 1997 1732 2028 Petav.

262 2043 367 2072 —135
388 2035 411 2100 ᾖ
435 2047 547 2082 prout
572 2045 830 2078 Florent.—13G
853 2050 980 2081 tardata
1004 2060 1066 2090 pro
1095 2051 1221 2082 turbata
1246 2053 1323 2084 Vat.
1352 2062 1401 2093 pr.
1429 2054 1514 2085 Cod.
1540 2054 1733 2086 Bartholin.

262 2103 381 2138 Ambr.
399 2113 587 2141 tert.›—l37
604 2112 684 2142 Hoec
700 2113 745 2144 ila
760 2115 859 2146 Voss.
877 2125 930 2156 pr.
948 2116 1013 2148 ine.
1032 2117 1153 2148 Heius.
1168 2118 1250 2149 Var.
1268 2120 1336 2150 LL.
1355 2129 1373 2150 e
1391 2129 1496 2158 marg.
1509 2120 1625 2150 Par-m.
1651 2120 1732 2150 Hoec

259 2148 308 2178 ita
323 2150 376 2179 vel
394 2151 520 2184 Limina
540 2154 624 2195 lzeg.
646 2156 724 2187 Han:
739 2157 786 2188 ‘ita
806 2159 859 2188 vel
879 2159 959 2189 Hoec
975 2160 1026 2190 ubi
1054 2161 1107 2191 vel
1123 2161 1249 2192 Limina
1265 2163 1363 2193 Voss.
1384 2173 1435 2202 pr.
1466 2163 1580 2193 Oxou.
1599 2172 1650 2202 pr.
1686 2172 1734 2192 re-

260 2192 340 2222 verti
358 2192 475 2227 Ambr.
493 2200 573 2228 tert.
612 2198 736 2230 ridetur
754 2201 820 2231 duo
837 2202 935 2233 Vatt.
970 2203 1073 2234 ruenti
1089 2205 1144 2235 vel
1166 2205 1287 2236 reveriti
1304 2206 1390 2245 Reg.
1414 2205 1519 2236 ruenti
1535 2205 1590 2236 vel
1606 2205 1731 2236 ridetur

922 2290 1067 2322 NOTAE

260 2353 336 2385 fiat.
380 2354 423 2386 Id
454 2357 543 2397 quod
572 2363 625 2390 est
655 2360 788 2401 siguum
819 2362 964 2404 alicujus
1064 2367 1125 2395 135
1150 2366 1305 2407 Pignore]
1342 2366 1413 2397 Pro
1449 2365 1530 2406 filia,
1559 2377 1634 2409 quae
1675 2373 1729 2400 est

261 2403 479 2437 calamitati&
1019 2416 1238 2456 Proserpina.

304 2457 365 2485 130
389 2455 516 2496 Baros]
538 2457 654 2490 Tibias
672 2459 781 2492 factas
799 2471 842 2493 ex
859 2463 964 2495 buxo.
1064 2470 1126 2497 136
1151 2467 1172 2497 I
1197 2468 1314 2508 tamen]
1348 2468 1507 2500 Formula
1533 2469 1728 2510 optantium

304 2505 431 2546 Ferale]
467 2507 509 2538 Id
541 2513 604 2549 est,
634 2509 732 2541 ferali
763 2516 798 2543 et
827 2512 963 2545 funesto
1019 2516 1101 2548 felix
1120 2518 1195 2549 iter.

259 2554 374 2587 modo.
1063 2571 1126 2599 137
1150 2568 1213 2599 Sed
1228 2570 1314 2600 nulla
1341 2569 1446 2600 ruenti
1475 2569 1641 2610 mobilitas,
1658 2571 1727 2612 ὁτι]

304 2609 366 2638 133
395 2608 487 2640 Venti
501 2609 725 2653 dictaferant]
762 2614 872 2656 Vana,
887 2626 964 2657 quae
1020 2618 1076 2649 Ita
1104 2619 1196 2649 nulla
1227 2624 1322 2650 tanta
1361 2624 1414 2651 est
1446 2620 1619 2661 celeritas,
1648 2631 1725 2664 quae

260 2656 380 2688 carent
395 2657 532 2700 effectu,
548 2671 589 2692 ea
605 2663 699 2693 venti
721 2664 883 2698 dicuntur
896 2666 964 2698 fer·
1019 2668 1100 2700 satis
1114 2667 1261 2701 sufficiat
1275 2668 1440 2702 festinare
1457 2671 1623 2712 cupienti.

261 2714 312 2748 re,
329 2706 537 2752 discerpere,
552 2711 715 2746 lacerare.
