1852 3182
0 2044 3 2139 l

1 2146 5 2282 'i

520 209 584 238 DE
618 209 775 238 BELLO
809 208 1098 241 GILDONICO.

76 304 169 345 quid.
193 314 271 335 nam
287 304 369 335 visus
381 302 461 334 ferri
478 312 545 333 non
563 307 688 343 potest,
704 314 779 334 cum

73 355 202 385 ridebat·
218 364 293 386 mox
309 359 484 395 sequatur.
509 363 550 384 au
567 353 633 384 visu
650 356 781 384 destrin-

71 404 172 444 gere!
194 405 241 435 sic
260 410 293 435 et
312 405 457 435 Rutilius
480 404 702 444 castigandus
722 406 781 435 lti-

72 456 198 486 nerarii
232 456 316 485 libro
348 455 511 492 seeundo,
547 455 608 484 sul)
638 455 781 492 initium,

73 504 133 536 ubi
150 505 223 545 pari
250 505 349 536 modo
375 505 499 544 cingere
527 514 615 535 nuuc
639 505 782 535 circum-

72 556 203 589 fertur:
227 559 236 574 ‘
255 558 388 588 Italiam
412 567 522 587 rerum
539 557 706 587 dominam
724 558 780 598 qui

72 608 242 649 stringere
261 608 345 647 visu,
371 609 414 638 Et
438 613 542 639 totam
563 608 691 648 pariter
707 618 780 638 cer-

71 670 154 692 nere
166 666 280 691 nit-ute
290 661 395 692 velit.'
412 666 528 702 posset
539 668 573 693 et
589 663 655 703 legi
669 667 780 693 renutu

68 712 235 751 stringere.
266 718 382 743 noster
398 712 508 744 infra:
534 715 541 729 ‘
559 715 780 754 quaecumque

71 772 148 794 meo
177 773 259 803 gens
290 763 435 794 barbara
462 769 546 795 nutu
577 764 779 804 Stringitur,

71 813 261 844 adveniat!
298 815 320 844 1.
339 823 378 846 11.
396 815 427 845 in
444 815 623 846 stilic-lion.
639 818 647 830 ‘
660 816 780 845 'Fi-:ins-

68 865 204 896 vehitur
215 865 368 896 'rhuscos
379 865 649 907 Apenninusque
663 867 778 897 volatu

68 915 281 957 Stringitin·.’
306 917 350 947 D.
371 917 483 947 Heius.

110 968 174 996 360
193 965 315 1003 Infecta
331 967 466 1006 mapalia
478 966 563 1006 tabo]
589 967 685 997 Casae
705 976 778 1007 pas-

69 1018 181 1047 torum
199 1017 415 1056 Libycormn.
456 1018 599 1048 Festus:
628 1017 779 1057 NIapalia

68 1074 156 1096 casae
174 1067 325 1097 Poenicae
352 1068 583 1107 appellantur,
608 1068 639 1097 in
657 1067 777 1107 quibus

66 1116 149 1147 nihil
167 1122 220 1147 est
237 1118 372 1148 secreti.
404 1119 552 1148 Leonem
570 1128 684 1157 regem
701 1118 779 1148 Aui-

67 1171 231 1207 mantum,
247 1168 386 1198 Gildoni
412 1169 598 1209 componit,
622 1174 658 1199 ut
675 1169 779 1200 victo·

67 1218 111 1249 ris
129 1223 253 1258 augeat
270 1219 425 1258 gloriam.
450 1220 568 1250 Barth.

111 1271 174 1300 364
195 1269 366 1309 Defluxere
374 1269 475 1309 jubae]
492 1270 584 1302 Quas
600 1269 678 1301 irati
695 1270 779 1301 Leo-

68 1329 129 1351 nes
144 1320 291 1360 erigunt.
319 1321 417 1351 Idem.

110 1373 173 1401 365
199 1371 319 1408 Injecea
335 1372 435 1402 vincla
457 1372 634 1412 Unguibus]
666 1374 777 1403 Vena-

67 1425 178 1454 torum
198 1427 352 1453 veterum
369 1432 452 1462 mOS,
468 1427 606 1462 captum
628 1423 777 1453 Leonem

67 1472 325 1515 quadrupedem
343 1473 588 1513 constringere.
615 1474 713 1504 Idem.

110 1523 290 1564 Injectaque
309 1525 409 1555 vincla
431 1525 610 1564 Unguibus]
635 1525 777 1563 Ingesto-

67 1584 124 1615 que
154 1579 287 1615 septem
315 1576 446 1616 scripti.
475 1576 574 1606 bene.
598 1585 647 1606 1v.
674 1576 775 1606 Cous.

68 1625 161 1657 Hon.
185 1626 340 1667 ‘ingesto
352 1628 520 1668 crispatur
531 1637 683 1667 purpura
697 1637 776 1657 ven-

68 1675 129 1707 to!
174 1677 299 1708 incensa
340 1677 674 1709 Helmaestadiensis.
730 1678 774 1708 D.

68 1726 183 1759 Heius.

109 1779 173 1808 368
198 1777 354 1808 Hor-tator
370 1788 417 1809 me
430 1777 528 1818 cogit]
563 1777 632 1809 Alii
658 1777 777 1808 Horta-

67 1831 113 1860 ιιι.
160 1829 306 1860 Hortata
323 1839 370 1860 me
385 1830 489 1869 tangit
508 1829 598 1869 prior
614 1828 711 1859 Leid.
723 1837 777 1859 ve-

67 1885 181 1920 nuste,
205 1891 267 1922 pro
283 1891 413 1922 quonam
431 1891 524 1921 usque
538 1881 672 1916 remoti;
695 1879 775 1910 olim

67 1933 189 1964 remissi
206 1934 374 1973 legebam,
401 1937 437 1963 ut
467 1933 560 1971 alibi,
583 1942 630 1962 me
646 1931 776 1962 nimium

58 1982 197 2021 junoeere
211 1984 339 2013 remisso
353 1983 433 2014 Fata
446 1984 529 2014 viro.-
552 1982 641 2023 quod
656 1981 777 2013 confir-

66 2033 175 2064 mavit
191 2037 314 2073 postea
327 2033 665 2073 Rottemlorphianus
678 2032 775 2062 liber.

66 2083 76 2099 ‘
93 2083 206 2123 posito
223 2083 360 2114 remissa
379 2083 483 2114 luctu'
509 2083 599 2123 apud
628 2082 774 2113 Statium

67 2132 197 2163 Lucani
215 2133 456 2165 Genetliliaco.
486 2133 580 2173 prior
596 2133 725 2163 Moreti
742 2137 777 2163 et

67 2183 306 2223 Farnesianus,
321 2184 444 2214 morati.
469 2184 570 2223 paulo
583 2188 659 2223 post
671 2183 776 2222 pelagi

67 2234 170 2264 minas
184 2242 251 2264 non
266 2243 367 2263 moras
383 2233 503 2273 scripti
522 2233 688 2273 plerique.
713 2233 777 2263 Lu-

68 2291 142 2314 can.
158 2283 180 2313 l.
200 2291 233 2313 v.
254 2283 263 2299 ‘
278 2282 392 2314 nubila
405 2293 570 2324 nusquam
586 2283 777 2314 Undarum-

68 2343 134 2374 que
149 2333 275 2364 minae.'
298 2334 400 2364 aliter
418 2339 530 2365 tamen
548 2333 646 2374 prim.
662 2333 774 2364 Vatic.

70 2384 168 2417 Idem.

112 2434 286 2475 Hortator]
318 2434 463 2477 Auctor,
477 2436 659 2476 Impulsor.
692 2436 776 2467 Bar-

70 2484 164 2517 thius.

112 2538 175 2566 370
202 2535 426 2567 Transmittere
438 2536 575 2578 primus]
609 2536 776 2568 Parialv.

71 2584 269 2617 Consulatu.
296 2586 393 2617 Idem.

113 2637 177 2665 372
203 2635 459 2668 Germaniarum
474 2636 620 2678 feratur]
657 2639 777 2670 Cuncta

72 2685 215 2726 Gyrald.
233 2686 331 2726 prim.
347 2687 462 2719 Vatic.
487 2692 522 2719 et
537 2694 684 2730 quatuor
696 2690 776 2720 alii:

73 2735 122 2768 sic
137 2735 219 2767 alibi
233 2736 242 2752 ‘
260 2740 386 2767 cuncta
403 2738 577 2770 vetustas)
601 2743 638 2770 et
654 2740 676 2770 l.
690 2749 729 2770 11.
742 2739 778 2769 in

72 2787 217 2830 Eutrop.
239 2787 250 2804 ‘
267 2797 403 2829 unaque
426 2792 551 2820 cuncto
575 2789 684 2820 Poena
709 2799 778 2819 ma-

438 2909 453 2925 ἱ

1425 205 1537 247 1411

834 308 892 335 net
920 305 1057 344 generi!
1104 304 1280 345 Apuleius,
1305 307 1448 339 Metam.
1481 320 1537 343 111.

833 356 947 385 ‘Nam
976 365 1053 386 cum
1083 355 1154 386 sere
1181 356 1253 396 jam
1286 358 1388 388 tertia
1422 360 1538 399 vigilia

832 407 1031 446 scrupulosa
1053 407 1233 446 diligentia
1257 413 1393 439 cunctae
1423 409 1540 441 civita-

833 456 876 486 tis
894 457 1043 488 ostiatim
1072 458 1204 497 singula
1229 458 1447 489 considerans
1475 460 1538 491 cir-

833 507 1016 537 cumirem.'
1043 508 1097 538 Ita
1115 509 1307 546 legendum.
1334 510 1440 540 Paulo
1457 516 1536 541 aute

834 556 989 587 dixerat:
1018 560 1026 574 ‘
1048 560 1169 599 Neque
1196 571 1301 600 parva
1325 571 1389 600 νος,
1405 561 1463 592 sed
1481 571 1540 602 pa·

833 616 906 637 cem
924 614 1058 639 cuncta·v
1079 611 1230 641 civitatis
1247 613 1457 653 respiciens!
1480 614 1537 645 lib.

832 667 914 688 viu.
939 659 947 675 ‘
966 660 1097 690 Civitas
1111 666 1236 692 cuncta
1251 669 1412 694 vacuatur
1425 663 1540 695 studio

833 708 993 740 visionis)
1038 710 1092 741 Ita
1109 711 1215 751 probe
1233 717 1366 744 veteres
1384 714 1472 746 libri.
1502 714 1540 745 τὸ

831 763 939 790 cuncta
957 771 1138 801 perperam
1156 773 1174 793 a
1189 764 1336 804 vulgatis
1351 764 1463 796 abest.
1490 765 1538 797 D.

832 811 946 842 Heius.

874 865 935 893 374
963 863 1118 904 Rhenum]
1144 866 1332 896 Germanos
1350 866 1537 909 Gallosque

832 913 990 944 Romanis
1007 915 1202 946 militantes.
1228 917 1344 948 Barth.

873 966 934 994 375
961 964 1090 1006 Sedens]
1124 966 1263 997 Otiosus
1288 968 1392 1007 velut,
1417 973 1452 999 et
1469 977 1536 1000 non

829 1013 959 1044 habens
975 1015 1064 1055 quod
1083 1026 1189 1056 again.
1214 1017 1311 1049 Idem.

874 1067 934 1095 377
961 1066 1115 1105 Alterius]
1148 1067 1400 1098 Valentiniani:
1437 1069 1536 1108 cnjus

830 1120 868 1145 ut
896 1116 1023 1155 proprii
1048 1115 1119 1155 filii,
1147 1116 1332 1148 interfecto
1357 1118 1536 1158 Gratiano,

831 1167 988 1208 Regnum
1008 1172 1139 1199 tutatus
1166 1174 1217 1200 est
1240 1169 1463 1209 Theodosius,
1486 1180 1538 1202 so-

830 1228 907 1249 rore
923 1219 1023 1248 etiam
1041 1219 1074 1248 in
1090 1219 1284 1259 conjuginm
1301 1219 1445 1259 adscita,
1461 1230 1537 1261 quae

830 1278 906 1299 cum
923 1267 1028 1300 fratre
1045 1273 1081 1300 et
1097 1273 1207 1300 matre
1225 1270 1267 1300 ad
1284 1279 1360 1301 eum
1376 1270 1537 1311 profuge-

830 1326 894 1352 rat.
918 1320 1016 1352 Idem.

871 1370 1027 1410 Alterius]
1072 1371 1283 1403 Theodosius
1330 1372 1535 1413 Imperator,

829 1422 990 1462 princeps
1012 1423 1100 1461 grati
1125 1422 1227 1453 animi
1254 1428 1288 1454 et
1311 1432 1452 1463 memor,
1466 1424 1537 1454 Va-

827 1474 1052 1505 lentinianum
1073 1474 1257 1514 juniorem,
1285 1473 1426 1504 fratrem
1449 1473 1535 1504 Gra-

828 1525 911 1555 tiani
937 1524 972 1565 (a
999 1534 1063 1565 quo
1091 1524 1249 1555 diadema
1267 1524 1422 1555 Orientis
1439 1533 1535 1555 acce-

828 1573 896 1614 pit)
921 1574 952 1604 ri
980 1579 1110 1604 armata
1134 1574 1166 1603 in
1185 1574 1355 1614 integrum
1371 1573 1536 1612 restituit,

828 1625 981 1655 Maximo
997 1623 1200 1655 interfecto:
1220 1624 1297 1654 dein
1315 1624 1465 1655 secundo
1479 1623 1537 1655 Al-

828 1685 889 1715 pes
907 1674 1011 1713 fregit
1036 1674 1140 1714 ipsius
1166 1675 1353 1705 ulciscendi
1371 1683 1484 1713 causa,
1500 1678 1535 1705 et

827 1725 1060 1755 debellaturus
1080 1725 1279 1764 Eugenium.
1313 1725 1401 1756 Vide
1417 1725 1535 1756 Sidon.

830 1776 953 1806 Clavcr.

872 1828 934 1856 378
959 1825 1025 1856 Nos
1038 1827 1153 1865 proecloe
1168 1825 1283 1863 faciles
1306 1825 1536 1865 insultandique

818 1875 972 1915 jacemus]
1019 1877 1280 1916 [multanda-que.
1344 1877 1534 1908 Palatinus.

827 1925 873 1955 D.
892 1925 1004 1956 Heius.

871 1979 934 2007 380
958 1976 1090 2015 Tabam]
1129 1975 1336 2008 Conflictum
1353 1977 1535 2017 Bellicum,

828 2027 912 2058 tuba
925 2028 1149 2058 commissum.
1174 2028 1290 2059 Barth.

871 2081 932 2108 381
958 2078 1104 2118 Auferet]
1128 2079 1234 2109 Velut
1249 2079 1338 2110 dolo.
1364 2079 1461 2110 Idem.

870 2128 1002 2166 Auferet
1021 2128 1165 2168 igmwus]
1201 2129 1256 2159 Sic
1283 2129 1534 2170 Raplielengius

828 2188 903 2209 eum
921 2179 1043 2218 Isingr.
1056 2179 1154 2219 prim.
1167 2179 1327 2210 Vatican.
1338 2183 1373 2209 et
1384 2180 1533 2210 Putean.

827 2230 938 2270 Vulgo
955 2230 1090 2270 Afferet.
1114 2231 1208 2270 Lego
1225 2230 1383 2268 Anseret.
1408 2230 1535 2260 Posset

827 2272 931 2311 etiam
950 2280 1081 2320 reponi,
1108 2281 1149 2311 Ut
1159 2280 1248 2318 ferat
1265 2277 1422 2320 ignavus?
1445 2280 1534 2321 quod

827 2330 1036 2371 indignantis
1059 2334 1124 2361 est.
1152 2330 1221 2368 fati
1250 2331 1351 2361 etiam
1377 2340 1437 2370 pro
1460 2330 1535 2360 lethi

828 2382 922 2421 prior
939 2381 1078 2412 Moreti.
1103 2386 1138 2411 et
1163 2382 1304 2412 decernet
1329 2380 1449 2420 scripti
1469 2389 1535 2410 om-

827 2442 898 2463 nes.
943 2437 979 2463 et
1010 2433 1110 2463 Chaos
1133 2432 1276 2462 miscebis
1303 2441 1368 2462 nou
1396 2429 1535 2462 miscebit

827 2483 941 2514 Palat.
958 2483 1001 2514 D.
1021 2483 1136 2513 Heius.

872 2536 934 2564 382
974 2535 1129 2564 Decernct
1147 2532 1307 2563 Honorius
1334 2532 1416 2571 imlc,
1447 2531 1533 2561 Hinc

831 2585 941 2625 Gildo]
965 2586 1084 2616 Gloria
1101 2589 1214 2615 autem
1239 2583 1363 2614 homini
1389 2582 1534 2612 obscuro

828 2646 847 2666 a
863 2636 968 2667 nobili
987 2646 1088 2666 manu
1105 2635 1254 2666 interire.
1279 2633 1394 2664 Barth.

871 2690 934 2719 384
954 2688 1028 2717 Plus
1044 2686 1175 2717 nominis
1186 2685 1310 2724 horror]
1332 2681 1424 2713 Alibi
1442 2680 1532 2712 idem

829 2747 895 2769 non
914 2738 1031 2769 semel.
1056 2738 1064 2754 ‘
1082 2737 1186 2767 Fama
1200 2734 1290 2765 bella
1306 2730 1490 2763 constare)

872 2791 933 2819 385
959 2788 1110 2819 Minuunt
1121 2783 1288 2826 prasentia
1306 2781 1444 2822 famam]
1468 2781 1534 2813 Mi-
