1852 3182
648 237 903 269 moveam.
1385 234 1496 274 1105>

51 336 191 377 Ducit
213 336 385 376 flamma
406 333 586 373 choros:
619 333 731 373 festa
752 333 994 373 frondentia
1015 339 1160 387 myrto

50 403 220 444 Limina
241 403 477 452 cinguntur,
495 401 717 453 roseisque
739 401 903 441 cubilia
923 407 1103 453 surgunt

50 469 263 515 Floribus,
282 472 322 507 ot
344 468 579 508 thalamum
600 467 759 508 dotalis
782 481 974 521 purpura
994 469 1124 509 velat.
1440 472 1495 510 :30

49 536 136 577 Hic.
158 537 307 576 mirum
326 536 546 587 consurgit
566 548 696 588 opus.
759 535 975 588 Cytherea
996 536 1198 577 maritum

46 604 208 656 Sponte
226 603 355 654 rapit,
377 603 562 656 coelique
583 608 699 643 toros
721 603 893 643 imitata
912 604 1078 655 priores

47 669 231 710 Pectora
251 670 419 710 lascivo
439 670 544 710 flatu
566 669 787 710 Mavortia
807 669 954 718 nectit,

46 735 101 776 Et
121 740 287 776 tantum
311 737 533 790 suspendit
551 748 674 784 onus,
695 735 919 788 galcaeque
940 736 1126 776 lacertos

46 803 265 856 Implicat,
282 809 323 845 et
348 805 460 845 vivis
481 809 616 845 totum
639 803 943 857 complexibus
962 805 1112 844 ambit.

45 869 125 910 Ille
146 870 375 912 lacessitus
395 872 524 924 longo
546 871 798 924 spiraminis
816 875 918 910 actu

43 936 232 978 Arcanis
255 939 433 979 trahitur
453 950 621 991 gemma
642 937 694 977 de
715 937 903 990 conjuge
923 937 1065 977 nodis.

1441 830 1448 842 .
1441 812 1447 819 .

1453 805 1465 845 b-fi‘

1470 808 1494 845 :a

45 1058 119 1096 ipsis
140 1068 196 1098 pro
221 1058 449 1088 consuetudine.
503 1057 573 1087 Fax
595 1055 757 1096 nuptialis
784 1056 869 1086 ducit
895 1056 1019 1087 choros:
1048 1058 1154 1087 domus
1174 1062 1302 1089 ornatur
1326 1063 1425 1099 myrto
1450 1070 1496 1089 so-

43 1101 138 1139 lenni,
170 1104 199 1130 et
229 1101 358 1131 thalami
384 1100 568 1130 attolluntur
594 1098 727 1139 floribus
762 1108 867 1136 roseis,
900 1102 929 1129 et
965 1109 1101 1139 purpura
1127 1101 1240 1131 dotalis
1271 1106 1360 1131 ornat
1389 1103 1495 1133 cubile.

43 1143 108 1173 Hic
125 1153 199 1182 opus
214 1143 394 1173 ‹ulmirabile
417 1143 571 1180 exsurgit.
622 1142 722 1172 Venus
737 1141 870 1171 attrahit
896 1142 979 1172 ultro
1002 1143 1158 1181 conjugem
1179 1153 1266 1173 suum
1283 1144 1444 1182 Martem,
1467 1149 1495 1176 ct

42 1186 168 1216 imitans
189 1186 299 1216 lectum
318 1186 452 1225 priorem
475 1184 562 1223 Coeli,
585 1184 771 1222 constringit
785 1188 892 1224 pectus
912 1185 1030 1215 Martis
1053 1185 1162 1215 habitu
1182 1187 1352 1224 luxurioso,
1379 1191 1407 1216 et
1433 1196 1498 1217 8113-

40 1229 142 1267 pendit
164 1229 283 1267 pondus
306 1231 444 1266 tantam,
467 1230 496 1258 et
512 1227 644 1258 innectit
666 1226 790 1257 brachia
806 1226 920 1257 cassim·
941 1226 1026 1267 ejus,
1048 1231 1077 1257 et
1104 1228 1204 1266 cingit
1225 1232 1322 1259 totum
1348 1229 1496 1260 Martem

43 1271 246 1311 complexibus
260 1271 347 1311 quasi
361 1270 564 1311 spirantibus.
598 1270 658 1300 Ille
672 1269 766 1300 Mars
777 1273 960 1310 provocatus
973 1269 1092 1301 actione
1103 1273 1193 1310 longa
1208 1271 1324 1302 halitus
1340 1271 1496 1312 Veneris,

650 1354 884 1366 eeeeeeeeeeee

39 1416 127 1454 giam
144 1416 228 1446 Exc.
254 1414 333 1446 Pat.
347 1424 415 1446 rec.
433 1424 474 1445 m.
490 1417 642 1445 sea—28
666 1415 764 1445 Ducit
783 1414 905 1444 Moret.
924 1423 972 1454 pr.
1002 1412 1078 1444 ΑΜ.
1094 1413 1225 1453 flamma
1243 1415 1295 1445 vel
1311 1425 1396 1445 amm·
1412 1416 1495 1447 Exc.

45 1458 141 1489 Laeti.
169 1458 270 1487 thoros
287 1458 394 1488 Oisel.
410 1457 516 1487 choros
540 1457 591 1487 vel
606 1457 695 1493 faces
720 1457 803 1486 Exc.
822 1457 921 1486 Laeti.
948 1455 1036 1492 festa
1051 1456 1235 1493 frondentia
1269 1457 1348 1488 var.
1377 1458 1442 1488 LL.
1476 1468 1494 1488 c

43 1510 147 1540 marg.
166 1501 279 1531 Parin.
295 1499 444 1537 frondent
464 1498 609 1538 festaque
633 1499 712 1529 Vat.
734 1504 812 1529 tert.
840 1499 924 1528 Exc.
944 1498 1046 1535 Laeti,
1063 1498 1117 1528 ed.
1138 1499 1339 1530 Parim—*29
1362 1500 1497 1531 Lumina

43 1544 190 1573 Florent.
206 1543 286 1572 Var.
306 1542 372 1571 LL.
390 1542 444 1572 ed.
463 1541 653 1571 Antia—30
676 1541 825 1571 thalamos
851 1541 930 1570 Vat.
961 1550 1010 1579 pr.
1039 1540 1147 1571 Oisel.
1176 1541 1254 1571 Vat.
1282 1542 1393 1573 Livin.
1412 1543 1497 1573 Exc.

44 1585 141 1616 Laeti.
165 1584 334 1614 thalamum
353 1584 500 1614 Floreat.
515 1583 608 1613 Med.
621 1592 686 1613 sec.
700 1583 766 1612 inc.
783 1582 903 1612 Heius.
918 1582 1000 1612 Pur.
1014 1581 1080 1612 duo
1099 1582 1220 1612 I'etav.
1238 1585 1364 1613 nonon.
1379 1584 1497 1615 Ambr.

44 1633 121 1659 tert.
139 1626 266 1657 Buslid.
285 1626 398 1657 Oxon.
416 1635 483 1656 sec.
497 1625 582 1656 Cod.
595 1625 712 1665 Epigr.
731 1624 850 1655 Ambr.
864 1623 942 1654 Ala.
958 1624 1038 1654 var.
1063 1624 1132 1654 LL.
1156 1634 1173 1654 e
1201 1635 1304 1665 marg.
1329 1626 1442 1656 I'arm.
1462 1633 1497 1657 et

44 1671 97 1701 ed.
116 1668 304 1700 Antv.—-3l
332 1668 418 1699 Hinc
442 1668 525 1698 Exc.
552 1668 650 1698 Laeti.
681 1667 747 1697 Hoc
765 1667 916 1697 Florent.
932 1666 1151 1697 Buslid.--32
1174 1667 1279 1697 choros
1304 1667 1397 1698 Med.
1426 1678 1495 1699 sec.

45 1713 109 1743 inc.
139 1712 257 1743 Heius.
280 1711 396 1742 mirata
418 1711 548 1741 Bonon.
581 1712 701 1740 mutata
730 1709 807 1739 vat.
837 1710 989 1739 see.—33
1014 1712 1097 1739 motu
1129 1718 1189 1749 pro
1206 1709 1292 1749 flatu
1318 1710 1400 1740 Vat.
1432 1721 1499 1742 sec.

44 1755 204 1786 Heinsius
230 1754 435 1795 ascripserat
466 1754 576 1784 locum
602 1753 741 1783 Lucret.
765 1751 823 1782 lib.
844 1760 891 1782 vr.
915 1752 925 1768 ‘
944 1751 1128 1790 Impenant
1158 1757 1194 1782 ut
1224 1761 1297 1782 eam
1326 1753 1498 1793 magnesia

44 1796 180 1828 flamina
196 1796 311 1837 saepe.'
336 1797 377 1827 de
394 1801 554 1837 magnete
571 1796 668 1835 plura
684 1795 786 1824 habes
803 1794 1025 1824 ibidem—44
1050 1794 1095 1824 Et
1110 1795 1236 1825 tandem
1251 1794 1346 1825 Med.
1361 1805 1427 1827 sec.
1442 1806 1499 1834 ga-

45 1840 148 1880 leaque
167 1840 245 1871 Vat.
263 1844 345 1870 tert.
360 1840 456 1870 Roit.
474 1840 625 1869 Floreut.
638 1837 732 1868 Med.
749 1846 816 1867 sec.
835 1836 967 1868 Buslid.
981 1836 1137 1876 galeaeque
1152 1837 1234 1868 Exc.
1247 1837 1390 1868 Lueens.
1406 1847 1499 1877 pr.—-

45 1885 83 1914 35
108 1888 208 1914 torum
224 1892 285 1923 pro
299 1886 398 1913 totum
412 1882 495 1913 Exc.
514 1881 612 1921 Laeti,
625 1891 668 1911 m.
687 1882 822 1920 pr.-36
845 1878 1024 1920 spiraminis
1039 1879 1102 1910 ictu
1119 1879 1333 1911 Bassia—37
1357 1881 1498 1912 Alternis

704 1986 842 2019 NOTAE

47 2064 240 2105 complecti,
264 2064 297 2094 in
324 2073 364 2094 eo
396 2063 524 2104 templo
550 2062 744 2103 conjuginm

47 2116 191 2146 Veneris
207 2121 242 2146 et
254 2115 377 2145 Martis
390 2124 463 2145 esse
475 2118 588 2154 putat,
601 2113 745 2153 ideoque

46 2166 129 2197 illud
146 2165 310 2197 celebrat.

91 2218 132 2246 28
157 2214 289 2254 Choros]
325 2214 534 2252 Puellarum,
562 2221 746 2253 puerorum

49 2265 253 2296 canentium.

92 2314 215 2356 Myrto]
242 2315 327 2347 Quae
352 2312 453 2345 arbor
480 2316 533 2344 est
559 2322 655 2344 sacra
680 2312 746 2342 Ve-

51 2366 134 2397 neri.

92 2418 132 2447 30
156 2414 352 2454 Thalamum]
384 2414 440 2445 De
456 2413 518 2444 hac
535 2422 619 2444 voce
634 2422 747 2453 supra.

92 2469 132 2497 31
159 2464 325 2506 Cytherea]
347 2464 477 2503 Venus,
493 2473 606 2504 supra.

93 2519 135 2548 32
160 2517 252 2547 Toros
264 2514 400 2556 priores]
424 2514 509 2545 Cum
521 2513 653 2544 scilicet
673 2521 749 2543 cum

51 2567 164 2599 Marte
190 2566 401 2607 deprehensa
429 2570 500 2596 est:
524 2566 532 2581 ‘
551 2565 595 2596 Et
621 2563 686 2595 fuit
716 2564 751 2594 iu

55 2621 127 2648 toto
143 2618 314 2648 notissima
330 2615 445 2647 fabula
461 2615 570 2646 coelo.'

96 2669 137 2697 34
160 2666 342 2707 Suspendit]
377 2665 552 2697 Claverius
575 2675 617 2696 ex
634 2665 669 2697 S.
683 2664 751 2696 Au·

56 2716 211 2756 gustino:
235 2718 244 2734 ‘
261 2715 469 2755 μηχανήματα
491 2716 645 2747 humanis
672 2715 751 2747 arti-

55 2765 117 2797 bus
142 2764 240 2803 tiunt,
263 2776 339 2806 qnae
357 2767 413 2807 qui
429 2767 585 2798 nesciunt
612 2767 752 2808 opinen-

138 2818 258 2859 Delph.
275 2821 305 2849 et
322 2818 397 2851 Var.
410 2819 495 2851 Clas.

729 2819 839 2850 Claud.

799 2065 856 2092 tui·
870 2069 942 2091 esse
959 2058 1083 2090 divina.
1116 2058 1217 2089 Unde
1233 2057 1363 2090 factum
1379 2063 1446 2098 est,
1466 2064 1502 2091 ut

799 2111 833 2141 in
851 2110 995 2151 quodam
1015 2109 1142 2149 templo
1167 2109 1341 2150 lapidibus
1365 2119 1501 2150 magne·

801 2161 888 2191 tibus
906 2161 939 2190 in
955 2161 1025 2190 solo
1039 2161 1122 2190 etin
1135 2170 1272 2191 camera
1285 2160 1416 2200 positis,
1428 2171 1503 2201 pro-

801 2211 956 2251 portione
996 2210 1248 2250 magnitudinis,
1284 2210 1502 2242 simulacrum

801 2260 963 2300 ferreum,
1005 2261 1092 2292 ae'ris
1128 2262 1217 2292 illius
1255 2262 1378 2301 medio,
1415 2263 1505 2294 inter

801 2316 981 2351 utrumque
998 2311 1159 2350 lapidem,
1176 2311 1405 2350 ignorantibus
1423 2312 1503 2352 quid

800 2373 931 2394 sursum
959 2368 1049 2394 esset
1073 2373 1112 2394 ac
1137 2363 1308 2402 deorsum,
1332 2364 1426 2404 quasi
1444 2374 1503 2395 nu-

800 2414 898 2451 minis
925 2418 1096 2453 potestate
1124 2412 1314 2453 penderet.'
1358 2414 1403 2444 Et
1435 2414 1505 2444 Pli-

801 2465 894 2495 nius:
919 2465 927 2480 ‘
943 2463 1071 2494 Eodem
1096 2463 1211 2504 lapide
1229 2463 1377 2501 Magnete
1401 2464 1505 2495 Dino·

803 2518 917 2545 crates
944 2513 1152 2544 architectus
1175 2514 1395 2545 Alexandria
1413 2514 1507 2545 Arsi-

805 2564 885 2595 no'es
902 2564 1064 2603 templum
1078 2573 1315 2595 concamerare
1329 2565 1507 2595 inchoave-

805 2619 871 2653 rat,
884 2619 922 2644 ut
938 2614 971 2644 in
988 2624 1028 2645 eo
1055 2614 1271 2645 simulacrum
1295 2615 1367 2655 ejus
1383 2625 1400 2645 e
1417 2614 1506 2645 ferro

805 2665 956 2708 pendere
969 2664 1002 2695 in
1014 2664 1093 2696 aere
1110 2665 1303 2695 videretur!

847 2719 888 2747 35
916 2715 1019 2755 Vivis]
1045 2716 1149 2746 Ferro
1169 2715 1217 2746 ita
1233 2725 1268 2745 se
1286 2717 1451 2749 movente,
1467 2718 1506 2744 nt

806 2766 926 2798 eredas
941 2765 1028 2797 trahi
1045 2776 1065 2796 a
1088 2766 1251 2805 Magnete
1268 2764 1402 2794 vivente
1418 2773 1426 2793 :
1451 2763 1506 2795 vel

1354 2813 1421 2846 421
