1851 3213
329 232 444 276 1286
596 247 742 278 NOTAE
775 248 1043 278 νΑΒιοιωΜ

327 338 423 371 fectu
438 340 892 384 incomparabililoquuntur
902 343 1038 375 milites.

326 390 444 422 Barth.
603 381 613 389 ⁸

367 443 431 472 262
459 441 585 482 Tradis]
619 443 773 482 Deseris,
803 443 920 483 prodis
945 444 1039 475 velut

325 494 361 523 et
376 491 466 522 hosti
483 493 639 533 exponiS.
672 494 769 525 Idem.

373 543 454 575 Tuas
490 545 636 585 dextras]
680 546 755 576 Tibi
795 550 865 578 tam
905 546 1039 579 fideles.

323 593 451 626 Dextra
468 595 555 626 enim
572 595 674 626 fidem
692 597 814 628 innuit.
851 598 947 629 Idem.

365 647 429 676 264
468 647 532 676 Nos
557 647 631 676 adeo
659 646 750 687 vz'lcs]
783 648 902 679 Simile
929 649 961 679 in
979 659 1036 680 ex-

320 695 553 735 postulatione
580 696 689 737 Tydei
713 707 789 728 cuin
813 699 976 729 Etlieocle
1003 709 1035 729 a·

320 744 391 784 pud
410 746 607 786 Papinium,
632 747 801 779 Thebaid.
824 757 863 778 11.
889 750 897 765 ‘
916 748 1033 779 horum

318 795 471 835 miseret,
487 806 569 836 quos
594 797 759 836 sanguine
777 798 862 828 viles
887 797 1033 838 Projicis

317 845 469 884 excidio,
488 846 575 876 bone
594 846 689 876 Rex.’
715 847 816 878 Idem.

361 898 425 926 266
451 895 538 930 Quid
552 895 639 926 nobis
654 897 808 938 patriam]
835 896 914 929 Huc
930 899 1032 930 collo-

317 947 427 977 canda
465 947 664 985 distinctio;
704 953 738 979 et
776 954 829 979 est
867 949 1033 990 abruptus

315 1005 438 1028 sermo.
485 997 590 1036 Quid,
616 998 676 1038 ait,
698 998 794 1030 nobis
813 1000 961 1039 patriam
982 1011 1032 1032 re-

314 1048 455 1080 censes?
478 1048 488 1065 ‘
504 1049 595 1082 Quid
619 1049 754 1090 juvat?
780 1053 844 1083 &c.
891 1052 980 1083 Nam
998 1063 1031 1084 a·

312 1098 441 1140 lioquin
457 1098 494 1130 τὸ
512 1101 605 1139 juvat
623 1111 697 1132 cuin
715 1101 753 1131 τὸ
778 1102 869 1133 nobis
893 1113 1030 1144 compo-

312 1158 396 1180 nere
411 1155 464 1181 est
479 1145 715 1183 Soloecismum
740 1153 888 1184 orationi
905 1154 1026 1187 immit—

313 1202 401 1230 tere.
469 1201 623 1232 Militum
662 1212 739 1243 pars
779 1204 906 1235 Graeca
944 1211 1029 1246 erat,

312 1260 415 1291 quam
446 1253 667 1294 relinquebat
704 1255 849 1287 Stilicho
880 1256 1028 1288 Graeciae

313 1311 395 1333 suae.
421 1303 522 1334 Idem.

355 1355 419 1383 268
456 1354 497 1383 Te
520 1353 588 1384 siue
613 1355 702 1385 dulce
724 1354 822 1394 nihil]
844 1356 1025 1397 Virgilian.

311 1403 369 1434 lib.
388 1413 452 1435 vii.
477 1406 485 1422 ‘
504 1406 594 1436 haud
612 1406 792 1448 quicquam
819 1407 898 1438 milii
925 1408 1025 1440 dulce

310 1463 463 1485 meorum
481 1455 532 1486 Te
549 1456 634 1494 sine,
650 1455 772 1496 frater,
787 1457 875 1488 erit.’

356 1504 385 1534 F
384 1506 538 1537 ormidata
552 1509 679 1547 tyranni
693 1507 885 1549 Tempestas]
900 1508 937 1539 M
948 1519 1024 1540 ores

308 1554 451 1586 hominis
479 1556 627 1598 improbi
657 1558 888 1600 turbulentos,
915 1559 1024 1600 impu-

307 1614 375 1645 ros,
389 1606 513 1647 varios,
525 1618 646 1649 saevos,
660 1614 694 1640 et
707 1610 1025 1650 truculent0S,tem-

306 1658 436 1696 pestati
449 1659 629 1690 maritimae
642 1665 830 1701 comparat.
860 1661 977 1692 Barth.

350 1710 412 1738 271
436 1707 504 1739 Aut
520 1710 699 1750 impacatis]
724 1711 852 1743 Pacem
869 1713 992 1744 exosis.

349 1760 494 1791 Famnlos
507 1762 688 1803 proestabit]
713 1765 880 1805 Loquitur
894 1775 937 1796 ex
953 1775 1020 1797 am-

303 1809 434 1841 bitione
452 1810 633 1844 barbarica
657 1813 853 1846 immanium
885 1816 1019 1847 illarum

304 1863 340 1890 et
368 1859 518 1892 ferarum
545 1863 712 1903 gentium,
729 1874 869 1905 quarum
895 1866 1019 1906 princi-

302 1919 375 1950 pes.
409 1912 466 1943 Sic
483 1911 596 1944 Attila
622 1914 827 1946 Hunnorum
849 1916 923 1947 Rex
940 1925 1018 1947 culn

301 1960 524 2002 irasceretur,
552 1963 655 1995 duces
683 1965 912 1996 Romanorum
947 1977 1016 1998 ser-

301 2022 361 2043 vos
389 2023 467 2045 suos
493 2016 707 2056 appellabat,
724 2017 780 2058 qui
800 2022 915 2049 tamen
939 2019 1013 2060 ipso

301 2062 472 2104 dignitate
497 2075 564 2096 non
593 2071 692 2098 erant
725 2067 919 2108 inferiores,
949 2070 1015 2101 etsi

298 2113 455 2156 Principi
470 2117 622 2148 Romano
640 2118 807 2159 subjecti:
833 2124 870 2151 ut
896 2121 1014 2153 scribit

300 2164 441 2197 Priscus
469 2167 540 2208 ejus
569 2169 632 2199 aevi
662 2169 871 2202 Historicns.
918 2172 1012 2204 Quid

299 2220 402 2255 putas
417 2217 535 2249 horum
554 2219 744 2260 principem
760 2221 927 2253 militibus
944 2232 1012 2253 non

297 2264 480 2307 facturum,
504 2269 562 2309 qui
592 2270 706 2301 Duces
738 2271 909 2304 Romanos
948 2283 1010 2314 pro

299 2316 405 2346 servis
430 2316 580 2352 habeat?
614 2320 777 2352 Habebat
805 2327 921 2354 autem
940 2328 1011 2354 tum

297 2367 463 2407 temporis
483 2368 592 2400 Attila
619 2371 757 2402 titulum
774 2373 918 2404 Romani
937 2374 1010 2405 Du-

297 2416 360 2456 cis,
385 2420 424 2448 ut
450 2427 493 2448 ex
520 2419 641 2451 eodem
673 2421 785 2453 Prisci
814 2422 1010 2465 fragmento

296 2472 455 2508 apparet.
479 2469 598 2500 Barth.

338 2517 466 2558 Alanis]
489 2518 660 2551 Ammian.
679 2521 835 2553 Marcell.
854 2522 955 2562 Alani
972 2530 1008 2556 et

293 2568 459 2599 montium
495 2570 727 2609 appellatione
763 2575 1006 2616 cognominati,

293 2617 429 2659 proceri
446 2627 544 2658 paene
560 2628 689 2659 omnes,
708 2620 858 2653 crinibus
876 2624 1005 2656 medio-

293 2667 400 2699 criter
415 2666 528 2708 flavis,
540 2669 715 2701 oculorum
728 2674 923 2712 temperata
938 2678 1005 2706 tor-

294 2717 422 2750 vitate:
449 2718 630 2759 judicatur
657 2720 700 2751 ab
727 2721 766 2752 iis
794 2721 929 2764 beatus,
946 2725 1003 2766 qui

295 2768 329 2799 in
346 2769 466 2809 praelio
482 2769 626 2801 animam
641 2769 743 2803 fudit.
769 2773 894 2804 Claver.

336 2821 399 2850 273
427 2820 563 2852 Tantave
582 2820 743 2861 gestandi]
783 2822 909 2855 Gestati
935 2824 1000 2856 Lu-

1079 249 1132 278 1N
1167 249 1242 279 Gt..
1276 248 1461 280 CLAUD.
1496 249 1540 279 V.

1092 352 1184 375 cens.
1202 344 1257 385 qui
1275 348 1311 375 et
1327 352 1429 384 supra
1446 352 1508 383 pro
1529 342 1708 383 praestabit,
1722 353 1802 384 proe·

1088 393 1171 426 bebit
1202 405 1276 426 cuni
1311 394 1454 435 Gyrald.
1486 398 1521 425 et
1551 394 1650 434 prim.
1682 394 1799 426 Vatic.

1089 444 1197 475 minus
1214 444 1334 485 probo.
1362 446 1407 475 D.
1426 445 1539 475 Heius.

1132 495 1271 526 Penuria
1287 495 1389 535 ferri]
1414 494 1631 526 Confidentia
1653 494 1729 526 haec
1753 495 1799 526 lo-

1089 545 1222 586 quentis
1243 555 1303 586 pro
1320 546 1474 576 omnibus
1499 545 1596 576 tinius
1617 545 1734 577 militis
1757 555 1799 577 ea

1087 600 1154 635 est,
1169 599 1207 626 ut
1233 596 1326 627 dicat
1342 597 1444 626 malle
1470 606 1504 626 se
1533 595 1688 627 occidere
1707 595 1798 627 Rufi-

1087 656 1180 685 num,
1205 657 1305 688 quain
1337 647 1649 678 exauctorationem
1681 647 1724 678 ab
1755 656 1796 679 eo

1086 703 1302 737 exspectare.
1332 699 1450 729 Barth.

1128 751 1191 779 274
1219 749 1265 779 Tu
1291 749 1361 780 licet
1388 749 1527 789 occiduo]
1554 749 1685 781 Occidui
1709 759 1795 780 unus

1086 797 1281 836 Mediceus,
1312 800 1524 831 concinnius.
1573 801 1652 831 Coeli
1690 799 1794 832 etiam

1085 857 1148 887 pro
1172 848 1253 880 Solis
1279 850 1421 881 Lucens.
1447 850 1591 891 Gyrald.
1610 855 1646 881 et
1661 856 1793 890 septem

1084 898 1160 929 alii:
1180 899 1227 929 nil
1244 905 1349 931 muto.
1378 900 1507 931 Noster
1521 901 1555 930 in
1572 901 1715 940 Eutrop.
1732 900 1752 930 l.
1768 908 1794 931 1.

1083 948 1091 964 ‘
1107 949 1172 980 alio
1189 950 1311 980 Plioebi
1336 950 1379 981 de
1403 950 1545 982 cardine
1562 955 1706 991 surgunt
1723 951 1795 982 Cri-

1083 999 1196 1031 mina!
1232 1001 1276 1032 D.
1295 1001 1406 1032 Heius.

1124 1053 1188 1081 276
1228 1051 1354 1091 Fidem]
1390 1052 1614 1083 Sacramento
1652 1051 1791 1083 militari

1080 1101 1207 1133 datam.
1270 1103 1353 1143 Ejus
1394 1102 1574 1134 formulam
1615 1102 1791 1144 antiquam

1078 1150 1182 1181 habes
1201 1152 1289 1192 apud
1309 1152 1472 1191 Gellium,
1490 1161 1568 1183 XVI.
1584 1155 1618 1183 4.

1125 1201 1195 1232 Tibi
1221 1202 1327 1233 debita
1350 1203 1472 1242 pridem
1505 1202 1657 1242 Victima]
1683 1202 1789 1236 Quasi

1078 1261 1119 1281 ex
1143 1256 1245 1291 pacto
1263 1252 1421 1292 quopiam
1448 1256 1506 1283 aut
1529 1253 1788 1293 consponsione.

1077 1300 1200 1341 Virgil.
1217 1303 1239 1332 l.
1259 1311 1324 1333 xn.
1357 1303 1366 1318 ‘
1381 1303 1531 1332 Turnum
1556 1302 1629 1342 jam
1658 1302 1788 1334 debent

1075 1351 1146 1382 haec
1161 1352 1241 1382 milii
1254 1352 1375 1383 sacra.'
1397 1352 1582 1383 Victimam
1599 1352 1787 1395 dixit‚quia

1074 1401 1230 1432 Heroum
1265 1403 1324 1433 irae
1363 1402 1512 1434 victimis
1548 1399 1786 1444 placabant‘ur.

1074 1451 1191 1483 Barth.

1116 1504 1180 1533 277
1205 1502 1373 1533 Promissis
1399 1501 1504 1543 longe]
1526 1502 1670 1542 Longum
1693 1503 1785 1535 idem

1074 1552 1274 1592 Mediceus3
1325 1563 1391 1584 non
1423 1554 1530 1585 male:
1565 1553 1600 1584 id
1627 1558 1693 1594 est,
1725 1554 1784 1586 diu

1074 1602 1263 1643 promissis.
1298 1604 1343 1634 D.
1362 1603 1477 1635 Heius.

1115 1652 1237 1693 Longe]
1261 1654 1289 1684 E
1306 1654 1500 1695 longinquo.
1535 1654 1653 1687 Barth.

1115 1706 1180 1734 279
1203 1703 1361 1743 Tangebat
1378 1705 1641 1747 ZlIacetumfiues]
1669 1707 1783 1738 Mace-

1071 1754 1172 1786 donia
1188 1759 1261 1786 tum
1278 1759 1355 1786 erat
1376 1755 1466 1786 inter
1492 1757 1683 1796 provincias
1700 1767 1778 1789 xxx.

1070 1805 1192 1846 quibus
1209 1806 1386 1846 Illyricum
1400 1807 1615 1839 censebatur.
1628 1809 1782 1850 Macetia,

1069 1855 1287 1887 Macedonia.
1306 1856 1459 1897 Hesych.
1483 1852 1625 1889 Μὰκετία
1640 1859 1778 1891 Μακεδό-

1068 1919 1126 1937 ma.
1173 1907 1242 1939 Alii
1259 1908 1432 1940 Illacetz'am
1457 1915 1590 1950 partem
1616 1911 1778 1943 Macedo-

1067 1958 1132 1989 niae
1149 1957 1256 1990 fuisse
1281 1959 1434 2000 tradunt,
1460 1964 1500 1992 ut
1516 1962 1674 2002 Marsyas
1699 1963 1778 1994 His-

1068 2008 1195 2040 toi-icus
1220 2009 1310 2050 apud
1335 2010 1597 2042 Constantinum
1621 2012 1777 2054 Porphy-

1067 2065 1279 2101 rogenetem,
1296 2061 1317 2092 Ι.
1335 2070 1374 2092 11.
1409 2062 1507 2093 Idem.

1113 2111 1271 2150 Tangebat
1287 2112 1446 2143 Macetum
1450 2112 1550 2154 fines]
1573 2115 1653 2146 Non
1669 2114 1776 2146 Mace-

1064 2162 1135 2191 dum
1152 2162 1295 2194 Lucens.
1312 2163 1410 2204 prim.
1425 2165 1538 2196 Vatic.
1556 2171 1592 2196 et
1613 2165 1682 2197 dno
1698 2166 1773 2204 a1ii;

1065 2212 1156 2252 quod
1185 2219 1220 2243 et
1250 2214 1410 2245 Rarthius
1426 2215 1523 2246 vidit.
1570 2216 1646 2247 Nec
1673 2217 1774 2248 aliter

1064 2262 1098 2292 in
1116 2264 1361 2305 antiquissimis
1376 2266 1471 2297 libris
1484 2267 1773 2309 Prudentii,Silii‚

1062 2314 1138 2345 Val.
1171 2315 1296 2355 Flacci,
1321 2317 1434 2355 Statii,
1462 2318 1602 2357 Lucani,
1629 2318 1772 2350 aliorum

1062 2365 1241 2405 poetarum
1270 2366 1453 2397 scribitur:
1479 2378 1542 2408 qua
1562 2367 1604 2399 de
1629 2378 1665 2399 re
1680 2379 1771 2411 mag-

1061 2426 1122 2446 nus
1150 2416 1305 2456 Scaliger
1333 2417 1377 2448 ad
1408 2418 1609 2450 Manilium:
1650 2420 1698 2452 sic
1733 2427 1770 2453 et

1059 2466 1119 2498 lib.
1136 2476 1174 2498 11.
1191 2468 1223 2497 in
1251 2468 1395 2508 Eutrop.
1423 2469 1687 2503 emendavimus,
1722 2473 1767 2505 D.

1060 2517 1171 2549 Heins.

1101 2570 1164 2598 280
1188 2568 1414 2607 Thessalonica,
1430 2569 1512 2610 tuos]
1546 2570 1664 2602 Prima
1691 2573 1764 2605 haec

1056 2619 1204 2649 oninium
1231 2619 1362 2650 urbium
1380 2631 1399 2650 a
1416 2620 1641 2652 Constantino
1663 2624 1764 2656 modo

1054 2668 1228 2700 nominato
1244 2669 1460 2711 Imperatore
1475 2672 1674 2706 collocatur.
1707 2675 1764 2706 Ci-

1053 2721 1197 2752 vitatem
1222 2721 1459 2762 amplissimam
1483 2727 1519 2753 et
1545 2723 1762 2758 Macedoniae

1052 2772 1242 2813 principem
1266 2777 1366 2804 vocat
1392 2773 1605 2814 Nicephorius
1630 2776 1762 2818 Grego-

1052 2833 1119 2864 raS,
1137 2823 1194 2856 lib.
1213 2832 1251 2855 11.
1288 2823 1328 2855 In
1345 2823 1408 2856 hac
1435 2824 1593 2857 Rufinum
1619 2836 1759 2869 caesum,
