1851 3213
282 219 301 260 ]
312 218 395 260 ’254-

285 332 351 353 uuo
378 323 452 354 loco
468 323 687 363 lamentatur,
710 324 896 355 acerrimus
916 323 989 363 ejus

285 374 404 413 hostis,
420 375 563 405 Seneca.
608 374 725 406 Barth.

329 427 391 455 213
417 425 527 465 Effera
542 424 738 464 torquebant]
755 425 885 464 Supra:
908 425 917 440 ⁴
934 423 992 455 Ef-

286 474 359 507 fera
385 475 590 515 praetumido
613 475 789 516 quatiebat
815 475 919 506 corda
940 474 992 505 fu-

289 527 390 558 rore.’
432 527 510 559 Jam
527 535 608 557 vero
623 525 801 557 avaritiam
817 525 920 556 etiam
936 535 993 556 cu-

289 577 436 607 mularat
459 576 665 607 crudelitate
683 580 718 608 et
735 575 908 616 sanguinis
923 576 992 607 siti.

290 626 387 658 Idem.

312 681 375 709 244
392 677 555 718 Effugeret
571 687 607 708 ne
619 677 688 718 quis
698 677 834 718 gladios]
849 677 994 709 Gladius

291 734 326 759 et
336 727 464 760 ferrum
482 727 570 758 idem
588 728 678 768 apud
690 728 755 760 JC.
772 729 810 759 L.
823 737 921 758 nemo
938 737 996 767 po-

292 784 372 811 test.
387 779 421 811 ff.
435 779 479 810 de
496 780 580 819 Reg.
603 780 675 811 Jur.
691 783 726 810 et
738 779 795 819 qui
811 779 854 809 ad
869 778 996 809 ferrum

293 829 488 868 damnatur,
503 828 543 858 ad
562 829 711 867 gladium
738 827 890 858 damnari
915 827 999 858 dici·

293 886 373 910 tur:
406 879 534 909 Paulus
553 878 612 908 lib.
639 887 672 909 v.
698 882 785 908 sent.
804 877 857 908 tit.
884 880 936 908 17.
963 881 1000 909 et

293 931 303 946 ‘
322 928 435 969 gladio
462 927 598 967 puniri.y
614 927 635 959 i.
652 927 793 967 capitali
818 931 1000 960 sententia.

296 980 332 1010 L.
349 982 408 1010 aut
424 977 593 1008 damnum.
621 978 729 1018 princ.
755 976 789 1010 ff.
811 978 853 1009 de
881 979 1001 1019 poenis.

295 1029 443 1060 Salvian.
462 1029 480 1059 l.
497 1038 563 1060 vu.
596 1030 604 1046 ‘
624 1028 737 1069 gladio
753 1028 1002 1068 impudicitiam

297 1078 494 1111 exercere!
520 1089 593 1120 quae
609 1080 712 1111 verba
726 1084 804 1110 sunt
826 1081 864 1111 L.
889 1090 1003 1121 quam-

297 1131 347 1161 vis
371 1134 403 1162 2.
428 1131 466 1162 C.
488 1131 530 1161 ad
555 1131 667 1171 legem
695 1130 821 1163 Juliam
846 1130 887 1161 de
911 1131 1005 1162 adul-

298 1182 413 1213 teriis:
434 1191 543 1223 neque
571 1181 740 1212 omiserim
754 1181 1005 1222 ignominiosio-

301 1242 371 1264 rem
405 1237 440 1263 et
471 1232 660 1272 graviorem
691 1241 826 1271 poenam
867 1232 1007 1272 securis,

298 1283 460 1313 leviorem
476 1282 599 1321 gladii:
617 1290 720 1321 quare
735 1281 924 1321 Caracalla,
939 1282 1006 1312 Pa-

301 1333 439 1373 piniano
456 1332 566 1363 securi
584 1341 756 1372 percussu,
778 1331 893 1362 lictori
908 1332 1009 1371 dixit,

301 1386 310 1400 ‘
331 1382 443 1422 gladio
460 1392 570 1413 meum
583 1383 717 1422 jussum
733 1382 857 1423 exequi
873 1387 1010 1423 oporte—

304 1432 386 1463 bat!
411 1433 580 1473 Spartian.
596 1432 630 1462 in
647 1441 686 1463 eo
703 1436 738 1463 et
754 1432 787 1462 in
801 1432 903 1464 Geta.
920 1433 1010 1464 Vide

303 1482 464 1514 Juvenal.
480 1483 551 1514 Sat.
568 1492 650 1514 vul.
678 1482 765 1514 fine:
798 1487 835 1514 et
855 1482 949 1514 Serv.
967 1483 1010 1514 ad

306 1542 355 1564 νι.
371 1533 505 1564 AEneid.
522 1534 531 1550 ‘
543 1534 743 1575 Saevumque
757 1533 868 1565 securi
883 1534 1012 1575 Aspice

303 1583 540 1625 Torquatum?
570 1585 719 1625 Dempst.

363 1635 414 1666 Ne
437 1637 582 1675 perderet
607 1635 718 1675 ullum]
752 1635 929 1677 Tanquam
966 1635 1015 1666 lu-

307 1693 401 1715 crum
432 1685 569 1726 aliquod
595 1686 630 1716 in
662 1685 795 1717 caedum
818 1685 1013 1726 patratione

306 1735 447 1767 habens.
505 1736 561 1767 Ita
584 1738 734 1777 perdendi
759 1737 863 1768 verbo
888 1738 1013 1778 saepius

307 1791 450 1818 utuntur
475 1787 596 1827 optimi
620 1788 818 1828 scriptores.
872 1788 1016 1828 Statius,

305 1836 330 1868 l.
345 1844 379 1868 v.
397 1836 477 1867 Silv.
510 1838 519 1854 ‘
537 1846 579 1867 ne
596 1837 759 1877 perderet
778 1838 883 1868 ullum
900 1837 1016 1869 Liber-

309 1890 362 1918 tas
378 1891 445 1918 tam
461 1897 566 1927 parva
591 1887 702 1918 diem!
748 1887 859 1918 Libido
874 1897 940 1919 non
957 1887 1018 1919 mi-

309 1945 372 1968 nus
402 1938 435 1968 in
458 1937 609 1969 caedibus
625 1943 676 1968 est
694 1947 794 1978 quam
821 1938 943 1978 opibus
959 1942 1018 1969 aut

311 1987 502 2027 voluptate.
565 1986 736 2018 Arnobius
752 1999 760 2019 ι
797 1987 806 2004 ‘
835 1987 1018 2019 libidinose

311 2037 454 2068 hominis
473 2037 634 2068 inhiatum
653 2043 707 2068 est
723 2037 859 2069 cruori.’

353 2089 416 2118 245
440 2087 598 2127 Augusto]
622 2086 785 2118 Arcadio.

356 2137 429 2168 Non.
435 2137 581 2177 flectitur
596 2137 702 2168 annis:
725 2138 798 2168 Non
813 2141 906 2169 aetate
920 2137 1021 2178 labat]

313 2187 597 2228 Neque-juventa
621 2197 732 2230 neque
758 2194 898 2220 senecta
916 2193 1022 2221 aetate

313 2235 408 2268 furor
445 2238 620 2280 caedisque
664 2238 808 2270 aviditas
853 2244 1022 2271 movetur.

315 2286 432 2318 Barth.

360 2339 423 2367 247
445 2339 530 2369 Ante
543 2343 669 2379 patrum
683 2339 801 2379 vultus]
828 2340 902 2371 Hoc
920 2340 1023 2370 maxi-

316 2396 407 2418 mum
424 2387 638 2420 crudelitatis
659 2391 854 2429 exemplum
869 2390 1024 2430 Virgilia-

316 2447 380 2468 nus
409 2438 566 2468 Priamus
585 2439 659 2479 jam
686 2440 871 2470 moriturus
886 2450 953 2471 non
976 2445 1025 2471 ta-

317 2497 394 2518 men
425 2488 591 2519 abstinuit
626 2490 760 2530 Pyrrho
791 2491 998 2531 exprobrare
1014 2503 1021 2522 :

317 2536 328 2554 ‘
352 2537 414 2568 Dii
455 2537 571 2569 debita
601 2539 747 2570 reddant
780 2541 938 2580 Praernia,
968 2542 1024 2582 qui

319 2587 389 2618 nati
402 2597 514 2619 coram
524 2598 577 2619 me
591 2598 730 2620 cernere
746 2590 873 2621 lethum
889 2591 1027 2631 Fecisti,

321 2642 358 2670 et
381 2639 510 2679 patrios
541 2639 673 2670 foedasti
701 2640 863 2680 sanguine
891 2641 1026 2672 vultus.'

323 2688 394 2720 Ubi
431 2690 648 2721 atrocitatem
687 2690 831 2720 maxime
856 2691 1028 2730 exprimit,

322 2738 426 2780 quod,
444 2739 647 2770 observante
666 2739 798 2778 Servio,
813 2749 880 2770 non
905 2740 946 2771 de
963 2751 1028 2771 cae-

324 2788 369 2821 de
385 2790 446 2821 sed
470 2789 514 2821 de
529 2791 725 2831 spectaculo
740 2795 944 2832 querentem
965 2791 1032 2823 Pa-

525 230 667 260 NOTAE
701 227 968 260 VARIORUM
1004 227 1055 258 ΙΝ
1091 228 1166 258 Gt..
1198 227 1381 258 CLAUD.
1416 227 1490 258 111.

1038 326 1126 354 trem
1143 321 1284 354 inducit.
1329 322 1427 353 Idem.

1083 376 1146 404 2-18
1184 373 1256 403 Ibat
1281 374 1468 411 grandaevus
1495 375 1567 404 nato
1592 373 1744 406 moriente

1040 423 1207 464 superstes]
1240 423 1545 455 Sceleratissimum
1569 425 1646 465 hoc,
1670 431 1742 456 tum

1044 485 1105 506 sua
1121 480 1250 514 natura,
1276 480 1345 506 tum
1360 475 1436 506 ideo
1462 475 1563 506 etiam
1580 475 1746 507 rebantur

1044 526 1197 566 Romani,
1225 525 1315 566 quod
1331 525 1482 556 ordinem
1504 523 1652 556 fatorum
1667 534 1745 556 enm

1045 575 1216 615 facerent,
1242 581 1279 607 ut
1307 582 1402 616 pater
1429 576 1501 606 sine
1534 576 1678 606 turbatis
1707 576 1748 606 iis

1045 636 1112 658 nou
1127 633 1240 668 posset
1252 631 1332 658 ante
1347 626 1452 658 filium
1466 627 1558 657 obire
1572 638 1580 666 ;
1603 636 1748 668 eumque

1045 678 1183 708 ordinem
1208 677 1343 717 turbari,
1370 677 1583 717 superiorum
1613 685 1750 708 suorum

1047 729 1171 759 nedum
1188 729 1355 760 hominum
1372 729 1500 760 crimen
1520 727 1752 769 appellabant.

1048 778 1227 818 Papinius,
1239 779 1263 810 l.
1280 789 1314 809 v.
1327 780 1456 820 Sylvar.
1469 783 1499 810 5.
1518 780 1526 796 ‘
1540 780 1664 810 Nonne
1676 778 1752 809 hor-

1049 828 1141 859 ridus
1153 828 1244 869 ipsos
1258 830 1391 860 Invidia
1405 840 1544 870 superos
1559 830 1754 870 injustaque

1049 879 1196 910 Tartara
1219 880 1369 920 pulsem?
1405 881 1527 912 Nonne
1552 890 1684 920 gemam
1705 884 1753 919 te,

1053 929 1258 970 carepuer?’
1292 930 1390 962 Idem.

1095 983 1159 1011 249
1182 980 1262 1011 Post
1287 979 1410 1011 trabeas
1432 979 1521 1020 exul]
1554 979 1757 1010 Consulares

1054 1031 1145 1062 viros
1181 1030 1215 1061 in
1251 1030 1389 1061 exilium
1420 1030 1536 1071 pulsos
1563 1029 1660 1068 dicit,
1692 1038 1758 1060 nee

1055 1090 1158 1112 unum
1174 1081 1319 1122 aliquem
1334 1091 1342 1119 ;
1367 1085 1426 1112 aut
1442 1080 1484 1111 de
1507 1080 1618 1111 Po'eta
1635 1079 1760 1111 veritas

1056 1131 1232 1162 Historica
1249 1131 1417 1171 exigenda
1442 1131 1475 1162 in
1502 1131 1599 1162 unius
1616 1129 1760 1170 alicujus

1055 1191 1212 1223 persona.
1272 1182 1399 1213 Omnes
1427 1181 1576 1221 ordines,
1603 1181 1762 1220 honores,

1056 1232 1273 1273 omniajura,
1290 1233 1402 1263 onmia
1427 1231 1575 1272 denique
1597 1230 1710 1261 divina
1727 1234 1764 1260 et

1055 1283 1200 1313 humana
1215 1281 1434 1312 conturbasse
1445 1280 1624 1312 avaritiam
1640 1286 1675 1312 et
1688 1289 1762 1311 cru·

1058 1331 1234 1362 delitatem
1252 1329 1368 1361 Rufini
1384 1331 1566 1362 declamat.

1102 1382 1180 1412 Post
1194 1380 1332 1422 trabeas]
1366 1380 1561 1412 Defunctus
1578 1382 1765 1413 consulatu.

1059 1431 1196 1462 Trabea
1212 1431 1316 1462 vestis
1334 1441 1453 1472 regum
1479 1431 1583 1471 Latii,
1599 1436 1678 1463 ante
1701 1433 1766 1463 Ro-

1060 1492 1149 1514 mam
1180 1481 1366 1514 conditam.
1416 1482 1506 1522 Pici,
1535 1481 1670 1514 AEneid.
1700 1491 1767 1513 vu.

1059 1536 1068 1552 ⁴
1090 1543 1263 1575 parvaque
1298 1533 1442 1565 sedebat
1470 1534 1672 1565 Succinctus
1700 1537 1769 1564 tra-

1062 1584 1128 1616 bea
1140 1584 1161 1616 ε’
1197 1589 1319 1625 postea
1346 1595 1364 1615 a
1389 1585 1534 1616 Romulo
1556 1589 1712 1625 recepta,
1732 1588 1770 1615 et

1064 1635 1106 1667 ad
1134 1636 1217 1667 alios
1245 1636 1452 1668 transmissa.
1472 1636 1555 1668 Isid.
1577 1644 1653 1668 xlx.
1670 1645 1698 1665 c.
1714 1637 1769 1666 24.

1064 1686 1154 1717 Plin.
1170 1687 1193 1718 1.
1211 1695 1290 1718 vm.
1306 1695 1338 1718 c.
1355 1690 1409 1718 48.
1433 1690 1441 1704 ‘
1456 1686 1598 1718 Trabeis
1620 1695 1696 1717 usos
1717 1694 1773 1716 ac-

1065 1735 1157 1776 cipio
1184 1736 1306 1777 reges.’
1337 1737 1467 1777 Tertio,
1485 1737 1638 1778 equitum
1661 1740 1773 1777 gesta-

1065 1794 1154 1817 men.
1176 1786 1291 1817 Valer.
1318 1786 1415 1817 Max.
1443 1787 1465 1818 1.
1483 1796 1524 1817 11.
1549 1796 1580 1817 c.
1603 1788 1636 1817 2.
1665 1786 1773 1817 Mart.

1066 1836 1087 1867 l.
1106 1845 1137 1867 v.
1155 1836 1220 1876 Ep.
1236 1838 1288 1867 42.
1312 1836 1389 1867 ideo
1413 1836 1561 1877 equites,
1586 1837 1595 1853 ‘
1614 1835 1775 1867 trabeata

1067 1885 1223 1926 agmina,'
1250 1886 1352 1917 dicta.
1392 1887 1482 1918 Stat.
1506 1886 1566 1918 lib.
1591 1895 1640 1917 ιν.
1665 1886 1724 1917 Sil.
1740 1888 1773 1917 2.

1068 1936 1166 1967 Idem
1183 1936 1244 1967 lib.
1262 1945 1296 1968 v.
1313 1936 1373 1968 Sil.
1392 1940 1424 1969 2.
1446 1937 1455 1954 ‘
1473 1946 1583 1978 neque
1612 1937 1775 1977 sanguine

1069 1992 1182 2018 certus
1195 1987 1361 2027 Turmali,
1378 1987 1566 2028 trabeaque
1584 1987 1680 2019 Remi
1696 1987 1716 2018 ε’
1728 1988 1777 2018 sic

1069 2037 1160 2068 enim
1176 2037 1357 2077 legendum
1370 2036 1516 2068 docuere
1531 2037 1596 2068 viri
1611 2037 1723 2069 docti:
1741 2042 1778 2068 et

1071 2088 1113 2118 de
1130 2088 1385 2118 transvectione
1408 2088 1574 2129 equitum,
1590 2088 1689 2120 Pers.
1703 2088 1778 2119 Sat.

1072 2148 1130 2170 111.
1165 2141 1173 2156 ‘
1191 2139 1445 2182 Censoremque
1473 2145 1578 2179 tuum,
1602 2149 1700 2180 quem
1728 2143 1780 2175 tu,

1071 2188 1253 2225 Trabeate,
1270 2189 1418 2220 salutas.’
1434 2190 1578 2230 Quarto,
1595 2190 1782 2221 Consulum

1071 2240 1188 2271 vestis.
1233 2239 1360 2271 Anson.
1398 2241 1432 2271 in
1471 2241 1660 2272 Consulatu
1694 2251 1778 2272 suo:

1073 2292 1082 2307 ‘
1099 2290 1249 2321 trabeam
1267 2300 1331 2321 non
1357 2291 1463 2331 magis
1490 2301 1573 2322 auro
1589 2301 1662 2329 suo,
1679 2300 1780 2331 quam

1073 2350 1213 2371 munere
1229 2344 1299 2380 tuo,
1321 2341 1570 2380 splendidamz’
1593 2344 1710 2370 noster
1735 2340 1778 2372 de

1074 2390 1177 2421 tertio
1205 2390 1336 2421 Honor.
1362 2391 1547 2421 Consulatu
1574 2390 1682 2430 princ.
1700 2390 1721 2420 l.
1741 2399 1781 2422 11.

1075 2441 1117 2471 de
1145 2440 1272 2471 laudib.
1301 2440 1431 2471 Stilich.
1461 2440 1689 2470 ‘Innumeras
1714 2445 1782 2471 tra-

1075 2491 1215 2522 bearum
1231 2490 1375 2530 insignia
1398 2494 1507 2521 terras
1536 2490 1706 2521 Certatim
1723 2500 1783 2531 pe-

1076 2540 1162 2571 tiere
1180 2539 1261 2571 tibi?
1287 2539 1315 2569 Ι.
1333 2540 1370 2570 L.
1386 2539 1420 2569 in
1436 2540 1579 2579 Eutrop.
1602 2543 1611 2556 ‘
1630 2539 1785 2574 Flabella

1076 2590 1188 2630 perosi
1215 2590 1379 2629 Aspirant
1405 2589 1556 2629 trabeis,'
1582 2589 1617 2620 id
1645 2593 1709 2628 est,
1738 2589 1784 2621 ad

1078 2640 1312 2671 Consulatum.
1344 2639 1444 2670 Adde
1461 2649 1578 2670 aurum
1592 2639 1718 2671 trabeis
1734 2639 1785 2671 in-

1079 2695 1278 2722 tertextum.
1325 2689 1454 2720 Auson.
1479 2690 1580 2730 epist.
1597 2698 1710 2722 xxnr.
1738 2691 1782 2722 ad

1080 2740 1281 2770 Paulinum:
1306 2740 1315 2756 ‘
1330 2749 1413 2780 quos
1429 2749 1528 2771 sacra
1547 2740 1682 2772 Quirini
1699 2740 1787 2771 Pur·

1082 2800 1169 2832 pura
1182 2794 1218 2822 et
1232 2794 1362 2822 auratae
1392 2790 1520 2823 trabeae
1539 2790 1669 2822 velavit
1683 2790 1786 2823 amic-
