1851 3213
316 204 429 246 1014
739 212 814 242 cu.
848 211 1129 241 cLAUD1AN1
1166 210 1353 241 xxxx-1.

311 307 599 362 Aggredimur
618 307 794 356 subitae,
817 310 858 346 et
879 319 1008 347 casus
1031 307 1240 347 scitamur
1258 305 1427 354 heriles,

310 376 452 430 (Nam
469 377 647 429 propior
670 375 786 415 cladi
808 372 1008 427 steterat)
1030 374 1128 427 quis
1150 375 1298 414 vultus
1320 373 1558 426 equorum?

312 444 427 494 Quis
446 445 597 496 regat?
633 444 717 483 Illa
738 442 867 483 nihil:
905 443 1040 482 tacito
1061 442 1139 482 sed
1161 442 1269 483 laesa
1292 453 1455 482 veneno
1686 437 1775 478 250

311 511 507 552 Solvitur
528 513 571 551 in
587 511 776 550 laticem.
840 509 1038 562 Surrepit
1059 509 1252 549 crinibus
1272 509 1439 549 humor.

310 578 526 632 Liquitur,
550 579 592 618 in
614 591 839 630 roremque
862 576 996 629 pedes
1017 580 1059 616 et
1079 577 1261 617 brachia
1282 580 1472 624 manant,

311 646 562 700 Nostraque
584 660 686 686 mox
707 645 859 685 lambit
880 645 1070 697 vestigia
1092 645 1352 697 perspicuus
1373 644 1484 683 sonS.

311 714 557 754 Discedunt
578 714 692 755 aliae.
755 712 947 766 Rapidis
970 710 1235 751 Acheloides
1258 712 1341 751 alis

310 781 510 823 Sublata}
531 781 671 822 Siculi
691 781 805 821 latus
829 779 1040 820 obsedere
1061 778 1206 818 Pelori
1225 792 1235 829 ;
1689 777 1776 818 250

306 912 339 943 in
355 912 465 952 cupite.
512 913 631 943 Statim
646 912 861 952 compellamus
877 921 964 949 eam,
982 914 1012 942 et
1027 911 1160 951 petimus
1175 910 1383 941 calamitatem
1396 908 1528 939 dominre
1544 907 1778 947 Proserpinae‚

306 956 416 985 etenim
441 956 555 995 Cyane
577 955 722 996 proxima
738 954 850 992 fuerat
875 955 953 985 huic
979 954 1166 985 calamitati.
1210 953 1362 983 Petimus
1379 962 1446 991 qua?
1463 951 1575 991 figura
1599 948 1773 990 equorum?

306 998 374 1037 quis
400 996 545 1029 duceret!
588 999 648 1029 Illa
674 998 753 1028 nihil
781 998 975 1037 respondet.
1032 998 1075 1027 At
1102 999 1246 1036 corrupta
1270 995 1339 1026 tabe
1364 994 1511 1024 intestina
1536 993 1714 1023 dissolv-itur
1740 993 1774 1024 in

305 1050 415 1080 aquas,
429 1044 532 1077 guttae
544 1042 654 1082 fluunt
670 1051 712 1071 ex
741 1040 882 1080 capillis,·
921 1039 1055 1081 liquefit,
1082 1043 1110 1070 et
1136 1040 1227 1079 perles
1248 1042 1277 1068 et
1302 1048 1410 1068 manus
1432 1037 1551 1067 stillant
1566 1037 1598 1066 in
1614 1036 1776 1076 liquorem,

305 1086 396 1122 atque
421 1084 529 1114 statim
558 1084 642 1114 ricus
668 1084 814 1124 limpidus
837 1083 935 1113 abluit
955 1084 1048 1123 pedes
1075 1086 1202 1113 nostros.
1267 1081 1406 1120 Reliqua>
1440 1079 1610 1119 Nymphae
1638 1078 1776 1109 abeunt.-

303 1125 430 1157 Sirenes
465 1127 555 1157 elatee
584 1127 694 1166 pennis
718 1125 869 1157 velocibus
895 1129 1117 1166 occupaverunt
1141 1134 1227 1155 oram
1254 1124 1358 1154 Pelori
1387 1123 1500 1161 Siculi,
1522 1125 1552 1152 et
1575 1121 1773 1160 indignantes

925 1231 1157 1241 eeeeeeeeeeee

306 1309 384 1340 Vat.
401 1318 452 1348 pr.
469 1309 553 1340 eod.
578 1309 767 1340 Bai-tholin.
789 1309 917 1349 propius
940 1308 1007 1338 ine.
1037 1307 1155 1338 Heius.
1174 1308 1252 1337 Var.
1282 1307 1347 1337 LL.
1372 1315 1389 1336 e
1419 1314 1525 1343 marg.
1551 1304 1665 1334 Parm.
1682 1302 1776 1334 taciti

304 1352 384 1382 Vat.
403 1356 484 1383 tert.
502 1356 537 1382 et
553 1352 586 1382 d.
606 1352 718 1382 Oxon.
735 1361 800 1382 sec.
816 1351 925 1382 tacitae
939 1355 1008 1381 tres
1022 1350 1116 1381 Vatt.
1137 1350 1211 1380 Pal.
1226 1350 1377 1379 Florent.
1396 1348 1464 1378 dno
1476 1346 1571 1377 Med.
1590 1346 1712 1376 Heius.
1727 1345 1774 1377 H.

303 1394 387 1433 Reg.
405 1395 471 1424 dno
489 1394 764 1425 Petav.Th010s.
792 1394 888 1424 Voss.
915 1403 964 1432 pr.
994 1392 1106 1423 Oxou.
1135 1402 1186 1432 pr.
1212 1392 1291 1423 Jun.
1320 1400 1386 1420 sec.
1417 1391 1501 1420 Exn.
1521 1390 1640 1419 Petav.
1659 1392 1772 1428 quart.

300 1438 407 1467 tacita:
421 1436 471 1467 vel
486 1437 596 1466 subitoe
611 1437 708 1466 Voss.
723 1445 792 1467 sec.
807 1445 949 1475 casusque
963 1435 1100 1464 citamur
1114 1435 1196 1466 Jnn.
1216 1443 1265 1472 pr.
1280 1441 1426 1472 casusque
1439 1431 1589 1462 scitamur
1605 1432 1703 1461 Voss.
1720 1440 1774 1470 pr.

302 1488 449 1518 casusque
465 1480 597 1509 citamus
613 1482 682 1509 tres
698 1479 793 1509 Vatt.
819 1483 855 1509 et
881 1477 913 1508 d.
940 1477 1015 1508 Pal.
1041 1476 1126 1507 Cod.
1151 1476 1343 1506 Bartholin.
1371 1475 1437 1505 dno
1467 1474 1560 1505 Med.
1588 1473 1710 1504 Heius.
1729 1473 1773 1504 H.

302 1521 383 1552 Put.
401 1522 484 1561 Reg.
502 1522 623 1552 Petav.
641 1526 722 1551 tert.
739 1521 807 1550 dno
824 1521 936 1551 Oxon.
952 1529 1039 1549 casus
1052 1519 1183 1549 citamus
1196 1518 1277 1549 Jun.
1294 1527 1362 1547 see.
1378 1526 1467 1547 casus
1481 1516 1632 1547 Floreat.
1650 1517 1772 1546 Petav.

302 1573 371 1594 sec.
390 1564 519 1594 Bonon.
536 1563 589 1593 ed.
609 1563 721 1593 Parni.
737 1568 771 1592 et
788 1563 902 1593 Vicet.
917 1571 1021 1591 casum
1047 1561 1174 1590 herilem
1189 1560 1311 1590 Petav.
1329 1569 1398 1590 sec.
1414 1559 1565 1589 scitamur
1582 1558 1701 1588 Petav.
1719 1567 1773 1598 pr.

299 1607 432 1637 citamus
448 1606 570 1635 Petav.
586 1615 654 1636 sec.
674 1606 804 1635 Bonon.
819 1604 968 1634 sociamus
984 1603 1062 1633 vat.
1085 1613 1135 1642 pr.
1163 1603 1300 1633 citamur
1316 1602 1442 1632 Moret.
1466 1611 1516 1638 pr.
1532 1610 1677 1640 casusque
1693 1601 1773 1631 cita-

300 1658 367 1678 mus
383 1648 435 1678 vel
450 1648 600 1678 scitamur
613 1648 713 1678 Voss.
731 1657 798 1677 sec.
813 1647 925 1677 heriles
941 1647 994 1676 vel
1010 1646 1048 1676 ab
1063 1646 1118 1676 illa
1132 1646 1228 1676 Voss.
1244 1647 1424 1675 sem—249
1450 1645 1591 1683 Namque
1602 1643 1692 1683 prior
1708 1653 1772 1684 pro

302 1691 387 1721 Nam
400 1691 526 1730 propior
541 1690 637 1721 Voss.
654 1699 722 1721 sec.
738 1689 790 1729 qui
804 1691 909 1720 vultus
924 1690 1003 1719 Vat.
1020 1692 1100 1719 tert.
1119 1692 1154 1718 et
1179 1687 1210 1719 d.
1230 1687 1303 1718 Pal.
1322 1687 1443 1718 Petav.
1460 1696 1533 1717 sec„
1545 1686 1658 1716 Oxon.
1675 1696 1771 1726 pr.—

299 1736 363 1765 250
390 1734 469 1768 Quis
483 1736 574 1772 regat
593 1733 716 1763 Moret.
734 1741 783 1772 pr.
801 1732 878 1764 ΑΜ.
897 1732 959 1767 Qui
976 1732 1053 1762 Vat.
1071 1735 1150 1762 tert.
1167 1736 1202 1761 et
1216 1730 1248 1760 d.
1270 1731 1342 1760 Pal.
1362 1731 1476 1761 Oxon.
1494 1738 1545 1768 pr.
1561 1728 1628 1759 duo
1646 1728 1770 1760 Petav.

302 1776 382 1811 Quis
399 1776 453 1806 vel
472 1776 557 1810 Quos
575 1776 671 1806 Voss.
689 1785 757 1806 sec.
785 1775 851 1805 Ista
874 1775 952 1805 nihil
976 1776 1072 1805 tacite
1089 1774 1187 1804 Voss.
1217 1782 1267 1812 pr.
1293 1775 1366 1802 loesa
1391 1772 1457 1802 duo
1474 1771 1554 1803 Jnn.
1574 1771 1641 1802 duo
1660 1771 1772 1803 Oxon.

300 1818 378 1849 Ald.
395 1818 447 1849 ed.
465 1819 578 1849 Parni.
595 1819 675 1849 lassa
688 1819 766 1848 Vat.
785 1827 835 1857 pr.
855 1819 933 1848 Put.
950 1818 1034 1856 lapsa
1062 1816 1147 1847 Cod.
1178 1816 1368 1846 Bartholin.
1395 1814 1446 1845 ed.
1476 1814 1589 1845 Vicet.
1605 1813 1685 1845 Var.
1703 1814 1771 1846 LL.

300 1872 318 1891 e
346 1871 453 1901 marg.
482 1862 595 1892 Parni.
621 1862 722 1891 dolore
745 1870 806 1901 pro
835 1871 949 1891 veneno
976 1861 1215 1890 Bonou.—25l
1242 1858 1399 1888 Solvimur
1416 1856 1536 1887 Ambr.
1565 1861 1644 1888 tert.
1661 1856 1772 1888 latices

301 1904 413 1935 Oxon.
430 1914 499 1934 sec.
516 1904 654 1942 subrepit
673 1905 752 1934 Vat.
770 1907 851 1933 tert.
868 1908 903 1933 et
920 1903 953 1933 d.
978 1903 1130 1933 Florent.
1154 1902 1220 1932 duo
1239 1901 1360 1931 Petav.
1386 1901 1518 1930 Bonon.
1535 1900 1672 1930 Tholas.
1687 1900 1773 1930 Exc.

301 1947 388 1977 Laeti
406 1951 439 1977 et
457 1947 579 1978 Petav.
594 1953 703 1987 quart.
721 1945 799 1977 Ald.
815 1946 951 1985 surrepit
969 1946 1022 1975 vel
1038 1944 1175 1984 subrepit
1202 1944 1269 1974 duo
1295 1943 1374 1975 Jnn.
1390 1942 1543 1982 subrepsit
1562 1941 1642 1972 Vat.
1660 1947 1771 1982 quart.

300 1989 376 2021 Pal.
394 1990 480 2020 Cod.
495 1990 686 2020 Bartholin.
716 1989 795 2019 edd.
814 1989 927 2020 Vicet.
947 1989 1062 2019 parm.
1080 1987 1179 2019 Junt.
1197 1987 1317 2026 Isingr.
1339 1991 1374 2016 et
1391 1986 1435 2016 al.
1452 1985 1592 2016 subrexit
1608 1985 1689 2015 Put.
1703 1994 1772 2015 sur-

299 2032 384 2063 rexit
402 2037 471 2063 tres
484 2033 580 2064 Vatt.
592 2033 731 2063 surrexit
750 2032 801 2062 vel
816 2031 968 2071 subrepsit
985 2031 1085 2061 Voss.
1104 2032 1283 2060 sem—252
1302 2028 1474 2068 Linquitur
1490 2028 1572 2058 vat.
1591 2032 1672 2058 tert.
1690 2027 1772 2059 Jun.

298 2084 367 2105 sec.
387 2075 507 2105 Petav.
527 2078 713 2106 terh—253
737 2074 836 2105 ambit
853 2084 913 2114 pro
932 2074 1040 2104 lambit
1056 2073 1137 2105 Jun.
1160 2082 1226 2102 sec.
1241 2073 1422 2112 prospicuus
1439 2071 1590 2100 Florent.
1605 2072 1774 2110 perpetuus

297 2117 378 2148 Jun.
396 2128 445 2158 pr.
466 2118 651 2158 Perspicuus
666 2128 737 2147 mox.
746 2117 820 2156 fons
836 2117 971 2156 vestigia
994 2116 1100 2147 lambit
1128 2116 1211 2146 Exc.
1239 2114 1361 2145 Petav.
1378 2115 1599 2155 quarn—254
1623 2112 1774 2143 Acheloes

299 2160 329 2190 in
346 2160 405 2191 alis
423 2162 508 2201 Reg.
527 2171 570 2192 m.
588 2171 637 2201 pr.
656 2160 769 2191 Oxon.
789 2170 837 2200 pr.
855 2160 946 2190 undis
971 2169 1031 2199 pro
1047 2159 1108 2189 alis
1122 2159 1202 2189 Vat.
1222 2159 1382 2198 pr.—255
1407 2155 1557 2187 Sublatus
1571 2155 1698 2186 Moret.
1715 2164 1769 2195 pr.

969 2271 1114 2305 NOTAE

341 2361 404 2390 248
430 2359 527 2389 Casus
541 2350 668 2398 heriles]
701 2359 807 2390 Casus
829 2360 934 2397 herae,
950 2368 1009 2389 seu
1065 2357 1121 2396 loi,
1139 2356 1194 2398 qui
1212 2354 1331 2386 fluvius
1344 2359 1396 2386 est
1410 2354 1614 2386 Acarnaniae
1628 2355 1662 2385 in
1674 2354 1774 2386 Grae-

299 2407 447 2439 dominae
471 2407 702 2448 Proserpinae,
719 2408 912 2448 quaerimus.
1065 2408 1126 2438 cia.

343 2460 406 2488 250
434 2457 541 2488 Tacito
569 2457 695 2497 veneno]
720 2458 813 2488 Tabe
843 2459 896 2489 vel
923 2468 1009 2499 aqna
1107 2460 1168 2488 255
1187 2456 1307 2496 Pelori]
1327 2456 1558 2487 Promontorii
1573 2455 1713 2495 Siciliae,
1727 2455 1770 2487 ad

298 2508 472 2547 intestina,
488 2517 587 2549 quam
603 2509 692 2538 intra
709 2508 874 2539 medullas
888 2509 1008 2540 hanse-
1064 2509 1160 2549 cnjus
1178 2518 1252 2539 oras
1267 2513 1346 2538 sunt
1359 2508 1495 2538 Sirenes
1510 2517 1517 2537 :
1546 2507 1603 2537 alii
1619 2507 1698 2538 alibi
1722 2517 1773 2538 re-

300 2562 364 2590 rat.
420 2558 543 2599 Sicqne
573 2567 740 2588 venenum
769 2559 832 2589 hoc
866 2559 899 2588 in
934 2560 1007 2590 loco
1063 2564 1205 2600 ponunt.
1242 2558 1366 2589 Strabo
1392 2557 1481 2588 enim
1508 2557 1567 2587 has
1593 2557 1773 2589 constitnit

300 2609 438 2640 noxium
454 2618 520 2639 non
538 2613 604 2647 est,
621 2608 684 2638 nisi
701 2608 733 2638 id
759 2618 856 2639 omne
870 2609 1008 2640 noxium
1064 2611 1106 2641 ad
1123 2619 1197 2641 oras
1222 2609 1427 2649 Campanhn,
1441 2608 1476 2638 in
1493 2607 1610 2639 insulis
1625 2607 1773 2640 desertis

300 2659 407 2699 diem,
436 2658 526 2700 quod
551 2657 696 2699 figuram
724 2659 902 2689 humanam
936 2669 1009 2691 cor·
1064 2664 1099 2692 et
1115 2660 1256 2700 saxosis,
1273 2670 1355 2701 quas
1379 2659 1529 2690 καλοῦσιν
1554 2657 1773 2699 Σειρηνούσοις,

302 2710 442 2750 rumpit.
1063 2714 1173 2742 vocant
1188 2710 1364 2743 Sirenusas.

344 2763 407 2794 254
434 2758 632 2800 Acheloides]
659 2759 793 2791 Sirenes
809 2758 887 2792 filiae
901 2759 1010 2792 Ache-
