1851 3213
278 233 394 275 1446

276 340 340 372 vit.
380 339 497 373 Barth.

324 392 367 422 '1⁴0
394 391 534 422 Titulum
549 389 721 432 effoemz'nat
745 388 835 430 anni]
870 386 994 419 Mulie-

280 440 360 473 bria
377 440 489 473 officia
510 441 765 477 Eunuchorum,
790 449 855 469 nec
873 439 915 469 ad
934 448 991 468 eos

279 492 432 533 pertinet
459 491 548 533 quod
578 490 674 520 virile
700 494 766 528 est,
796 489 856 520 sed
875 492 992 520 conta-

280 541 433 573 minatur
463 544 560 572 tactu
586 540 681 571 velut
709 540 783 581 ipso
812 549 930 571 eorum
958 543 995 570 et

281 590 527 622 effoemiuatur.
596 591 726 622 Noster
762 590 826 621 hoc
870 599 993 630 opere:

276 640 288 657 ‘
307 640 535 682 quodcunque
552 640 703 672 virorum
721 641 784 672 Est
801 640 916 680 decus,
929 640 995 671 Eu-

280 692 387 723 nuchi
405 692 515 724 scelus
530 690 613 722 est.'
639 691 737 723 Idem.

325 746 364 774 11
404 744 543 774 Pandite
577 742 761 784 Pontifices]
804 743 998 782 Recludite,

281 793 344 832 ait,
358 803 377 825 o
394 794 450 835 qui
463 793 706 834 Sibyllinorum
720 794 909 823 carminum
923 804 997 824 cus-

279 844 387 876 todiae
412 844 494 875 estis
524 843 719 884 praepositi,
736 853 860 874 arcana
875 844 998 875 scrinia

282 893 505 926 fatidicorum
525 903 698 933 versuum,
722 893 889 924 consulite
915 893 998 934 quid

282 944 349 976 hoc
376 944 582 975 dirissimum
608 948 810 984 portentum
835 943 925 975 ferat
949 945 998 975 in-

283 993 535 1026 fortuniorum!
585 995 787 1035 Respondet
813 1005 892 1026 mox
922 995 998 1035 sibi,

278 1045 381 1077 velut
412 1045 641 1077 Oraculorum
671 1046 821 1086 ipsorum
852 1047 1000 1087 nomine,

285 1097 296 1115 ‘
315 1096 465 1128 Consule
495 1096 663 1128 lustrandi
695 1096 819 1137 fasces,
856 1098 1001 1139 ipsoque

286 1146 456 1178 litandum
474 1146 664 1186 Prodigio.'
695 1147 904 1179 Pontificum
921 1147 1001 1179 fidei

286 1196 423 1228 credita
437 1201 536 1228 erant
552 1197 703 1228 carmina
719 1198 896 1238 Sibyllina,
911 1203 946 1229 et
960 1199 1001 1229 ab

285 1246 330 1278 iis
361 1247 639 1277 consulebantur.
686 1247 760 1277 lmo
781 1247 1002 1279 Quindecim-

287 1296 354 1327 viri
368 1296 409 1326 ad
428 1305 469 1326 ea
493 1295 650 1326 adeunda
677 1296 939 1328 destinabantur
961 1308 1003 1328 ex

286 1345 436 1386 collegio
464 1344 687 1378 Pontificum.
735 1346 881 1387 Gellius,
905 1357 931 1378 1.
950 1350 1001 1378 19.

286 1397 434 1428 Pandere
460 1396 571 1437 ipsum
593 1397 754 1438 religiosa
778 1402 814 1429 et
832 1398 1004 1429 destinata

287 1447 396 1479 sacris
414 1447 514 1478 rebus
532 1457 596 1478 vox
614 1452 678 1479 est.
725 1449 774 1480 Ut
802 1449 896 1488 alibi,
913 1458 938 1480 1.
960 1449 1002 1480 de

288 1497 409 1539 Raptu
423 1499 586 1540 Proserp.
617 1499 626 1516 ‘
649 1498 716 1530 Vos
734 1499 813 1530 mihi
829 1509 1003 1531 sacrarum

288 1548 485 1589 penetralia
501 1549 642 1589 pandite
660 1550 795 1582 rernm?
824 1550 924 1582 Idem.

337 1598 486 1629 Cumana?
500 1599 599 1639 vatis]
632 1599 791 1640 Sibyllini
819 1601 896 1631 libri
925 1610 1004 1632 con-

287 1648 502 1688 sulebantur,
524 1650 657 1690 quoties
674 1660 780 1690 grave
797 1651 931 1691 reipub.
947 1652 1005 1682 im-

289 1698 445 1729 minebat
471 1700 686 1739 periculum:
713 1710 898 1742 eorumque
921 1711 1005 1732 cura

289 1757 399 1789 penes
452 1750 651 1789 pontificem
698 1761 866 1782 summum
914 1756 1002 1783 erat.

291 1799 469 1840 Dempster.

337 1853 378 1881 12
402 1850 581 1881 Fulmineos
603 1851 711 1891 libros]
746 1853 878 1885 Quibus
906 1852 1006 1884 disci-

290 1900 388 1941 plina
425 1900 669 1942 fulguritorum
712 1902 1005 1943 procurandorum

292 1951 549 1992 continebatur,
565 1957 601 1983 et
627 1953 695 1984 alia
720 1963 934 1996 quaecunque
953 1965 1006 1985 su-

292 2001 499 2042 perstitione
518 2003 669 2034 Romana
686 2003 915 2036 inoleverant.
945 2005 1006 2035 Vi-

294 2052 340 2084 de
357 2053 573 2093 Ciceronem,
590 2054 649 2086 lib.
665 2063 707 2086 11.
721 2055 763 2085 de
774 2055 1006 2094 Divinatione,

293 2101 499 2142 Arnobium,
529 2105 623 2136 alios.
668 2105 719 2136 Ex
737 2105 876 2136 Etruria
903 2106 1007 2136 acciri

294 2153 414 2185 solitos
429 2154 603 2194 aruspices
619 2159 654 2186 et
672 2155 705 2186 id
720 2165 826 2195 genus
842 2156 1009 2187 divinato-

295 2210 383 2241 rum,
408 2203 537 2235 clarum
563 2213 607 2235 ex
628 2205 852 2246 scriptoribus
881 2206 1008 2238 multis.

299 2251 420 2284 Barth.

341 2303 521 2334 fulmineos
536 2304 640 2346 ignes]
668 2305 877 2347 Aruspicina
893 2306 1009 2337 inven-

298 2355 370 2384 tum
399 2352 464 2384 fuit
490 2353 752 2395 Hetruscorum,
778 2366 797 2387 a
824 2358 947 2398 quibus
965 2358 1007 2388 ad

298 2403 471 2434 Romanos
499 2403 669 2444 migravit.
715 2407 804 2438 Vide
830 2408 916 2440 Tull.
943 2410 967 2441 l.
985 2418 1008 2441 1.

294 2453 411 2485 Divin.
428 2454 583 2484 Fulmina
596 2460 710 2486 autem
724 2466 799 2497 quae
812 2458 856 2488 ad
868 2469 1009 2499 augura-

297 2503 368 2534 lem
383 2509 540 2544 spectare
551 2503 768 2545 disciplinam
786 2508 1009 2550 putabantur,

299 2559 399 2584 erant
416 2553 602 2584 tredecim:
626 2555 636 2570 ‘
654 2556 852 2594 postularia,
871 2558 1009 2597 pestife-

299 2612 350 2644 ra,
375 2604 582 2643 consiliaria,
604 2604 798 2645 monitoria,
812 2605 1008 2648 hospitalia,

301 2654 447 2696 regalia,
464 2655 702 2695 peremptalia,
726 2654 874 2697 fallacia,
889 2657 1011 2698 depre-

301 2705 409 2745 caria,
434 2709 611 2745 attestata,
634 2706 827 2746 auxiliaria,
853 2708 952 2739 bruta
974 2715 1009 2741 et

299 2756 522 2788 atterranea.’
557 2766 601 2788 ex
622 2758 798 2798 Caecmna,
819 2758 900 2790 Sen.
927 2760 950 2791 1.
968 2769 1008 2792 ιι.

301 2810 374 2838 nat.
401 2811 524 2848 quaest.
554 2817 584 2839 c.
607 2809 660 2839 49.
685 2807 720 2839 in
745 2818 869 2849 genere
894 2814 1007 2842 tamen

302 2857 417 2893 diurna
435 2857 531 2899 Jovi,
551 2861 700 2891 nocturna
713 2859 896 2892 Summano
912 2860 1007 2893 dedi-

495 243 639 275 NO'PAE
671 243 938 275 VARIORUM
973 242 1026 273 IN
1059 238 1134 273 CL.
1165 243 1348 275 GLAUD.
1381 244 1532 276 xvt11.

1044 338 1187 369 cabant:
1211 340 1258 370 D.
1270 337 1455 379 Augustin.
1471 339 1494 371 l.
1505 347 1529 370 1.
1540 336 1641 370 Civit.
1652 347 1681 369 c.
1693 340 1747 369 23.

1046 397 1120 428 quae
1151 388 1283 429 expiari
1315 389 1472 420 solebant
1500 389 1642 420 solemni
1673 387 1751 420 reli·

1046 439 1156 479 gionv,
1173 438 1311 470 fulmine
1329 449 1449 480 nempe
1476 443 1575 470 terrae
1602 438 1747 470 defossae

1046 490 1221 527 mandato,
1246 495 1282 522 et
1307 500 1366 521 ara
1397 501 1416 521 a
1433 489 1597 531 pontifice
1620 494 1752 520 structa

1047 546 1220 573 venerato.
1244 542 1336 572 Fest.
1351 542 1371 573 l.
1389 549 1429 574 11.
1446 542 1604 574 Juvenal.
1622 541 1692 572 Sat.
1705 548 1754 571 v1.

1049 591 1058 608 ‘
1076 591 1131 632 qui
1147 592 1281 631 publica
1297 589 1438 622 fulmina
1449 591 1590 623 condit.’
1622 592 1753 622 Lucan.

1048 641 1070 673 l.
1088 651 1112 672 1.
1137 643 1146 658 ‘
1162 641 1332 682 dispersos
1358 642 1510 673 fulminis
1534 642 1629 682 ignes
1653 640 1756 673 Colli-

1051 693 1112 732 git,
1140 697 1175 722 et
1206 697 1306 723 terrae
1338 698 1457 723 moesto
1482 702 1558 723 cum
1582 699 1756 722 murmure

1050 741 1213 772 mandat.’
1260 743 1369 773 Locus
1400 747 1513 773 autem
1542 742 1596 773 hic
1620 741 1758 772 bidental

1052 797 1201 822 vocatus.
1245 791 1335 822 Vide
1354 792 1475 823 Horat.
1493 793 1535 823 de
1559 798 1633 823 arte
1656 791 1758 824 Poet.

1050 841 1083 871 in
1100 841 1179 872 fine.
1202 842 1379 882 Dempster.

1094 894 1133 922 13
1159 892 1406 933 Immensumque
1421 893 1525 933 nefas]
1559 893 1755 924 Immersum-

1051 953 1108 983 que
1125 943 1255 984 aliquot
1271 947 1417 975 veteres.
1441 944 1484 976 D.
1502 943 1616 976 Heius.

1095 993 1345 1033 Immensumque
1356 995 1459 1035 nefas]
1483 991 1692 1035 Inauditum,
1704 993 1761 1025 vix

1051 1043 1162 1075 animo
1176 1045 1543 1085 comprehendendum.
1561 1045 1761 1076 Eunuchum

1053 1094 1208 1124 omnibus
1227 1095 1394 1136 exemplis
1409 1095 1557 1126 diritatis
1577 1095 1694 1135 exigit.

1096 1144 1220 1184 Fun-is]
1245 1145 1455 1185 Exstspiciss,
1483 1150 1519 1176 et
1546 1145 1699 1176 omnibus
1713 1153 1764 1175 sa·

1053 1193 1255 1224 crificiorum
1271 1194 1402 1225 ritibus.
1451 1195 1557 1225 Fibra>
1569 1194 1762 1234 jecinorum

1053 1243 1190 1283 proprie
1207 1244 1301 1273 velut
1318 1243 1471 1274 fimbriae.
1495 1244 1611 1275 Barth.

1098 1297 1138 1324 14
1164 1293 1269 1333 Noa-a]
1300 1293 1463 1323 Inaudita
1489 1294 1666 1334 hactenus,
1690 1293 1763 1334 qui-

1055 1343 1117 1374 bus
1135 1344 1258 1374 similia
1275 1344 1417 1374 mundus
1431 1353 1497 1374 non
1510 1343 1645 1374 viderit.
1664 1344 1762 1374 Idem.

1099 1398 1137 1425 15
1159 1395 1349 1433 Tentatjam
1366 1394 1533 1433 transfuga
1546 1393 1666 1434 mundi]
1687 1394 1764 1425 Ten-

1054 1446 1110 1475 dat
1137 1445 1349 1476 Oxoniensis
1375 1450 1409 1475 et
1436 1445 1660 1475 Pricaeanus:
1694 1444 1762 1475 ele-

1055 1499 1190 1534 ganter.
1228 1496 1273 1526 Et
1290 1500 1361 1526 tum
1381 1497 1571 1536 portendunt
1597 1495 1764 1536 superiori

1055 1556 1156 1576 versu
1174 1556 1248 1577 cum
1265 1546 1440 1587 plerisque
1457 1546 1596 1586 scriptis
1617 1545 1767 1585 amplec-

1056 1596 1208 1628 tendum.
1246 1606 1298 1627 vr.
1318 1597 1418 1628 Cons.
1433 1597 1524 1628 Hon.
1549 1598 1558 1614 ‘
1577 1603 1692 1628 nostra
1707 1606 1766 1638 pe-

1057 1647 1164 1678 ricula
1176 1648 1287 1679 tendit
1303 1648 1514 1679 Postliabitis
1527 1650 1665 1688 pulsare
1675 1646 1766 1679 suis!

1056 1699 1156 1729 Bello
1175 1699 1255 1730 Get.
1280 1702 1288 1716 ‘
1307 1698 1471 1730 nudatum
1490 1698 1667 1731 frondibus
1682 1699 1767 1731 Hae-

1056 1758 1146 1778 mum
1163 1748 1288 1779 Tendit
1305 1748 1420 1788 hyems
1434 1750 1560 1780 vestire
1575 1749 1676 1789 gelu?
1710 1750 1766 1780 In·

1056 1797 1109 1828 fra
1125 1798 1186 1829 hoc
1203 1798 1276 1838 ipso
1293 1799 1392 1839 libro,
1405 1809 1453 1830 vs.
1471 1802 1545 1831 300.
1571 1804 1580 1817 ‘
1599 1810 1675 1831 cum
1692 1804 1768 1832 ten-

1057 1848 1154 1879 deret
1171 1854 1263 1879 artus
1280 1850 1478 1889 Exsangues
1503 1861 1646 1882 onerare
1665 1851 1766 1893 toga?

1057 1898 1105 1929 sic
1130 1899 1218 1929 enim
1247 1899 1295 1930 ibi
1322 1900 1516 1940 legendum.
1554 1901 1657 1933 Ovid.
1675 1903 1697 1933 l.
1714 1911 1768 1936 xl.

1058 1949 1147 1980 Met.
1164 1959 1211 1980 vs.
1228 1953 1301 1982 532.
1337 1952 1345 1967 ‘
1361 1951 1448 1981 Pars
1466 1951 1574 1992 igitur
1599 1953 1767 1985 tendebat

1058 2000 1169 2031 adhuc
1208 2001 1371 2033 invadere
1410 2003 1524 2043 pinum
1538 2004 1558 2034 ι’
1596 2004 1767 2045 quomodo

1059 2052 1179 2092 scripti
1210 2052 1353 2094 aliquot.
1410 2054 1489 2085 Val.
1516 2055 1633 2087 Flacc.
1660 2056 1683 2087 l.
1707 2063 1768 2088 111.

1057 2101 1066 2116 ‘
1084 2102 1195 2134 Nutat
1211 2103 1252 2134 ab
1268 2112 1346 2135 arce
1365 2105 1447 2136 ratis
1469 2106 1641 2147 remisque
1664 2106 1771 2138 obsis-

1059 2158 1134 2184 tere
1163 2153 1299 2186 tendit.'
1338 2155 1413 2187 Lib.
1431 2164 1483 2187 ιν.
1506 2156 1516 2173 ‘
1535 2156 1604 2188 Cur
1631 2156 1771 2188 tenditis

1059 2204 1151 2235 ultra
1165 2204 1205 2235 In
1222 2204 1366 2236 famulas
1383 2207 1506 2238 saevire
1530 2206 1625 2239 Jovis
1636 2207 1658 2238 ?’
1698 2207 1772 2239 Ho-

1061 2255 1180 2295 ratius,
1209 2255 1267 2287 lib.
1294 2266 1318 2288 1.
1347 2256 1415 2288 Od.
1440 2260 1494 2288 29.
1530 2258 1539 2274 ‘
1557 2257 1772 2290 Socraticam

1060 2306 1196 2337 domum
1223 2307 1361 2338 Mutare
1379 2308 1490 2339 loricis
1507 2308 1612 2349 Iberi,
1636 2309 1774 2340 Pollici-

1061 2361 1113 2388 tus
1131 2357 1286 2398 meliora,
1301 2358 1412 2389 tendis
1425 2358 1445 2389 :'
1471 2370 1546 2401 quae
1563 2369 1647 2390 vera
1659 2359 1774 2391 lectio.

1061 2408 1116 2440 lib.
1132 2417 1188 2439 111.
1208 2408 1276 2439 Od.
1288 2411 1320 2440 4.
1344 2409 1352 2425 ‘
1366 2409 1573 2450 Fran-esque
1589 2409 1772 2441 tendentes

1061 2469 1170 2500 opaco
1197 2458 1319 2489 Pelion
1350 2458 1551 2499 imposuisse
1580 2458 1731 2501 Olympo
1746 2459 1770 2492 :'

1061 2514 1164 2550 atque
1191 2509 1240 2539 ita
1270 2508 1448 2548 Virgilius,
1478 2509 1592 2549 Silius,
1625 2510 1772 2551 Statius,

1059 2559 1128 2590 alii.
1160 2560 1273 2590 Tentat
1291 2565 1402 2589 tamen
1421 2558 1483 2589 hoc
1499 2559 1678 2591 Claudiani
1694 2560 1771 2592 loco

1061 2619 1128 2641 uon
1163 2615 1216 2640 est
1253 2614 1382 2640 temere
1417 2609 1681 2643 sollicitandum.
1724 2611 1773 2643 D.

1065 2661 1175 2691 Heius.

1105 2710 1232 2750 Tentat]
1252 2709 1382 2749 Injuria
1398 2708 1555 2751 quaedam
1569 2710 1603 2742 in
1619 2711 1684 2743 hoc
1698 2720 1779 2743 ver-

1061 2761 1105 2792 bo
1116 2761 1320 2792 occultatur.
1344 2760 1463 2792 Barth.

1105 2814 1145 2843 16
1168 2811 1313 2852 Ruptone
1327 2810 1483 2851 Niphate]
1503 2810 1699 2844 Barbaricis
1714 2821 1772 2844 co.

1057 2861 1124 2904 piis
1152 2865 1331 2904 perrupto.
1376 2860 1489 2894 Alibi:
1515 2863 1525 2880 ‘
1543 2861 1596 2894 bis
1619 2863 1773 2904 rupimus
