1851 3213
275 200 391 243 1382

279 305 494 337 semiorbiam
524 305 674 346 speciem
705 304 855 336 curvatis
884 304 985 344 junc-

278 356 412 397 tisque.’
436 355 632 397 Anacreon,
647 357 866 388 Od.xxv111.
882 355 923 386 Τὸ
935 367 987 393 με-

277 406 413 447 σόφρυον
429 406 461 438 δὲ
476 407 519 446 μὴ
531 407 583 446 μοὶ
603 405 763 437 Διάκοπτε
786 406 866 445 μήτε
879 405 985 445 μίσγε.

280 467 379 499 quem
393 458 504 489 locum
518 458 656 497 egregie
670 457 842 488 illustrant
853 467 930 498 quae
944 467 987 488 ex

280 508 471 540 Claudiano
498 513 534 539 et
562 507 731 538 Petronio
757 507 831 548 jam
860 507 986 545 attuli;

279 568 357 590 nam
375 559 549 590 Henricus
575 558 769 599 Stephanus
795 558 828 589 in
855 557 926 597 ejus
944 558 990 588 in-

281 610 534 650 terpretatione
571 609 714 640 multum
752 612 888 640 aestuat.
944 609 989 640 D.

284 661 399 692 Heius.

324 714 387 743 268
412 712 582 752 Pudorem]
607 710 752 742 Causam
764 720 826 751 pro
840 708 988 741 effectu:

280 771 344 803 pro
357 762 493 793 rubore.
518 761 637 793 Barth.

324 815 389 844 270
412 813 545 843 Aurorae
570 810 706 849 digitos]
728 811 851 841 Roseae
874 819 993 840 manus

282 868 318 894 et
332 862 443 903 digiti,
455 871 516 901 pro
529 866 629 901 parte
639 870 704 891 non
715 860 914 901 poenitenda
924 861 994 891 lau-

282 912 467 943 datissimae
488 910 624 951 formae,
643 910 868 942 celebrantur
888 910 995 951 scrip-

285 963 415 994 toribus
429 963 650 994 suavitatum.

328 1014 486 1045 Humeros
502 1012 634 1052 Dianoe]
659 1012 706 1043 Hi
729 1022 864 1054 quoque
882 1012 917 1043 in
941 1021 996 1043 ce-

285 1064 450 1096 lebritate
465 1064 742 1105 pulchritudinis.
767 1063 883 1094 Barth.

327 1123 391 1151 2⁷2
414 1115 658 1156 Dotalipotuit]
675 1116 811 1146 Corona
822 1113 997 1153 Ariadnae,

289 1170 378 1201 coelo
393 1169 470 1200 fixa.
496 1168 593 1198 [dem.

331 1217 469 1256 Signaw
497 1216 632 1255 Corona]
657 1216 773 1247 Ditare
801 1215 857 1245 vel
883 1215 996 1244 donare

288 1267 410 1307 scripti
436 1267 558 1296 multi:
596 1266 642 1295 nil
671 1270 779 1294 muta.
827 1272 876 1294 vr.
893 1263 995 1294 Cous.

289 1319 383 1349 Hon.
408 1318 416 1334 ‘
432 1317 544 1347 omnia
570 1316 683 1347 luctus
707 1315 921 1355 Argumenta
947 1313 997 1344 sui

287 1368 388 1399 Titan
415 1367 567 1408 signavit
583 1363 764 1407 Olympo?
786 1363 908 1404 signire
935 1373 997 1404 pro

288 1421 425 1452 diversa
448 1418 597 1450 lectione
622 1417 719 1457 prim.
743 1415 858 1446 Vatic.
892 1415 998 1445 Forte

289 1481 349 1512 pro
376 1469 552 1510 insignire:
578 1472 720 1509 quartus
741 1465 930 1496 Vaticanus
946 1464 1000 1495 iti-

288 1521 367 1552 dem
395 1530 458 1561 pro
485 1519 623 1550 diversa
652 1517 811 1553 lectione,
842 1515 1001 1547 redimire.

291 1573 337 1603 D.
360 1571 482 1603 Heius.

333 1625 396 1653 275
422 1620 552 1660 Sidera]
577 1620 690 1657 Nova,
714 1617 875 1649 videlicet
902 1626 1001 1648 novae

295 1671 427 1702 formae.
452 1671 570 1702 Barth.

333 1725 399 1754 276
426 1723 455 1753 Ο
470 1723 566 1760 digno
594 1721 743 1751 nectenda
768 1719 849 1759 viro]
875 1719 893 1749 1
907 1719 1003 1758 digno

291 1772 436 1814 Gyrald.
451 1777 485 1803 et
501 1773 644 1803 Lucens.
661 1770 783 1810 probe:
803 1780 888 1801 unus
903 1770 1000 1802 Med.

292 1824 332 1854 In
343 1823 460 1863 digno.-
483 1827 572 1852 utet
598 1820 927 1852 Helmaestadiensis.
955 1821 1002 1852 D.

293 1874 410 1906 Heius.

336 1927 400 1955 279
423 1924 491 1955 Ibis
517 1923 644 1962 Regina
668 1921 859 1962 Sicambros]
881 1922 1004 1952 Sicam-

292 1975 346 2006 bri
377 1984 440 2015 pro
466 1973 641 2004 indomitis
677 1977 713 2004 et
740 1973 1005 2004 bellicosissimis

294 2026 442 2066 populis.
466 2025 584 2055 Barth.

337 2079 400 2106 280
423 2076 647 2114 Atlanteosque
662 2074 812 2115 recessus]
835 2074 930 2106 Malo
947 2074 1004 2105 At-

301 2127 467 2166 lanteique.
495 2126 540 2155 l).
560 2125 679 2156 Heius.

338 2176 505 2216 Recessus]
533 2176 727 2206 Recondita
745 2176 832 2206 loca.
859 2175 976 2206 Barth.

338 2230 402 2258 284
425 2228 498 2267 Ipsa
523 2230 614 2267 caput
640 2227 809 2266 distinguit
825 2226 897 2266 acu]
923 2227 1004 2257 Con-

293 2277 425 2316 stringit
442 2278 587 2308 Luc-ens.
602 2282 637 2307 et
650 2276 909 2317 quatuordecim
926 2277 1003 2307 alii:

298 2329 438 2369 vulgata
455 2328 581 2368 proba:
612 2338 687 2357 mox
717 2337 778 2366 pro
803 2328 1006 2367 substringit,

298 2389 383 2410 unus
398 2378 493 2409 Med.
509 2378 678 2416 succingit.
703 2378 746 2407 D.
764 2378 884 2408 Heius.

345 2430 445 2469 Caput
477 2429 644 2466 dlstinguit
671 2429 742 2469 acu]
780 2429 903 2458 Munus
935 2429 1006 2459 sive

299 2479 447 2512 officium
466 2480 584 2508 talium
603 2488 723 2508 acuum
750 2479 906 2517 designat
926 2479 1006 2509 Hie-

300 2531 677 2572 ronynins,(.'on·111ent.
702 2529 735 2558 in
753 2537 807 2558 ιιι.
830 2539 859 2559 c.
879 2530 1005 2559 Esaia-2

297 2582 449 2612 ‘habent
476 2580 635 2610 mulieres
664 2588 743 2608 acus·
771 2589 858 2615 sinas,
884 2579 1007 2619 quibus

299 2636 493 2664 ornatorum
511 2630 653 2661 crinium
676 2639 840 2669 compago
859 2634 1008 2667 tenetur,

301 2693 343 2715 ne
361 2682 471 2713 laxius
486 2680 606 2718 fluant,
625 2686 682 2710 ¹‹iut
706 2680 738 2710 in
763 2690 898 2720 sparsos
913 2680 1008 2710 dissi-

302 2739 427 2776 pentur
443 2731 611 2772 capillos?

347 2782 542 2823 Substringit
563 2781 710 2823 amictus]
742 2783 790 2813 Ut
813 2782 927 2823 puella
951 2781 1011 2814 fiat

536 210 680 242 NOTAE
715 209 982 240 VARIORUM
1015 210 1068 241 IN
1102 210 1178 241 CL.
1211 210 1395 242 CLAUD.
1428 209 1479 241 X.

1037 305 1181 345 tenuior,
1193 305 1360 343 subtilior,
1371 303 1602 345 gracilentior.
1622 302 1743 336 Barth.

1080 359 1144 387 286
1166 356 1356 396 Antesores]
1373 355 1479 387 Moris
1492 354 1645 387 fuissent
1656 355 1746 387 dona

1039 407 1206 448 Augustae
1223 407 1360 446 futurae,
1385 406 1544 437 nimirum
1561 405 1674 446 regins
1689 413 1744 436 or-

1039 465 1152 500 natus,
1173 461 1309 492 domum
1336 460 1541 497 mitteretur,
1563 457 1664 488 etiam
1686 465 1747 487 ne·

1039 511 1161 542 scienti
1186 511 1229 542 de
1245 510 1370 542 Amore
1394 508 1567 551 principis.
1594 507 1743 547 *Nuptae

1040 566 1152 593 antem
1170 561 1333 592 vehiculis
1361 560 1496 591 domum
1519 558 1747 598 ducebantur,

1040 613 1171 644 solenni
1189 622 1293 644 more.

1083 665 1268 703 Pilentaque
1295 662 1435 703 sacram]
1474 662 1602 693 Currus
1630 669 1748 692 sacros

1042 714 1126 745 dicit
1135 714 1320 744 destinatos
1333 712 1592 744 transvehendas
1602 720 1751 752 sponsae,

1042 764 1195 806 qualibus
1211 763 1389 794 Antistitae
1416 768 1548 794 tantum
1566 761 1752 793 utebantur

1044 816 1134 847 olim.
1166 814 1366 855 Antiquitas
1394 823 1475 844 vero
1502 817 1620 853 nuptae
1650 820 1750 842 novae

1045 865 1187 906 pedibus
1204 864 1452 906 procedebant,
1479 863 1593 894 ductae
1610 873 1630 893 a
1645 861 1754 902 patri-

1045 917 1106 947 mis
1135 915 1370 955 matrimisque
1402 914 1529 954 pueris.
1574 912 1641 945 Qui
1664 912 1754 943 adeo

1047 967 1251 998 obliteratus
1277 964 1493 1006 postmodum
1521 966 1575 994 est
1605 971 1691 1002 mos»,
1715 966 1755 993 ut

1047 1018 1225 1059 speciatim
1242 1016 1409 1057 nuptialia
1429 1018 1593 1056 carpenta
1609 1022 1755 1045 comme·

1047 1072 1233 1101 morentur.
1258 1066 1376 1098 Barth.

1090 1121 1155 1150 289
1179 1117 1319 1157 Nobilis]
1343 1118 1460 1157 Equos
1477 1114 1664 1146 secundum
1678 1113 1757 1145 stir-

1048 1178 1109 1209 pes
1131 1168 1280 1199 censitos
1309 1166 1438 1197 dudum
1464 1169 1627 1196 notarunt
1650 1162 1755 1195 doeti.

1048 1220 1147 1250 Idem.

1091 1272 1151 1300 291
1179 1269 1319 1299 Curvata
1342 1267 1460 1298 cervice
1473 1266 1582 1306 jubas]
1614 1266 1756 1297 Lucens.

1051 1319 1206 1350 Turbata:
1246 1318 1383 1349 rectius.
1427 1326 1477 1348 lv.
1520 1316 1623 1347 Cous.
1662 1315 1757 1348 Hon.

1050 1370 1268 1401 ‘Turbantur
1292 1369 1441 1408 phalerae
1458 1378 1466 1398 z
1490 1365 1657 1407 spumosis
1672 1374 1760 1396 mor-

1049 1420 1141 1451 sibus
1158 1429 1275 1450 aurum
1293 1417 1438 1449 Fumat.’
1469 1417 1602 1448 Tholos.
1620 1414 1759 1446 Crinita.

1050 1471 1120 1502 Pro
1136 1470 1314 1510 magistros,
1331 1469 1516 1509 magistrum
1543 1467 1697 1498 Florent.
1723 1470 1761 1498 et

1051 1521 1208 1553 Ambros.
1227 1529 1322 1551 unus.
1345 1520 1388 1551 D.
1407 1518 1521 1550 Heius.

1094 1571 1261 1602 Pharsalia
1286 1569 1377 1610 rura]
1399 1569 1556 1600 Thessali
1573 1568 1661 1600 enim
1678 1567 1758 1609 eqni

1052 1622 1182 1663 optimi.
1207 1621 1321 1653 Barth.

1094 1675 1158 1703 292
1183 1672 1324 1702 Hinm'tu
1344 1671 1482 1711 flagitat
1503 1670 1622 1710 amnes]
1665 1668 1762 1708 Ignes

1052 1722 1232 1753 duodecim
1250 1722 1350 1752 libri:
1376 1720 1466 1762 quod
1490 1727 1524 1750 et
1551 1720 1584 1749 in
1608 1718 1759 1760 quinque

1051 1773 1118 1803 suis
1137 1772 1292 1803 Andreas
1307 1772 1470 1803 Schottus
1498 1768 1650 1801 inuenit:
1675 1769 1759 1800 nihil

1052 1829 1145 1855 muto
1163 1828 1289 1855 tamen.
1334 1822 1502 1863 Apposite
1517 1820 1698 1853 Lucretius
1710 1820 1762 1850 in-

1052 1875 1114 1905 itio
1129 1875 1185 1905 lib.
1199 1883 1223 1904 1.
1246 1876 1255 1891 ‘
1271 1873 1357 1904 Inde
1371 1873 1453 1903 ferae
1467 1872 1615 1913 pecudes
1632 1871 1763 1912 persul-

1054 1929 1128 1956 tant
1167 1924 1294 1964 pabula
1326 1924 1419 1962 laeta,
1448 1923 1591 1962 Ignotos
1621 1924 1763 1952 tranant

1055 1985 1171 2006 amnes
1185 1974 1204 2005 :¹
1230 1974 1287 2005 ubi
1304 1974 1347 2004 de
1364 1982 1488 2004 amore.
1536 1973 1580 2003 Et
1602 1972 1644 2003 de
1661 1981 1763 2013 equa-

1057 2027 1117 2057 bus
1142 2026 1266 2065 Virgil.
1287 2034 1344 2055 111.
1373 2024 1501 2062 Georg.
1532 2024 1541 2038 ‘
1557 2023 1641 2053 Illas
1667 2021 1765 2052 ducit

1056 2086 1149 2107 amor
1169 2081 1260 2106 trans
1279 2077 1447 2116 Gargara,
1464 2079 1627 2114 transque
1644 2081 1766 2104 sonan-

1056 2134 1124 2159 tem
1141 2127 1351 2158 Ascanium:
1376 2129 1541 2165 superant
1569 2127 1703 2154 montes
1728 2126 1766 2153 et

1055 2178 1196 2210 flumina
1217 2176 1380 2209 tranant!
1437 2176 1534 2207 Idem
1563 2175 1692 2206 ibidem
1721 2172 1766 2204 de

1057 2231 1154 2271 equis
1176 2230 1209 2260 in
1236 2230 1408 2260 Venerem
1432 2227 1630 2259 ruentibus:
1662 2226 1671 2242 ‘
1686 2224 1767 2256 Non

1057 2282 1188 2321 scopuli
1203 2290 1372 2321 rupesque
1388 2289 1478 2311 cavae
1503 2284 1608 2318 atque
1625 2276 1766 2317 objecta

1058 2333 1235 2364 retardant
1270 2330 1470 2362 Fluminat’
1504 2329 1563 2360 sed
1593 2337 1654 2358 cur
1679 2330 1769 2357 notos

1059 2393 1175 2420 amnes,
1193 2393 1269 2413 cnm
1298 2382 1441 2422 primum
1463 2379 1605 2420 incipiat
1631 2378 1768 2408 amare?

1060 2435 1304 2473 anignotmque,
1321 2438 1357 2462 ut
1376 2431 1464 2470 apud
1483 2429 1601 2469 Virgil.
1618 2427 1694 2468 equi
1709 2436 1767 2466 ge-

1060 2484 1170 2514 nemsi
1188 2484 1298 2523 pullus
1323 2481 1460 2512 ‘Audet
1481 2484 1516 2510 et
1545 2480 1663 2518 ignoto
1691 2486 1770 2508 sese

1061 2534 1277 2564 committere
1318 2530 1446 2571 ponto?
1516 2528 1767 2560 Mazarinianus

1060 2590 1170 2622 certe,
1185 2588 1277 2623 atquc
1290 2592 1376 2613 novo.
1404 2581 1581 2611 Palatina<
1599 2583 1687 2609 toro:
1704 2586 1767 2617 pro

1057 2636 1178 2676 primus
1192 2643 1306 2664 annorrs
1320 2634 1406 2668 odor,
1424 2641 1456 2660 in
1487 2631 1581 2669 prim,
1612 2628 1769 2659 Vatican-

1063 2686 1159 2717 Oisel
1190 2692 1223 2715 et
1248 2689 1393 2725 quatuor
1417 2682 1490 2712 aliis
1514 2689 1654 2721 pivs-cus:
1677 2678 1769 2720 quod

1061 2737 1087 2767 si
1102 2735 1288 2776 sequimur,
1315 2733 1398 2764 nihil
1425 2730 1635 2762 difficultatis
1652 2728 1719 2760 erit
1733 2728 1770 2760 iu

1060 2787 1141 2818 notis
1155 2784 1305 2817 amnibus.
1352 2782 1517 2815 Fortassis
1531 2785 1646 2813 tamen
1657 2780 1768 2821 legen-
