1852 3182
517 229 580 260 DE
614 228 677 257 lV.
711 226 850 257 CONS.
884 223 1072 254 HONOR.

65 330 154 371 quod
173 329 380 360 Petaviauns
397 334 479 357 unus
494 322 671 355 coufirmat
688 333 694 352 :
718 321 766 351 sic

69 382 241 412 orientalis·
268 380 366 415 limes,
383 375 563 414 Africanus,
597 372 766 410 Rtueticus,

68 431 280 471 Illyricinuus,
312 426 485 468 Scythicus,
515 423 694 459 Tin-«ciens,
731 428 767 452 et

66 484 188 513 similia
206 482 294 522 apud
320 476 516 520 posterioris
544 475 608 505 aevi
637 474 767 505 histori-

66 543 133 564 cos.
180 533 306 562 Gallum
349 528 480 559 limitem
526 531 641 556 noster
679 524 767 555 iufra

67 594 115 615 vs.
139 585 213 614 459.
235 581 331 611 dixit.
370 579 496 609 Lucan.
520 578 528 593 ‘
549 575 682 606 Gallica
698 584 768 605 cer-

67 640 119 665 tus
143 633 266 667 Limes,
293 629 335 660 ab
368 627 526 659 Ausoniis
554 626 768 657 disterminat

66 693 146 715 arva
172 680 322 714 colonis!
364 679 465 710 Prior
502 677 629 708 Moreti
652 677 768 707 littore.

66 743 166 775 quam
196 732 378 763 lectionem
396 729 598 761 confirmant
619 738 692 768 quae
717 738 769 758 su-

68 794 130 826 pra
147 794 196 814 vs.
214 785 266 814 20.
285 782 440 812 diximus.
467 781 509 811 D.
528 780 640 810 Heius.

110 838 170 867 130
196 835 317 866 Nutrix
327 833 466 872 Aurora]
484 832 619 861 Oriens.
634 823 771 861 Utrum-

69 896 134 928 que
152 896 248 917 axem
275 885 479 915 allaborasse
505 881 658 913 Honorio
675 885 771 910 autu-

68 942 152 975 mat,
169 942 206 967 ut
223 935 337 966 mundi
355 934 525 965 dominum
551 930 770 972 produceret.

73 987 186 1018 Barth.

115 1041 173 1068 131
201 1037 351 1068 Geminus
373 1034 458 1074 axis]
493 1032 621 1063 Ultima
636 1032 710 1061 loca
727 1030 774 1060 in-

70 1087 178 1127 telligi
217 1086 302 1123 vult,
333 1095 374 1115 ex
404 1082 621 1123 persuasione
649 1080 775 1120 prisca,

69 1137 125 1177 qui
137 1134 382 1176 imperitissimi
399 1142 521 1168 rerum,
539 1132 571 1161 in
586 1131 774 1170 Hispanico

72 1186 214 1218 Oceano
239 1183 393 1226 quotidie
421 1183 562 1214 interire
581 1182 696 1212 Solem
720 1192 775 1214 au-

72 1235 259 1267 tumabant.
290 1234 387 1265 Idem.

116 1288 177 1317 132
202 1286 363 1316 Sustentat
390 1284 495 1323 gloria
529 1282 662 1322 Thebas]
697 1282 774 1313 Illic

71 1337 161 1368 natis
174 1335 349 1373 ambobus,
373 1335 400 1365 si
428 1335 543 1374 placet
560 1334 644 1372 Diis,
658 1334 776 1364 Numi-

72 1387 281 1426 nibus,quos
297 1385 472 1415 universus
497 1383 588 1414 orbis
613 1392 674 1423 pro
702 1383 776 1414 tali-

73 1437 134 1468 bus
159 1436 309 1473 colebat,
327 1434 434 1465 doctis
451 1439 562 1464 tamen
579 1433 661 1463 viris
678 1438 776 1463 natos

73 1487 223 1518 homines
237 1485 512 1526 agnoscentibus,
544 1484 589 1514 Et
606 1483 699 1513 nulla
711 1492 776 1513 non

73 1537 193 1568 civitas
211 1538 306 1567 Deos
324 1535 428 1566 dedit.
455 1535 552 1564 Idem.

120 1590 181 1618 133
206 1587 309 1618 Hoesit
334 1584 510 1626 Apollineo]
548 1584 658 1614 Delon
683 1583 778 1614 Insu-

76 1639 140 1669 lam
157 1638 346 1675 erratilem,
362 1636 461 1666 nullis
477 1634 578 1665 fixam
597 1633 779 1672 radicibus,

75 1694 155 1720 ante
188 1687 355 1725 fluitasse,
381 1685 481 1716 fixam
518 1685 639 1715 tellure
666 1684 779 1714 oblia‘-

75 1740 170 1779 sisse,
183 1744 221 1770 ut
233 1738 314 1769 alias
330 1747 458 1776 omnes,
471 1737 559 1766 natis
575 1735 656 1765 inibi
677 1734 780 1775 Apol-

75 1791 144 1821 line
173 1794 208 1820 et
234 1789 360 1827 Diana,
386 1787 501 1818 fabula
515 1796 580 1817 nou
599 1785 781 1817 incelebris

77 1840 263 1872 Poetarum
280 1839 472 1870 cantilenis.

122 1891 217 1922 Delos
232 1890 381 1930 Latonia]
420 1890 557 1919 Latonae
583 1891 682 1927 partu
704 1896 782 1917 con·

79 1947 224 1980 scoram,
239 1942 338 1982 eique
351 1939 510 1981 postiude
523 1938 694 1969 dedicata.
708 1938 782 1967 Vir-

81 1993 136 2032 gil.
159 1993 168 2008 ‘
187 1993 250 2022 Cui
278 2001 341 2021 non
371 1991 484 2021 dictus
507 1989 616 2029 Hylas
644 1997 729 2028 puer
747 1994 783 2019 et

82 2043 227 2075 Latonia
255 2041 380 2072 Delos.v
420 2040 568 2079 Accepit
595 2043 630 2069 et
662 2047 782 2068 nomen

83 2104 102 2124 a
124 2098 225 2134 partu
242 2093 312 2131 illo,
329 2101 403 2121 cum
426 2095 504 2121 ante
530 2094 653 2130 operta
673 2087 783 2120 flucti-

82 2144 142 2175 bus
158 2148 349 2183 vagaretur.
373 2141 488 2172 Barth.

126 2197 187 2226 134
214 2195 366 2234 Cretaque
379 2189 536 2230 eejactut]
553 2189 783 2229 Exscripsisse

83 2247 155 2277 liaec
172 2244 319 2282 videtur,
339 2244 420 2274 etin
438 2251 594 2272 numeros
613 2239 785 2279 redegisse

82 2306 124 2328 ex
140 2296 262 2328 Pacati
287 2294 503 2333 Panegyrico
519 2303 526 2323 :
560 2294 568 2309 ‘
589 2290 721 2326 Cedat,’
739 2290 785 2320 in-

83 2348 159 2389 quit
183 2347 225 2377 de
254 2344 432 2377 Theodosii
465 2342 575 2383 patria
606 2341 785 2380 Hispania,

83 2399 92 2415 ‘
108 2397 158 2428 his
175 2396 275 2428 terris
301 2401 390 2426 terra
406 2393 591 2430 Cretensis,
619 2392 714 2432 parvi
729 2391 786 2423 Jo-

85 2450 133 2481 vis
163 2449 305 2490 gloriata
319 2447 426 2485 cunis,
449 2450 485 2476 et
508 2444 663 2475 Geminis
684 2443 787 2473 Delos

85 2504 221 2540 reptata
238 2497 457 2535 Numinibus,
483 2501 518 2527 et
540 2495 674 2526 alumno
700 2494 788 2525 Her-

85 2551 162 2581 cule
201 2549 330 2580 nobiles
362 2547 498 2578 Thebae.
554 2545 672 2579 Fidem
711 2554 788 2575 con-

88 2605 180 2630 stare
211 2599 374 2630 nescimus
401 2597 539 2633 auditis,
565 2596 676 2626 Deum
695 2595 790 2626 dedit

89 2649 256 2688 Hispania
291 2657 391 2689 quem
437 2645 610 2677 videmus!
666 2646 789 2678 Jovem

87 2702 121 2732 in
137 2700 242 2730 Creta
258 2703 374 2729 natum
389 2696 509 2729 infiniti
526 2696 711 2737 scriptores
727 2701 793 2727 tes-

92 2755 220 2783 tantur.

134 2797 291 2842 Repeata]
338 2797 481 2829 Calcata
503 2796 620 2829 dicere
647 2805 713 2827 non
737 2805 795 2837 po-

1410 213 1523 255 1333

820 323 900 358 test,
939 318 981 348 ob
1031 315 1208 347 infantium
1252 315 1523 348 teneritudinem.

821 368 936 400 Barth.

863 422 924 449 136
951 418 1028 452 Quae
1049 417 1132 447 dedit
1150 416 1204 446 hoc
1220 414 1346 454 nit-meu]
1370 414 1525 455 Peperit,

822 470 855 500 in
875 470 982 500 lucem
997 468 1116 499 edidit.
1144 467 1241 497 Idem.

863 523 922 551 137
950 520 1111 559 Inlwspitu
1125 516 1260 559 Cynthi]
1283 517 1445 553 Deserta,
1460 525 1526 546 nou

820 571 918 601 nimis
937 571 1112 611 populosa.
1138 570 1234 599 litem.

842 626 902 654 138
916 623 1036 653 Loesere
1052 620 1159 660 cubili]
1171 621 1301 650 Laesum
1310 617 1450 649 secund.
1460 618 1529 648 Va-

820 674 880 704 tic.
898 678 931 704 et
951 673 1062 703 Palat.
1091 681 1154 711 pro
1173 670 1307 700 Act-linis
1323 678 1411 707 auro,
1435 668 1525 708 qnod

821 725 853 754 in
871 723 1068 754 melioribus
1094 721 1232 761 scriptis
1249 725 1314 757 est,
1341 728 1405 749 non
1422 718 1524 748 Accli-

822 775 878 806 ris.
909 773 1072 804 Bartliius
1091 771 1212 803 Act-lini
1230 769 1332 800 malit.
1364 768 1409 798 D.
1423 767 1532 799 Heius.

866 827 927 855 139
953 824 1089 855 Acclinis
1105 821 1196 861 duro]
1228 820 1356 851 Irridet
1378 824 1413 850 et
1442 819 1529 849 vitu-

823 882 921 918 perat
944 877 1084 907 Latonae
1103 883 1278 914 puerpera>
1297 881 1468 912 pompam,
1492 879 1532 901 ea

823 928 910 959 euim
945 928 1088 967 palmum
1116 925 1275 965 amplexa
1306 922 1443 963 peperit
1475 921 1533 951 illa

823 976 1122 1015 famigeratissima
1141 975 1300 1005 Numina.

869 1026 1059 1066 Circumflua
1070 1024 1216 1063 gemmis]
1242 1022 1430 1053 Abundans
1441 1030 1534 1051 max-

825 1079 912 1108 ime:
939 1082 976 1107 ut
993 1077 1101 1106 insula
1118 1074 1201 1104 mari
1230 1070 1441 1103 circumflua.
1477 1070 1534 1101 Sic

823 1129 1038 1169 circumfluens
1054 1126 1285 1157 abundantem
1304 1127 1401 1153 notat
1418 1121 1535 1153 Catul-

825 1180 869 1210 lo.
893 1178 1009 1210 Barth.

871 1228 1061 1269 Circumflua
1070 1225 1216 1266 gemmis]
1242 1223 1404 1255 Flaccilla
1414 1221 1468 1252 hie
1479 1220 1539 1251 de-

826 1280 989 1320 signatur,
1003 1288 1077 1319 qnae
1095 1276 1299 1313 Honorium,
1314 1274 1387 1314 jam
1403 1272 1537 1311 Augus-

828 1336 874 1369 ta,
901 1329 1057 1370 peperit:
1097 1327 1186 1357 unde
1215 1323 1377 1363 insignior
1409 1321 1536 1353 natalis

827 1382 901 1422 ejus
918 1391 1019 1421 quani
1036 1377 1199 1410 Arcadii:
1227 1384 1331 1416 quare
1350 1378 1450 1404 antea
1464 1373 1536 1403 dix-

827 1433 871 1462 it:
897 1434 905 1448 ⁴
920 1429 1087 1461 Omnibus
1098 1425 1273 1467 acceptis,’
1287 1424 1320 1455 id
1332 1430 1396 1463 est,
1407 1433 1425 1453 a
1438 1427 1536 1463 patre

828 1489 863 1513 et
880 1487 989 1513 matre
1011 1481 1112 1521 juxta
1136 1477 1336 1508 nobilitatus
1361 1484 1417 1512 cs;
1442 1473 1538 1504 nihil·

830 1543 894 1573 que
913 1532 974 1564 tibi
1003 1529 1110 1561 defuit
1135 1528 1177 1559 ad
1205 1535 1366 1557 sumniam
1395 1524 1538 1564 gloriam

830 1589 864 1614 et
882 1582 1074 1624 perfectum
1092 1578 1229 1619 originis
1246 1576 1362 1607 decus.
1395 1576 1516 1605 Cha-er.

876 1636 936 1665 1⁷10
964 1633 1094 1663 Ululuta
1110 1628 1266 1668 verendis]
1292 1626 1345 1656 Ad
1364 1626 1539 1655 solennem

831 1685 959 1715 circum
988 1680 1221 1722 parturientes
1248 1678 1429 1708 clamorem
1457 1675 1541 1704 allu-

832 1744 917 1773 sum,
945 1742 1012 1772 quo
1039 1730 1208 1771 putabant
1231 1725 1412 1767 propitiari
1439 1724 1537 1755 Luci-

832 1796 922 1824 nam,
950 1783 1122 1823 fiebatque
1150 1786 1270 1820 operto
1302 1778 1430 1817 capite,
1464 1775 1541 1806 lotis

833 1837 1008 1868 manibus:
1064 1832 1242 1873 Papinius,
1286 1827 1453 1860 Thebaid.
1485 1835 1541 1858 111.

834 1890 842 1906 ‘
862 1888 1021 1927 nulloque
1053 1885 1182 1915 ululata
1213 1882 1330 1912 dolore
1374 1877 1541 1918 Respexit

836 1939 965 1971 Lucina
990 1933 1148 1966 domum.'
1196 1933 1326 1963 Matres
1355 1933 1541 1971 pra‘sentes

836 1995 916 2020 vota
933 1985 1170 2026 concipiebant
1190 1993 1251 2024 pro
1269 1991 1452 2023 puerpera,
1468 1989 1543 2020 quae

835 2046 870 2071 et
886 2040 961 2079 ipsa
979 2047 1055 2078 pars
1073 2035 1137 2066 fuit
1155 2034 1355 2065 ululatuum.
1402 2031 1545 2062 Ululare

837 2089 983 2130 alioquin
998 2089 1188 2118 luctuosum
1204 2084 1350 2117 credunt
1367 2087 1402 2113 et
1418 2081 1545 2112 omino-

838 2152 922 2172 sum.
946 2139 1063 2171 Barth.

885 2189 1029 2230 [lulum]
1061 2188 1148 2219 Haec
1175 2186 1218 2217 de
1242 2184 1354 2217 fausta
1378 2182 1546 2213 acclama·

840 2243 942 2274 tione.

883 2296 944 2325 142
973 2293 1066 2323 Voces
1081 2288 1199 2329 avium]
1237 2286 1460 2327 Captationes
1476 2283 1546 2316 Au·

840 2345 1011 2385 guriorum
1039 2348 1074 2373 et
1100 2339 1357 2380 Auspiciorum,
1391 2335 1547 2367 solennes

840 2403 1036 2435 magnarum
1055 2401 1167 2422 rerum
1185 2388 1346 2420 exordiis.

885 2445 1005 2482 Quanti
1033 2443 1166 2482 volatus]
1201 2441 1388 2471 Numerum
1417 2434 1546 2466 indicat

840 2506 1011 2536 magnum,
1037 2494 1079 2524 ad
1108 2502 1207 2533 qnam
1235 2489 1440 2521 felicitatem
1457 2484 1548 2516 futu-

842 2556 955 2578 rorum
981 2551 1173 2585 temporum
1201 2538 1432 2575 aestimabant,
1456 2535 1547 2565 victo

841 2598 981 2628 minore.

886 2650 947 2680 143
971 2643 1156 2683 Discursus]
1173 2641 1300 2673 Incerti
1316 2638 1458 2678 vagique
1474 2642 1548 2664 cur-

842 2709 910 2730 sus,
954 2697 1130 2728 Tibullus:
1154 2694 1162 2710 ‘
1182 2693 1226 2723 Et
1253 2698 1336 2721 vaca
1362 2694 1427 2716 uon
1453 2686 1549 2714 certa

844 2749 1042 2780 discurrunt
1059 2745 1209 2784 undique
1226 2736 1373 2781 pompa‚’
1390 2737 1453 2766 δίο.

889 2798 958 2830 Tibi
974 2797 1117 2835 corniger
1130 2788 1302 2829 Hammon]
1326 2785 1548 2819 Notissimum
