1852 3182
653 220 912 255 EIDYLLIA.

1403 230 1513 272 1123

56 313 162 366 Ipse
183 316 491 357 redundantem
514 318 715 361 sraenavit
740 321 956 364 Mulciber
977 325 1168 377 AEtnam,

112 381 314 423 Laederet
334 384 525 436 exempli
549 397 601 425 ne
623 394 898 430 monumenta
920 392 997 443 pii.

52 445 283 489 Senserunt
304 449 515 491 elementa
535 451 687 495 fidem:
722 462 846 508 pater
867 458 990 499 affuit
1013 461 1161 512 aether,
1454 471 1510 511 :35

109 514 331 566 Terraque
354 521 592 559 maternum
616 522 898 576 scdulajurit
922 540 1050 569 onus,

50 578 182 629 Quod
204 582 239 620 si
262 587 389 622 notus
411 597 535 625 amor
555 590 761 639 provexit
783 592 824 630 iu
848 599 966 634 astra
988 596 1205 647 Laconas,

102 646 287 688 AEneam
312 649 498 703 Phrygio
519 660 677 707 raptus
699 658 754 697 ab
777 659 874 710 igue
896 665 1019 713 pater
1037 677 1048 713 3

45 714 93 755 Si
115 720 242 756 vetus
264 714 496 771 Argolicos
515 722 704 765 illustrat
725 727 860 778 gloria
880 730 1048 782 fratres,

103 780 192 832 Qui
214 797 292 825 sua
312 790 508 829 materno
532 791 646 832 colla
668 792 826 835 dedere
839 796 947 849 jugo
966 811 976 849 ;

1452 810 1508 848 40

45 847 135 890 Cur
154 864 240 892 non
261 851 581 907 Amphinomo,
604 872 680 900 cur
700 874 786 902 non
810 864 906 914 tibi,
929 865 1054 907 fortis
1075 867 1240 924 Anapi,

100 917 329 961 AEternum
353 922 530 964 Siculus
554 929 719 981 templa
742 930 910 973 dicavit
927 933 1069 975 honos
1085 937 1103 976 ’ἶ

40 1055 107 1084 tute
121 1053 254 1086 hoesisse.

307 1057 459 1090 Vulcanus
473 1061 537 1100 ipse
546 1062 681 1093 cohibuit
697 1065 827 1096 AEtnwn
843 1066 1101 1108 effervescentem,
1115 1081 1153 1102 ne
1168 1073 1296 1104 violaret
1313 1080 1508 1109 monumenta

32 1094 118 1132 sacti
144 1102 211 1128 tam
233 1101 343 1130 sancti.
392 1102 554 1134 Elementa
570 1112 776 1143 cog-noverunt
800 1110 951 1149 pietatem
979 1118 1128 1144 tautam:
1178 1116 1293 1146 Coelum
1309 1119 1430 1156 adjuvit
1446 1119 1506 1151 hos

40 1136 177 1177 fratres,
209 1147 243 1170 ut
260 1152 394 1179 pa1rens,·
418 1148 448 1174 et
470 1149 554 1177 terra
570 1148 701 1189 qfficiosn
726 1151 848 1190 adjuvit
875 1153 978 1184 etiam
998 1157 1116 1194 pondus
1142 1162 1327 1190 maternum.
1374 1161 1463 1196 Quod
1478 1163 1508 1193 si

38 1181 179 1212 amicitia
194 1183 327 1222 insignis
347 1188 463 1218 extulit
478 1191 518 1219 ad
539 1192 645 1221 coetum
661 1192 800 1224 Laconas
817 1195 992 1227 Castorem
1010 1204 1043 1227 et
1061 1199 1259 1238 Pollucem
1284 1203 1309 1232 si
1323 1207 1415 1242 pater
1436 1203 1507 1235 An-

39 1222 148 1254 chises
163 1230 285 1266 ereptus
300 1228 337 1257 ab
351 1229 490 1261 incendio
506 1232 639 1271 Trojano
652 1238 905 1269 commendavit
916 1241 1068 1277 AEneam;
1090 1242 1118 1272 si
1133 1244 1200 1273 laus
1213 1245 1341 1284 antiqua
1355 1256 1506 1278 commen-

37 1265 92 1296 dat
108 1265 230 1305 fratres
254 1270 429 1313 Argolicos,
450 1275 502 1314 qui
526 1282 750 1316 supposuerunt
774 1281 923 1312 cervicem
938 1293 1025 1313 suum
1048 1285 1152 1315 currui
1179 1290 1316 1318 materno
1329 1298 1341 1324 ;
1362 1299 1416 1319 cur
1443 1300 1503 1320 non

35 1312 208 1341 reverentia
233 1310 408 1345 Siculorum
434 1321 622 1350 consecravit
647 1323 760 1362 templa
781 1324 815 1354 in
840 1328 1022 1365 perpetuum
1037 1328 1267 1368 ΑηψΙιὶηοιηοζ2
1289 1340 1344 1361 cur
1358 1341 1417 1361 uon
1432 1332 1504 1371 tibi,

650 1416 844 1430 eeeeeeeeee
848 1420 883 1430 Ν

38 1469 105 1500 LL.
122 1480 140 1501 e
157 1481 262 1512 marg.
279 1474 394 1505 Parm,
411 1479 517 1508 tantas
536 1478 611 1509 Vat.
629 1485 707 1511 tert.
724 1490 893 1521 repressum
916 1484 996 1515 Vat.
1015 1490 1212 1525 quart.—33
1235 1490 1412 1521 redeuntem
1436 1501 1499 1531 pro

37 1514 257 1544 redundantem
275 1516 489 1550 Bastia—34
512 1526 706 1552 monumenta
720 1524 767 1553 sui
785 1525 864 1556 Vat.
891 1530 1045 1558 sem—36
1069 1530 1169 1560 nutrit
1187 1531 1343 1569 projuvit
1367 1533 1497 1566 Buslid.

36 1557 120 1586 —37
133 1558 173 1586 ad
185 1561 270 1587 astra
288 1558 333 1589 id.
350 1560 479 1591 Buslid.
496 1561 632 1594 Lacones
648 1565 726 1595 vat.
745 1575 811 1596 sec.
828 1567 970 1599 Laconas
980 1569 1046 1600 duo
1059 1572 1156 1603 Vatt.
1175 1572 1500 1608 Pa1.F10rent.tres

37 1597 132 1628 Med.
149 1599 213 1629 inc.
233 1600 352 1632 Heius.
369 1602 437 1633 duo
454 1604 575 1635 Petav.
593 1606 725 1637 Bonon.
756 1607 822 1638 duo
840 1608 958 1641 Ambr.
980 1612 1063 1642 Lov.
1083 1614 1209 1645 Moret.
1226 1625 1276 1654 pr.
1295 1616 1408 1648 Oxou.
1427 1628 1496 1650 sec.

35 1639 165 1671 anlid.
185 1641 268 1672 Cod.
291 1644 404 1684 Epigr.
420 1645 537 1678 Ambr.
556 1648 638 1679 Exc.
658 1650 799 1680 Luceus.
818 1661 869 1691 pr.
887 1652 965 1683 Ald.
987 1655 1069 1685 Var.
1094 1656 1164 1688 LL.
1182 1667 1199 1687 e
1215 1667 1320 1697 marg.
1338 1660 1499 1692 Parm.—

34 1684 74 1713 38
98 1683 229 1714 AEneam
245 1686 324 1717 Vat.
343 1697 393 1727 pr.
410 1693 445 1718 et
463 1694 542 1720 tert.
559 1690 669 1722 Anean
686 1692 751 1723 inc.
770 1693 888 1724 Heius.
904 1695 1047 1736 Phrygia
1064 1707 1090 1727 r.
1104 1698 1141 1728 ab
1154 1699 1228 1729 urbe
1241 1700 1371 1731 Buslid.
1386 1713 1500 1742 parens

35 1725 118 1756 Cod.
135 1727 254 1767 Epigr.
271 1728 478 1761 Ambr.—39
502 1732 558 1762 Sic
572 1736 660 1764 retus
675 1735 753 1766 Vat.
781 1740 860 1767 tert.
886 1737 961 1768 Pal.
989 1739 1097 1770 Oisei.
1119 1741 1211 1772 Med.
1237 1752 1303 1773 sec.
1332 1744 1496 1777 Heinsius

33 1768 236 1809 ascripserat
253 1780 347 1812 seqq.
366 1773 486 1804 Cleobis
500 1779 530 1805 et
548 1775 658 1806 Biton.
675 1777 853 1809 Plutarch.
864 1784 1058 1820 παραμυθητ.
1074 1782 1148 1822 πρὸς
1163 1784 1334 1816 Ἀπολλών.
1350 1787 1497 1821 Solinus.

33 1810 226 1843 Pausanias.
239 1815 347 1852 gratia
372 1825 432 1855 pro
457 1818 560 1856 gloria
577 1818 696 1851 Ambr.
722 1824 887 1853 tert.-—4l
916 1823 1090 1863 Amphonio
1107 1826 1186 1857 Vat.
1212 1837 1279 1858 sec.
1306 1828 1371 1858 duo
1399 1831 1494 1863 Med.

31 1852 114 1884 Lov.
131 1855 286 1895 Amphion
302 1857 396 1889 Rott.
414 1859 481 1890 inc.
497 1860 618 1892 Heius.
634 1862 745 1903 nonsit
774 1873 836 1904 pro
852 1875 912 1896 non
928 1866 986 1896 tibi
1004 1867 1081 1898 Var.
1098 1868 1165 1900 LL.
1190 1869 1244 1900 ed.
1263 1870 1368 1901 Antv.
1394 1873 1498 1905 tristia

32 1893 158 1928 Moret.
184 1907 236 1937 pr.
261 1900 371 1940 Anape
386 1901 466 1933 vat.
492 1912 559 1933 sec.
577 1908 646 1935 vet.
672 1905 757 1945 Gyr.
785 1907 899 1948 Anapy
923 1909 1002 1940 Vat.
1027 1915 1136 1950 quart.
1164 1911 1304 1943 Salmas.
1328 1913 1370 1944 ad
1386 1914 1494 1948 Solin.

32 1946 65 1977 p.
83 1941 244 1972 111.—42
267 1943 420 1974 AEternus
435 1945 513 1977 Vat.
532 1955 598 1977 sec.
616 1947 692 1978 Pal.
710 1948 776 1979 duo
794 1949 889 1980 Med.
907 1950 1024 1982 Siculis
1039 1953 1120 1983 Vat.
1136 1963 1205 1985 sec.
1220 1960 1255 1986 et
1272 1961 1384 1996 quart.
1399 1958 1494 1991 Med.

30 1989 97 2011 sec.
123 1981 241 2015 Ambr.
268 1990 348 2017 tert.
373 1987 502 2019 Buslid.
531 1989 648 2021 dicabit
676 1990 756 2022 Ald.
783 1992 863 2023 Var.
888 1993 955 2025 LL.
979 2004 998 2025 e
1023 2004 1129 2036 marg.
1145 1997 1259 2029 Parm.
1275 1999 1393 2030 dicavit
1409 2001 1494 2034 Lov.

686 2085 826 2118 NOTAE

70 2152 112 2181 33
137 2151 389 2195 Redundantem]
411 2156 581 2198 Flaminis,
597 2169 656 2191 seu
670 2170 730 2192 aes-

28 2201 138 2232 tuanti
155 2201 244 2237 igne.

785 2161 887 2193 fidem
905 2167 938 2194 et
957 2164 1133 2204 pietatem.

828 2215 869 2243 36
896 2213 1008 2255 Terra]
1032 2216 1141 2247 Terra
1168 2217 1300 2258 adjuvit
1311 2216 1370 2251 hos
1391 2218 1491 2260 juve-

68 2253 109 2281 34
134 2251 204 2292 Pii]
239 2253 375 2285 Fratres
397 2255 445 2286 illi
465 2257 517 2288 Pii
535 2258 620 2289 dicti
639 2264 729 2299 sunt,

25 2303 60 2330 et
77 2300 169 2332 locus
196 2312 313 2334 eorum
337 2307 536 2347 sepusturae,
561 2310 624 2339 τῶν
643 2310 728 2341 εὐσε-

25 2350 89 2383 βῶν
101 2352 211 2391 χῶρος,
231 2353 361 2385 Piorum
383 2366 518 2396 campus,
536 2368 578 2388 ex
599 2359 728 2400 Solino,

24 2401 229 2440 appellatus.
255 2402 407 2445 Ideoque
424 2405 523 2447 fingit
536 2408 646 2439 Poeta
663 2411 728 2441 En-

23 2449 176 2482 celadum
197 2453 404 2485 continuisse
420 2454 584 2498 flammas,
600 2469 642 2489 ne
658 2460 728 2491 vio-

23 2498 111 2531 laret
146 2503 339 2542 sepulcrum
372 2515 433 2537 seu
470 2514 727 2542 monumentum

24 2547 178 2591 fratrum,
194 2553 249 2594 qni
265 2555 402 2595 quidem
420 2561 488 2588 tam
506 2559 596 2599 pium
614 2570 727 2592 exem-

26 2598 116 2638 plum
133 2603 278 2641 posteris
305 2606 516 2649 reliquerunt
533 2610 576 2641 ad
593 2610 726 2643 imitan-

25 2647 117 2680 dum.

66 2701 106 2729 35
133 2701 308 2747 Elementa]
330 2706 422 2748 Ignis
436 2711 596 2752 cognovit
607 2721 724 2745 eorum

784 2270 856 2301 neS‚
883 2268 919 2293 et
946 2263 979 2294 id
1009 2266 1097 2306 quod
1126 2265 1299 2307 ferebant,
1327 2273 1490 2311 tanquam

783 2320 867 2343 onus
894 2318 1100 2355 maternum,
1128 2326 1187 2348 seu
1212 2322 1373 2360 tanquam
1404 2331 1488 2353 onus

784 2367 958 2403 portatum
976 2375 995 2396 a
1011 2367 1081 2396 suis
1096 2367 1185 2400 filiis.

826 2414 868 2443 39
891 2414 1198 2457 Argolicosjratres]
1224 2419 1365 2451 Cleobin
1381 2426 1417 2453 et
1432 2421 1488 2453 Bi-

785 2467 876 2502 tona,
890 2465 946 2504 qui
964 2465 1204 2500 deficientibus
1222 2470 1404 2510 jumentis,
1420 2482 1486 2504 ma-

784 2518 870 2544 trem
897 2525 991 2546 suam
1019 2517 1239 2551 Sacerdotem
1258 2521 1291 2552 in
1322 2524 1487 2563 tempium

781 2563 925 2595 Juuonis
956 2570 1146 2608 traxerunt,
1175 2575 1211 2601 et
1234 2581 1276 2602 ex
1309 2572 1485 2603 Ciceronis

782 2615 989 2656 testimonio,
1023 2624 1169 2651 mortem
1211 2623 1339 2662 (matre
1368 2631 1484 2652 eorum

780 2664 904 2697 bonum
927 2668 1092 2707 optimum
1105 2670 1187 2712 ipsis
1205 2671 1405 2712 expetente)
1418 2679 1482 2711 pro

780 2717 921 2756 praemio
935 2717 1096 2751 tulerunt.
