1852 3182
553 190 601 219 IN
641 187 870 218 RUFNUM
908 186 1001 216 [AB.
1037 187 1067 215 1.

84 299 158 321 rum
188 287 357 320 contraria
389 286 546 325 jungere.
593 281 757 312 Horatius
774 291 780 310 :

80 342 88 357 ‘
105 340 281 371 ardentem
298 335 440 376 frigidus
470 333 605 363 AEtnam
623 329 784 361 Insiluit.'

83 391 200 422 Barth.

126 443 187 472 123
213 439 270 470 Est
291 437 371 466 locus
390 436 564 466 extremum
586 432 694 472 pandit
724 443 783 472 qua

85 491 194 522 Gallia
203 486 292 526 litus]
317 485 418 516 Haud
431 483 534 514 dubie
549 483 693 513 Galliam
708 482 783 512 idco

80 540 232 571 nominat
269 535 488 573 Claudianus,
533 533 621 574 qnod
661 532 783 564 exinde

81 590 176 622 ducti
193 587 324 619 natales
344 585 476 617 Rufino.
505 585 687 615 Extremam
705 584 784 615 Gal-

82 640 159 671 liam
175 638 259 669 dicit
276 636 416 668 Oceano
432 635 619 666 finitimam.

126 691 186 720 12⁴
213 688 329 719 Oceani
339 686 619 728 prceteatusaquis]
642 684 784 715 Cinctus

83 738 234 770 Oceano.
279 737 397 768 Barth.

128 788 304 825 Ubifertur
332 786 473 828 Ulysses]
506 786 563 817 Sic
593 786 785 825 Isingriuia-

81 847 143 871 nus
158 844 194 870 et
218 838 393 870 Lucensis.
440 839 626 877 Vulgatum
654 848 712 877 quo
731 837 787 867 du-

82 889 281 928 riusculum,
319 890 398 929 quia
438 899 496 929 qua
533 893 759 928 praecesserat
778 899 785 918 :

82 949 160 972 mox
177 939 266 970 idem
276 939 440 970 Lucensis
452 940 577 969 rectius
587 940 787 978 populumque

82 991 223 1022 silentem
251 999 350 1031 quarn
381 990 511 1029 vulgati
538 989 702 1019 silentum.-
730 989 788 1018 lib.

83 1049 123 1073 Π.
142 1041 184 1073 de
202 1043 304 1082 Rapt.
327 1043 335 1058 ‘
353 1042 544 1081 populoque
569 1040 681 1071 silenti
704 1040 787 1070 'l'ra-

83 1091 197 1122 deris!
241 1091 369 1122 Statius
386 1090 493 1121 Theb.
512 1099 562 1120 iv.
587 1090 595 1106 ‘
614 1089 653 1119 In
669 1098 787 1128 specu-

83 1140 124 1171 lis
137 1141 233 1172 Mors
250 1145 322 1171 atra
337 1140 446 1179 sedet,
461 1139 673 1180 dominisque
688 1139 788 1169 silen-

83 1195 136 1223 tes
152 1190 364 1223 Annumcrat
381 1189 556 1230 populos:’
581 1190 630 1220 ita
652 1188 788 1219 minima

83 1241 271 1274 mutatione
286 1240 398 1273 scribo
414 1251 422 1278 ;
447 1250 522 1271 nain
547 1239 679 1280 scripti,
693 1239 789 1269 ‹lonii-

83 1291 175 1332 nt‘que
201 1292 339 1323 silentes.
382 1291 523 1330 Vulgati
547 1290 722 1330 dominique
747 1291 790 1320 si-

84 1341 187 1373 tentis.
232 1341 417 1372 Plutonem
434 1345 470 1370 et
486 1339 726 1380 Proserpinam
744 1339 791 1369 iu-

87 1392 233 1432 telligit:
259 1396 376 1423 noster
392 1391 434 1422 de
449 1391 553 1431 Rapt.
569 1390 628 1421 lib.
644 1399 684 1421 11.
708 1391 716 1406 ‘
734 1390 792 1421 do-

86 1442 185 1474 minis
222 1442 427 1473 intrantibus
466 1441 584 1481 ingens
627 1440 792 1480 Adsurgit

87 1491 326 1533 Phlegethon.'
364 1491 477 1524 Possis
495 1496 530 1522 et
545 1491 686 1521 domino:
710 1501 791 1531 quo-

87 1542 187 1575 modo
212 1543 317 1574 Theb.
335 1551 401 1573 xu.
425 1543 433 1558 ‘
449 1541 653 1572 Umbrarum
677 1545 791 1572 custos

87 1594 330 1635 inhumataque
357 1602 500 1634 corpora
525 1592 596 1632 regi
620 1591 792 1622 Annuine-

88 1648 142 1675 rat
157 1644 177 1675 :'
201 1644 261 1675 sed
289 1645 435 1676 alterum
462 1646 617 1684 praestat.
664 1642 793 1672 Seneca

90 1693 242 1727 Hercule
269 1695 347 1726 Fur.
372 1694 450 1727 Act.
466 1703 523 1726 111.
540 1703 588 1725 sc.
604 1695 635 1724 2.
660 1695 669 1709 ⁴
684 1692 793 1723 Tristi

90 1744 249 1776 silentem
266 1744 380 1776 nubilo
407 1744 507 1786 liquit
533 1742 692 1783 domum,’
717 1752 794 1773 cum

92 1796 241 1838 antiquis
258 1796 364 1828 libris.
393 1796 526 1827 Umbras
540 1796 666 1826 silentes
680 1794 792 1834 Virgi-

91 1846 155 1878 lius
171 1846 259 1879 dixit
275 1847 333 1878 lib.
350 1855 400 1879 VI.
417 1857 426 1885 ;
452 1852 488 1878 et
503 1845 595 1878 Ovid
613 1854 696 1877 xm.
721 1845 795 1875 Me-

92 1901 174 1928 tam.
198 1897 208 1914 ‘
226 1896 349 1929 AEacus
363 1898 442 1929 huic
454 1901 552 1938 pater
567 1900 631 1937 est,
647 1896 704 1937 qui
716 1895 797 1935 jura

93 1947 272 1979 silentibus
288 1948 416 1979 umbris
433 1947 583 1979 Reddit!
616 1947 710 1978 Male
727 1946 797 1976 vul-

94 2006 149 2037 go,
171 1997 330 2028 silentibus
344 1998 430 2029 illic.-
453 1997 550 2039 plura
569 1997 617 2029 ibi
633 1997 796 2028 dicemus.

96 2046 142 2079 D.
159 2047 274 2078 Heius.

140 2100 199 2129 125
238 2097 400 2137 Sanguine
435 2097 546 2138 libato]
593 2096 798 2128 Necessario

95 2157 189 2180 more
207 2148 249 2179 ad
265 2149 502 2180 evocationem
516 2147 728 2179 umbrarum:
753 2147 800 2178 vi-

96 2197 139 2229 de
152 2197 353 2237 Arnobium,
369 2199 428 2230 lib.
447 2207 510 2230 vu.
555 2198 672 2229 Barth.

141 2248 309 2289 Populum]
332 2249 443 2281 Omne
458 2259 575 2289 genus.
622 2249 740 2280 Barth.

141 2303 202 2331 127
220 2300 350 2331 Flebilis
364 2300 490 2331 auditur
505 2300 645 2341 questus]
681 2300 803 2331 Audita

96 2355 238 2393 quartus
253 2350 452 2382 Vaticanus.
497 2351 543 2382 D.
560 2351 673 2382 Heius.

141 2401 319 2433 Simulacra
341 2401 474 2442 pallida]
512 2401 661 2433 Umbras
675 2405 802 2432 mortu-
818 2411 822 2413 ’

99 2461 194 2485 orum
210 2461 291 2493 quas
307 2451 484 2492 fingebant
498 2451 590 2482 miris
613 2450 730 2482 formis
747 2461 802 2482 ve-

101 2510 202 2538 teres.
248 2504 414 2536 Ovidius:
439 2505 448 2522 ‘
466 2505 657 2545 Persequar
682 2507 717 2534 et
733 2502 803 2533 vul-

102 2559 156 2586 tus
185 2565 284 2586 ossea
312 2554 422 2586 forma
449 2553 548 2585 tuos.'
611 2552 804 2593 Lucretius,

103 2613 128 2635 1.
150 2605 160 2622 ‘
175 2605 242 2636 Sed
259 2605 414 2646 quaedam
423 2605 604 2636 simulacra
613 2603 720 2635 modis
733 2603 804 2644 pal-

105 2653 212 2685 tentia
224 2655 340 2688 miris!
387 2655 503 2687 Barth.

149 2705 210 2734 128
234 2704 378 2743 Migrare
389 2705 532 2747 figuras]
568 2706 719 2736 Catervas
736 2703 805 2744 pri-

106 2753 371 2786 uiusVaticauus
385 2766 393 2787 :
417 2756 538 2796 mugire
551 2754 806 2795 Rottendorph.

1424 177 1533 218 1241

836 284 871 310 et
902 278 1070 308 secundus
1103 277 1304 308 Media-eus:
1338 280 1435 309 nuile.

836 329 950 360 Heius.

881 383 941 410 129
966 376 1201 418 Dcaprasiliil]
1234 377 1339 406 Totus
1366 377 1418 406 hic
1448 378 1539 409 locus

836 439 1015 470 expressus
1032 434 1083 459 est
1101 428 1142 458 ad
1160 426 1542 463 similitudinemStatii,

836 480 892 510 lib.
914 489 936 510 1.
962 479 1122 509 Thebaid.
1152 488 1198 508 vs.
1218 480 1289 507 125.
1319 486 1459 517 quaeque
1485 477 1541 507 ille

836 530 877 560 tle
897 529 1045 560 Graecia»
1060 527 1263 569 regionibus,
1277 531 1392 557 noster
1408 526 1449 555 de
1466 526 1541 556 Bri-

837 580 962 617 tannia,
992 579 1118 617 Gallia,
1155 577 1407 616 Germaniaque
1446 575 1542 606 dicit.

839 632 1019 670 Dempstcr.

882 684 939 711 131
966 679 1154 719 Britannia]
1192 678 1323 718 Utpote
1355 676 1466 708 vicina
1494 677 1541 706 illi

837 731 1064 763 Galliaeloco.
1112 729 1227 760 Barth.

883 785 942 812 132
990 782 1199 820 Rerolutaque
1231 777 1360 820 Thetys]
1405 778 1543 809 Sursum

839 842 986 870 versum,
1002 838 1122 863 contra
1139 836 1259 861 aestum
1277 829 1470 860 venientem
1493 838 1544 860 re-

838 888 984 916 tnoacta.
1041 882 1254 913 Pulcerrime
1283 882 1437 911 Lucanus
1464 880 1543 911 hinc

838 933 1056 963 illustrandus
1074 933 1131 963 lib.
1151 942 1176 962 1.
1199 932 1207 947 ‘
1226 934 1368 971 Quaque
1380 931 1476 970 jacet
1491 930 1548 960 lit-

840 989 892 1014 tus
919 983 1058 1013 dubiuni
1093 983 1182 1023 quod
1221 987 1311 1013 terra
1351 981 1545 1021 fretumque

838 1032 1009 1063 vendicat
1028 1033 1167 1062 alternis
1185 1031 1331 1069 vicibus,
1345 1041 1421 1062 cum
1435 1030 1547 1061 fundi-

841 1089 896 1115 tur
913 1085 1032 1123 ingens
1055 1084 1227 1121 Oceanus,
1252 1083 1305 1113 vel
1328 1092 1403 1113 cum
1432 1080 1546 1112 refluis

839 1144 873 1165 se
890 1132 1050 1164 fluctibus
1067 1132 1203 1170 aufert,’
1221 1134 1286 1163 ἃς.
1331 1131 1448 1162 Barth.

884 1187 944 1216 133
980 1185 1110 1215 Rhenus
1143 1183 1281 1224 projecta
1310 1182 1427 1221 torpuit
1453 1180 1548 1221 urna]

840 1234 888 1266 At
915 1245 992 1266 cum
1020 1235 1156 1265 Rhenus
1183 1243 1287 1275 aquas
1315 1242 1391 1263 suas
1422 1232 1449 1262 si
1475 1232 1549 1273 quis

841 1287 925 1316 alius
938 1285 1116 1316 fluviorum
1130 1285 1285 1315 deorsum
1301 1288 1390 1324 agat,
1403 1283 1549 1314 iniracu-

842 1336 908 1366 luin
927 1335 1011 1366 facit
1028 1334 1234 1366 Claudianus
1250 1334 1325 1373 ipsa
1342 1333 1400 1364 illa
1418 1331 1549 1373 proflua

843 1396 931 1427 aqua
959 1385 1187 1426 obtorpuisse,
1219 1394 1284 1415 non
1315 1394 1414 1415 secus
1445 1389 1550 1424 atque

843 1446 935 1467 mare
953 1436 1049 1466 aestui
1070 1436 1140 1475 jain
1168 1435 1359 1473 imminens,
1379 1438 1415 1464 et
1432 1433 1551 1465 littora

842 1486 1094 1517 inundaturum.
1140 1486 1257 1515 Barth.

890 1537 1033 1576 l’rojecta
1059 1537 1175 1576 torpuit
1200 1534 1292 1574 urna]
1326 1534 1381 1565 Sic
1407 1532 1552 1574 Gyrald.

843 1588 989 1619 Lucens.
1003 1592 1038 1618 et
1052 1596 1111 1617 sex
1125 1586 1191 1619 alii.
1218 1585 1328 1624 Vulgo
1342 1585 1441 1615 unda:
1465 1583 1551 1614 (lixi—

844 1649 918 1670 mus
941 1639 1040 1670 Cous.
1059 1636 1184 1678 Olybr.
1206 1645 1253 1666 vs.
1271 1637 1344 1665 213.
1372 1642 1552 1674 perperam

844 1690 1017 1730 vulgatam
1032 1687 1239 1728 scripturam
1250 1689 1365 1717 tuetur
1382 1684 1553 1715 Barthius.

845 1741 890 1772 D.
908 1740 1021 1771 Heius.

890 1792 951 1820 135
975 1787 1121 1828 Severus]
1143 1786 1287 1818 Seniles.
1331 1785 1439 1816 Senes
1463 1783 1553 1815 enim

847 1839 927 1870 κατὰ
947 1838 1063 1870 παντὸς
1089 1837 1212 1877 severi,
1233 1834 1457 1877 superciliosi,
1473 1843 1554 1876 que-

848 1890 926 1930 ruli,
952 1888 1068 1920 rixosi.
1112 1886 1302 1919 Horatius:
1333 1886 1342 1903 ⁴
1363 1885 1477 1916 Multa
1504 1894 1556 1916 se-

849 1950 924 1972 nem
953 1938 1225 1972 circumveniunt
1249 1935 1476 1975 incommoda,
1500 1935 1575 1968 vel‘

851 1991 941 2034 quod
957 1989 1111 2030 Quaerit,’
1129 1992 1192 2021 ἃς.
1222 1989 1338 2021 Barth.

894 2045 957 2074 136
984 2042 1072 2073 Ficto
1089 2038 1238 2080 lang-uida
1252 2038 1358 2080 passu]
1380 2036 1500 2070 Qualis
1512 2046 1556 2068 ae-

851 2097 923 2124 tate
939 2091 1140 2124 affectorum
1159 2090 1293 2131 gradus.
1339 2090 1485 2128 serpere
1506 2096 1558 2118 se-

852 2153 925 2184 nes,
940 2153 1006 2174 non
1031 2141 1192 2173 incedere
1208 2140 1256 2171 ait
1274 2138 1454 2179 Euripides
1468 2138 1557 2169 Bac·

853 2195 934 2226 eliis·
970 2193 1085 2225 Barth.

897 2247 957 2276 137
985 2243 1124 2284 Invadit]
1146 2241 1252 2273 Vadit
1267 2241 1301 2272 in
1319 2249 1444 2272 muros.
1482 2237 1559 2269 Vir-

853 2294 974 2335 gilius:
1000 2295 1008 2311 ‘
1026 2293 1201 2324 Invadunt
1227 2291 1345 2322 urbem
1372 2298 1488 2322 somno
1513 2288 1558 2320 vi-

854 2354 965 2386 noque
981 2342 1171 2385 sepultam)
1216 2341 1332 2373 Barth.

899 2395 1019 2435 Elusae]
1051 2394 1179 2426 Civitas
1208 2393 1332 2424 Galliae
1374 2389 1556 2432 proviueiae

855 2444 1198 2486 Novempopuloniae,
1228 2442 1398 2485 quondam
1422 2440 1560 2472 nobilis-

855 2497 950 2537 sima,
977 2497 1051 2528 haec
1076 2495 1249 2527 scribente
1277 2492 1478 2531 Claudiano,
1500 2499 1558 2531 pa·

856 2547 922 2580 tria
943 2546 1058 2578 Rufini
1071 2546 1181 2587 hujus,
1200 2544 1300 2576 hodie
1317 2545 1346 2574 la
1360 2543 1429 2574 ville
1444 2541 1558 2572 ‹t'Euse

856 2608 892 2630 en
909 2598 1082 2636 Gascogne.
1127 2596 1247 2627 Barth.

900 2649 1020 2688 Elusoe]
1043 2648 1168 2686 Caesar,
1186 2646 1242 2676 lib.
1259 2654 1314 2676 111.
1330 2640 1486 2679 Tarbelli,
1500 2638 1558 2669 Bi-

857 2700 959 2740 geni,
982 2697 1156 2735 Preciani,
1178 2696 1338 2732 Vocates‚
1361 2691 1559 2726 Tarusates,

857 2751 1028 2790 Elusates,
1054 2756 1136 2789 quos
1160 2754 1271 2786 neque
1290 2741 1422 2774 Plinius
1447 2749 1557 2783 neque

1493 280 1538 311 D.
