1851 3213
317 210 432 255 1282

312 314 408 347 unde
433 314 469 348 id
484 313 529 347 sit
545 319 729 356 sumptum,
752 314 905 356 explicat
933 314 1027 345 Serv.

319 366 362 398 ad
389 366 461 399 AEn.
491 376 515 398 1.
546 377 596 398 vs.
622 369 697 398 487.
719 366 728 382 ‘
745 365 1027 405 Tendentemque

319 426 437 448 manus
461 416 633 454 inermes‚’
659 420 718 447 aut
743 416 815 446 sine
838 415 1027 455 insignibus

316 467 432 508 regiis,
443 470 667 508 scept1·o,&c.
682 470 742 497 aut
759 465 951 505 supplices:
978 469 1028 503 ut,

317 518 326 534 ‘
345 519 501 549 Dextras
521 517 700 549 tendamus
717 516 889 547 inermes?
927 515 1027 549 Quod

321 574 470 601 tractum
501 573 554 600 est
581 569 624 599 de
651 567 800 598 historia.
845 567 913 599 Qui
938 566 1028 597 enim

319 620 402 652 victi
426 630 462 651 se
487 619 630 660 dedunt,
650 618 796 648 inermes
821 617 1028 658 supplicant.

324 670 502 710 Dempster.

360 723 424 751 206
451 719 605 759 Numina]
627 719 717 749 Nota
735 716 948 757 eruptionem
960 715 1030 745 He-

322 770 449 801 roicam
465 770 618 810 pectoris
631 768 770 808 indigna
784 767 855 806 pati
870 766 1028 796 videntis.

320 819 448 860 Incipit
462 820 550 850 enim
569 818 735 848 audacter
751 826 770 846 a
785 815 1031 855 semiinjuriosa

320 869 540 901 adversorum
554 867 738 898 Numinum
754 865 1030 906 compellatione.

319 919 411 950 Talis
427 918 648 949 vehementiae
677 921 730 947 est
755 915 916 956 repetitio
939 915 1029 946 illius

320 969 369 1000 Si.
393 968 431 1000 Si
452 969 559 1008 juvat,
582 968 610 998 si
630 969 746 1008 placet,
764 966 806 997 ab
822 965 1030 1006 indignitate

321 1018 370 1050 rei
386 1029 453 1050 non
470 1022 585 1060 potest
602 1018 704 1048 avelli
723 1027 800 1048 vox.
824 1016 943 1048 Barth.

313 1098 319 1103 ,
363 1072 426 1100 207
452 1067 639 1109 Imperium]
658 1068 846 1098 Romanum
865 1067 1031 1107 Regnum.

321 1118 364 1149 Id
391 1118 612 1159 peculiariter
640 1117 704 1148 hoc
722 1117 822 1147 titulo
839 1117 980 1156 gaudet,
996 1120 1031 1147 et

321 1169 473 1209 gavisum
502 1174 556 1200 est
587 1178 694 1209 usque
716 1168 758 1198 ad
776 1171 932 1198 extrema
947 1171 1032 1197 tem-

321 1230 417 1262 pora.
461 1220 517 1251 Sic
533 1219 716 1259 Principes
743 1218 1031 1257 Constantinopo-

321 1270 418 1301 litani
435 1279 512 1300 cum
528 1269 571 1300 de
590 1278 625 1299 se
643 1273 678 1299 et
700 1268 876 1308 majestate
900 1277 959 1297 sua
986 1267 1032 1298 lo-

322 1324 522 1362 querentur,
550 1329 618 1349 non
647 1328 683 1349 se
711 1319 813 1358 ipsos,
837 1317 895 1348 sed
919 1317 1032 1357 Impe-

322 1372 408 1403 rium
424 1381 518 1402 suum
534 1370 768 1401 nominabant.
798 1369 896 1400 Idem.

369 1422 500 1453 Penitus
511 1422 547 1452 de
562 1420 675 1460 stirpe]
703 1419 818 1450 Penita
844 1419 1029 1450 Barthius:

323 1473 424 1504 aliter
439 1472 575 1503 codices
593 1471 732 1502 vetusti.
779 1469 879 1502 Quod
901 1469 928 1499 si
949 1469 1032 1500 veli-

322 1534 397 1555 mus
433 1521 625 1563 hujusmodi
663 1520 872 1552 archaismos
908 1519 1032 1559 passim

323 1583 499 1613 revocare,
514 1573 605 1603 mille
628 1571 671 1604 ad
695 1570 869 1601 minimum
886 1569 1031 1609 optimo-

323 1633 397 1655 rum
421 1624 627 1664 scriptorum
656 1623 732 1654 loca
755 1625 856 1652 erunt
881 1621 1031 1660 interpo-

323 1674 439 1714 landa,
454 1675 511 1705 ubi
536 1675 661 1714 penitus
681 1672 757 1713 pari
781 1670 1031 1711 significatione

323 1725 487 1756 occurrit.
510 1725 554 1755 D.
571 1724 686 1754 Heins.

367 1778 431 1807 203
455 1775 563 1806 Deleri
591 1772 709 1812 secula]
746 1772 942 1802 Humanum
974 1780 1031 1811 ge-

325 1836 401 1865 nus,
427 1825 517 1867 quod
540 1824 641 1855 modo
658 1822 890 1854 enarravimus
908 1823 1030 1852 Roma-

322 1888 366 1909 no
384 1877 535 1917 Imperio
564 1885 624 1916 per
641 1873 859 1905 ambitionem
885 1872 1030 1903 censeri.

324 1930 380 1960 Sic
397 1930 524 1960 Lucan.
537 1927 596 1958 lib.
611 1935 680 1958 vu.
703 1925 712 1942 ‘
733 1928 811 1955 sunt
827 1924 923 1954 nobis
937 1923 1031 1953 nulla

324 1979 483 2020 profecto
509 1978 672 2016 Numina,
693 1985 768 2006 cuin
786 1984 880 2005 caeco
897 1974 1031 2013 rapian-

326 2034 382 2060 tur
407 2029 522 2060 secula
545 2036 637 2058 casu.
684 2024 873 2056 Mentimur
889 2032 1031 2063 regnare

325 2078 474 2111 Jove1n.’
499 2078 615 2108 Barth.

367 2131 431 2160 209
466 2127 604 2159 Humani
639 2125 780 2165 generis]
818 2124 919 2158 Quod
943 2134 1032 2156 coni-

326 2179 464 2218 plexum
494 2178 686 2208 Romanum
720 2175 906 2215 Imperium
935 2179 1033 2214 puta-

326 2229 442 2267 batur,
469 2228 622 2269 adeoque
639 2237 715 2258 cum
731 2227 795 2257 hoc
811 2226 885 2266 ipso
904 2225 1032 2264 vivere,

325 2276 461 2317 florere,
477 2277 605 2317 vigere.
633 2277 732 2307 Idem.

370 2330 433 2358 210
456 2327 600 2358 Libertas
616 2326 733 2367 effiena
751 2324 862 2364 maris]
895 2325 1032 2365 Tempes-

326 2382 377 2409 tas
392 2387 535 2413 voesana;
564 2378 662 2417 prim.
680 2376 841 2407 Vatican.
870 2380 905 2405 et
922 2384 982 2415 pro
995 2376 1033 2406 Ii-

327 2429 403 2460 mite
430 2429 525 2467 nullo,
546 2428 633 2466 justo
665 2427 756 2458 idem
787 2436 863 2457 cum
890 2426 1033 2465 Gyrald.

326 2479 471 2511 Lucens.
487 2483 522 2509 et
538 2478 667 2509 duobus
685 2478 838 2507 Florent.
866 2486 904 2506 ac
923 2477 1032 2506 trihus

327 2530 424 2561 aliis:
463 2528 602 2569 optime.
646 2529 773 2558 Justum
793 2527 922 2557 limitem
948 2537 1033 2567 prae-

327 2581 492 2622 scriptum
516 2583 637 2609 vocat:
667 2579 715 2608 sic
742 2578 800 2607 lib.
827 2586 852 2607 1.
869 2577 912 2607 dc
930 2578 1033 2617 Rapt.

326 2630 335 2649 ‘
354 2630 439 2661 Cum
452 2628 686 2668 seminajustis
698 2628 900 2658 Discessere
915 2627 997 2657 locis
1012 2626 1031 2657 :'

328 2679 495 2721 quomodo
524 2679 592 2710 illic
620 2678 709 2709 idem
736 2678 937 2722 Yasscanus,
966 2687 1033 2707 non

319 2731 435 2770 jussis.-
469 2729 516 2760 sic
537 2730 657 2768 justam
685 2729 864 2768 temperiem
891 2728 1032 2767 Nuptiis

330 2778 490 2822 Honorii,
513 2782 549 2812 et
575 2779 702 2811 Justum
734 2777 921 2810 discrimen:
949 2775 1034 2809 ibid.

585 220 729 251 No'rAE
765 219 1030 251 VARIORUM

1065 218 1117 248 IN
1151 218 1226 250 ct..
1260 217 1446 249 CLAUD.
1478 215 1522 246 V.

1074 313 1084 331 ‘
1104 314 1214 346 Quam
1234 314 1331 354 justo
1356 311 1481 344 leviter
1497 319 1572 343 sese
1588 300 1783 343 discrimine

1077 363 1211 395 confert
1239 364 1369 395 Umbra
1395 361 1569 403 supercilii
1583 361 1604 393 :’
1626 362 1676 393 ita
1692 362 1782 394 enim

1077 413 1238 453 Isingrini
1254 414 1375 445 codex.
1403 415 1448 445 D.
1467 413 1582 444 Heius.

1121 464 1266 504 Effizena
1282 464 1392 503 maris]
1431 464 1520 495 Nam
1542 463 1637 493 velut
1665 461 1785 493 fraenis

1077 520 1135 546 aut
1166 515 1309 546 habenis
1335 524 1471 546 cursum
1489 512 1621 545 Oceani
1638 511 1786 543 detineri

1077 577 1095 598 a
1113 567 1185 598 Deo
1213 567 1414 606 credebant,
1445 574 1487 596 ne
1516 565 1690 606 prolueret
1714 563 1788 594 uni-

1077 627 1212 649 versum
1239 619 1367 649 orbem.
1410 617 1501 648 Vide
1529 615 1573 647 ad
1589 614 1672 646 illud
1687 613 1745 646 lib.
1761 623 1788 647 1.

1079 678 1204 708 supra:
1228 670 1236 686 ‘
1255 667 1555 709 Praescriptosque
1577 665 1662 697 mari
1678 664 1788 698 fines?

1078 718 1194 749 Barth.

1121 768 1239 799 Limite
1254 769 1337 798 nullo
1351 767 1485 807 Devius]
1511 768 1610 799 Idem
1629 768 1786 799 Lucanus

1080 817 1122 848 de
1161 827 1276 849 errore
1313 819 1540 850 Phaethontis
1579 819 1614 849 in
1652 819 1759 850 Iliaco
1778 828 1787 850 z

1081 868 1090 884 ‘
1108 872 1243 908 raptum
1257 874 1452 899 transverso
1467 869 1575 900 limite
1588 869 1664 900 coeli
1678 869 1790 899 Flam·

1080 919 1164 949 mati
1181 919 1399 950 Phaethonta
1416 918 1483 959 poli
1501 918 1641 950 videre?
1687 919 1787 951 Idem.

1122 972 1184 1000 211
1222 969 1387 1000 Phaethon
1430 968 1597 1006 confundat
1636 968 1787 1008 habenas]

1078 1019 1152 1050 Tali
1184 1019 1284 1050 modo
1310 1018 1499 1060 periturum
1523 1017 1684 1050 mundum
1701 1020 1789 1050 ario-

1080 1068 1239 1100 labantur
1258 1075 1409 1108 veteres,
1429 1073 1468 1100 ut
1485 1069 1598 1100 sidera
1614 1068 1788 1100 ordinario

1081 1129 1141 1150 suo
1165 1129 1263 1150 cursu
1294 1124 1408 1150 emota
1433 1119 1546 1149 omnia
1569 1118 1684 1150 forent
1700 1128 1793 1150 com·

1080 1169 1234 1201 bustura.
1268 1170 1450 1200 Lucanus:
1487 1170 1495 1183 ‘
1514 1179 1590 1200 cum
1622 1178 1789 1209 compage

1081 1220 1191 1250 soluta
1200 1220 1324 1251 Secula
1342 1224 1393 1250 tot
1407 1218 1523 1249 mundi
1540 1227 1698 1259 suprema
1715 1218 1792 1249 coe'-

1082 1270 1171 1309 gerit
1187 1271 1299 1309 horas,
1328 1269 1518 1310 Antiquum
1544 1274 1706 1309 repetent
1730 1270 1794 1300 ite·

1081 1329 1154 1350 rum
1167 1320 1275 1350 Chaos
1290 1331 1296 1350 :
1316 1320 1429 1350 onmia
1446 1318 1553 1350 mistis
1564 1319 1686 1351 Sidera
1701 1319 1790 1351 side-

1082 1370 1174 1400 ribus
1188 1369 1418 1408 c‹›ncurrent‚’
1433 1371 1497 1400 &c-
1536 1369 1635 1400 Idem.

1125 1422 1188 1451 213
1214 1420 1284 1450 Hoc
1314 1423 1438 1451 auctore
1479 1419 1591 1460 pudet]
1636 1419 1792 1451 Imitatio

1083 1475 1135 1501 est
1166 1470 1321 1511 ejusdem
1352 1471 1480 1501 Lucani
1507 1470 1688 1501 contrariae
1715 1479 1791 1501 sen-

1083 1521 1201 1551 tentiae
1229 1520 1265 1551 in
1288 1520 1521 1551 adulationem
1547 1519 1697 1551 Neronis
1714 1529 1792 1560 pro-

1082 1571 1184 1602 latae:
1215 1571 1373 1601 ‘scelera
1404 1570 1478 1611 ipsa
1508 1569 1672 1610 nefasque
1713 1569 1792 1601 Hae

1082 1620 1243 1651 mercede
1258 1620 1418 1661 placent.'
1457 1621 1554 1652 Idem.

1126 1672 1245 1703 Mediis
1260 1682 1436 1703 revocamur
1451 1672 1488 1702 ab
1501 1671 1597 1702 armis
1613 1671 1677 1702 Pro
1693 1671 1793 1712 dolor]

1084 1723 1220 1754 Primus
1252 1725 1438 1755 Vaticanus
1462 1727 1620 1755 revocatus
1642 1724 1680 1755 ab
1695 1724 1795 1756 armis

1081 1773 1199 1813 Ardor,
1215 1777 1245 1804 et
1259 1775 1432 1805 adstrictos.
1457 1774 1499 1804 D.
1516 1774 1638 1806 Heius.

1125 1826 1189 1854 216
1212 1824 1368 1855 Permitto
1384 1824 1521 1855 cladibus
1537 1824 1660 1865 orbem]
1701 1826 1792 1857 Casi-

1083 1872 1137 1904 bus
1153 1874 1317 1904 Lucensis
1333 1885 1339 1904 :
1358 1874 1444 1906 bene
1463 1886 1470 1906 :
1497 1875 1639 1915 Gyrald.
1669 1874 1792 1907 casibus·

1082 1923 1211 1955 hostem.
1237 1924 1324 1955 Stat.
1341 1924 1446 1956 Theb.
1464 1935 1495 1956 v.
1514 1936 1522 1956 :
1545 1925 1554 1941 ‘
1572 1925 1697 1956 victam
1716 1936 1793 1965 pro-

1077 1974 1167 2014 jecit
1184 1974 1318 2005 casibus
1336 1977 1469 2006 artem)
1513 1975 1595 2005 Mox
1617 1984 1678 2015 pro
1697 1976 1793 2015 Eous,

1084 2025 1161 2055 Eois
1193 2025 1311 2065 scripti
1362 2025 1542 2056 meliores:
1581 2029 1618 2055 ut
1648 2024 1792 2056 Barthio

1084 2075 1263 2115 scrupulus
1275 2075 1347 2115 jam
1362 2076 1406 2106 sit
1419 2079 1598 2115 exemptus
1614 2076 1792 2116 superhoc

1084 2124 1180 2155 loco:
1205 2129 1240 2156 et
1266 2126 1397 2157 Parcere
1414 2135 1476 2166 pro
1495 2126 1624 2157 Parcite
1642 2126 1792 2157 Lucens.

1085 2175 1183 2206 Idem.

1129 2226 1286 2257 Permitto
1315 2226 1452 2257 cladibus
1481 2225 1597 2265 orbem]
1634 2225 1791 2256 Imitatio

1086 2276 1226 2315 Lucani,
1243 2277 1301 2320 lib.
1321 2286 1408 2308 vm:
1433 2278 1441 2292 ‘
1456 2276 1659 2316 morbosque
1683 2274 1791 2306 fluen-

1085 2327 1148 2356 teis
1173 2326 1402 2367 Insanamque
1431 2324 1565 2364 famem,
1595 2324 1791 2365 permissas-

1085 2385 1150 2416 que
1179 2376 1314 2416 ignibus
1345 2375 1467 2407 urbes.’
1513 2376 1648 2406 Summa
1673 2380 1789 2406 autem

1084 2427 1174 2457 Laus
1209 2427 1406 2457 Stilichonis
1444 2425 1678 2457 imminentem
1715 2425 1791 2456 orbi

1085 2481 1251 2507 terrarum
1282 2476 1470 2516 perniciem
1497 2485 1562 2506 non
1587 2475 1790 2515 sine‘ipsius

1084 2526 1305 2565 permissione
1319 2526 1454 2556 immitti
1466 2525 1585 2566 spatiis
1596 2525 1663 2555 suis
1674 2534 1789 2565 posse.

1085 2577 1201 2608 Barth.

1127 2629 1188 2657 217
1214 2627 1333 2657 Redeat
1352 2626 1421 2665 jam
1449 2626 1536 2656 miles
1566 2625 1666 2665 Eous]
1710 2626 1789 2657 Hoc

1084 2677 1228 2717 est,jau1
1246 2678 1474 2708 Romanarum
1490 2682 1526 2707 et
1542 2685 1623 2706 vere
1641 2675 1789 2706 virilium

1084 2726 1230 2766 partium
1254 2725 1443 2766 transfuga,
1466 2725 1539 2766 jan]
1559 2724 1790 2756 Orientalium

1084 2786 1216 2809 morum
1249 2776 1408 2819 famulus,
1444 2775 1578 2818 redeat,
1602 2774 1788 2818 praeceptis

1848 238 1851 312 '1
