1852 3182
658 220 1040 251 EPIGRAMMATA.

1456 211 1568 251 1179

118 324 179 365 Ut
199 321 348 377 possis
368 321 607 361 monstrare
630 316 788 364 Deum,
805 328 859 355 ne
880 314 1076 355 lubricus
1096 327 1225 363 error,

118 391 176 431 Et
197 391 380 442 decepta
401 386 476 426 diu
496 384 608 425 varii
639 383 820 424 solertia
842 382 1002 430 mundi,

119 456 306 497 Pectora
327 459 414 494 tam
437 453 586 492 multis
610 451 772 491 sineret
792 449 996 489 mortalia
1017 447 1164 489 saeclis

117 522 354 563 Auctorem
378 521 547 560 nescire
569 531 710 558 suum.
768 517 833 557 Te
860 517 1041 557 conscia
1063 518 1215 568 partus
1520 512 1574 551 15

119 590 278 637 Mater,
301 594 341 628 et
363 588 532 628 attoniti
556 585 773 638 pecudum
795 596 970 623 sensere
992 583 1184 623 timores.

117 655 182 696 Te
202 668 319 695 nova
341 655 516 694 solicito
537 653 772 693 lustrantes
800 650 947 690 sidera
966 651 1065 690 visu

117 721 172 762 In
193 721 311 762 coelo
332 720 480 761 videre
502 720 640 773 prius,
662 719 894 769 lumenque
923 716 1062 756 secuti

117 787 327 829 Invenere
352 787 490 839 Magi.
549 785 619 826 Tu
639 784 776 824 noxia
797 789 977 836 pectora
997 783 1150 832 solvis,

118 855 397 909 Elapsasque
418 855 585 894 animas
603 853 647 892 in
669 863 852 904 corpora
872 850 1020 890 functa
1041 848 1233 898 reducis,
1522 848 1577 889 20

121 923 179 964 Et
197 923 332 963 vitam
352 934 546 963 remeare
561 919 705 973 jubes.

767 917 836 957 Tu
855 917 951 968 lege
973 917 1135 969 recepti

120 988 335 1038 Muneris,
359 989 414 1029 ad
439 988 593 1027 Manes
613 988 834 1038 penetraS,
856 983 1093 1035 mortisque
1115 983 1311 1023 latebras

122 1055 388 1097 Immortalis
410 1055 531 1095 adis:
564 1052 690 1092 nasci
711 1051 790 1090 tibi
811 1063 908 1089 nam
929 1049 1011 1088 fuit
1032 1050 1105 1089 uni

120 1121 410 1176 Principium,
433 1122 618 1174 finisque
639 1118 773 1160 mori:
806 1117 886 1157 sed
905 1120 1033 1157 nocte
1055 1115 1214 1164 refusa,

119 1241 155 1263 ac
166 1231 238 1272 pati
253 1231 466 1262 incommoda
489 1230 633 1267 hominis,
649 1239 706 1270 quo
721 1231 823 1260 valeas
844 1229 1002 1259 ostendere
1020 1227 1131 1264 Deum,
1148 1235 1184 1256 ne
1200 1221 1440 1262 errorsragilis,
1455 1225 1484 1253 et
1502 1232 1577 1262 pru-

119 1274 226 1305 aientia
237 1273 318 1305 orbis
333 1274 447 1305 diversi
462 1274 515 1303 diu
531 1275 649 1309 delusa,
660 1273 854 1312 permitteret
871 1272 987 1301 animos
1000 1269 1157 1300 hominum
1176 1277 1236 1307 per
1250 1271 1294 1297 tot
1310 1266 1420 1297 scocula
1435 1265 1581 1304 ignorare

120 1326 209 1347 eum
222 1320 402 1348 creatorem.
431 1317 538 1346 Mater
554 1321 622 1353 tua,
636 1315 781 1351 Christe,
796 1314 912 1344 conscia
927 1316 1036 1352 partus
1051 1315 1081 1342 te
1097 1310 1269 1347 coanovit,
1285 1312 1315 1339 et
1328 1309 1456 1348 pecudes
1471 1307 1583 1338 timen-

121 1362 168 1389 tes
182 1364 218 1389 et
231 1358 449 1398 obstupefacta:
464 1362 654 1396 agnoverunt
682 1363 727 1387 te.
753 1357 845 1395 Magi
867 1356 1059 1385 observantes
1079 1354 1174 1384 oculis
1189 1354 1318 1382 curiosis
1333 1352 1457 1381 stellam
1473 1358 1582 1380 novam

121 1404 309 1441 aspexerunt
331 1405 360 1432 te
381 1401 470 1440 prius
495 1401 526 1430 in
554 1401 649 1438 Coelo,
672 1403 702 1430 et
717 1402 876 1439 sequentes
900 1400 995 1428 lucem
1019 1399 1197 1435 repererunt
1215 1400 1259 1425 te.
1309 1394 1352 1424 Tu
1376 1401 1465 1424 sanas
1489 1392 1582 1421 corda

121 1443 283 1483 lang-uida,
309 1447 337 1474 et
354 1453 476 1474 recoctis
491 1443 523 1473 in
548 1443 682 1473 membra
711 1445 831 1472 mortua
855 1442 975 1471 animas
997 1438 1206 1479 effitgientes;
1230 1440 1321 1476 atque
1336 1436 1471 1475 imperas
1485 1434 1582 1464 citam

122 1486 234 1518 redire.
279 1486 326 1516 Tu
340 1487 433 1516 tilulo
447 1485 616 1524 provinciae
640 1484 702 1515 tibi
728 1484 933 1522 demandam,
958 1481 1115 1512 descendis
1130 1481 1169 1510 ad
1194 1479 1326 1516 Inserus,
1343 1484 1377 1508 et
1394 1478 1458 1517 ipse
1473 1476 1584 1506 mortis

124 1537 234 1569 expers
246 1528 345 1559 intras
359 1528 515 1567 ergastula
530 1528 656 1558 mortis:
681 1527 793 1557 etenim
807 1524 1007 1562 initiumfuit
1025 1523 1082 1554 tibi
1097 1523 1149 1553 uni
1169 1522 1265 1562 nasci,
1282 1521 1396 1562 etfinis
1411 1519 1500 1550 mori.
1539 1517 1583 1549 At

739 1608 973 1620 eeeeeeeeeeee

125 1672 167 1701 22
191 1669 339 1701 Numinis
368 1677 430 1710 pro
455 1666 600 1699 Muneris
628 1664 779 1697 malebat
802 1664 1008 1696 Heins.—23
1032 1661 1168 1700 nonfuit
1184 1659 1304 1691 Barth.
1342 1667 1413 1688 nam
1429 1657 1508 1687 haud
1518 1656 1586 1693 fuit

785 1753 926 1787 NOTAE

127 1836 339 1876 nem,Deum
356 1833 601 1875 aspectabilem
614 1831 830 1869 ostenderet;

129 1887 246 1929 sicque
263 1886 407 1917 doceret
433 1885 529 1924 alios,
550 1884 560 1900 ⁴
578 1887 739 1925 tanquam
755 1891 832 1913 auc-

130 1938 305 1970 toritatem
321 1935 474 1967 habens.’

173 1991 215 2020 12
237 1988 388 2019 Lubricus
399 1988 500 2028 error]
525 1987 628 2018 Error
645 1985 703 2027 qni
720 1983 834 2015 reddit

131 2038 282 2070 homines
305 2037 466 2075 lubricos,
492 2041 527 2067 et
543 2036 635 2066 casui
658 2033 833 2070 obnoxios,

132 2088 226 2129 quasi
244 2096 307 2127 per
324 2087 411 2116 viam
429 2086 538 2126 glacie
564 2086 728 2116 lubricam
745 2083 833 2114 ince-

135 2139 266 2169 derent.

176 2191 216 2220 13
232 2188 371 2227 Decepta
387 2185 524 2225 solertia]
542 2185 581 2217 Id
600 2191 663 2226 est,
688 2184 834 2226 pruden-

135 2244 186 2271 tes
204 2239 296 2269 vario
315 2248 431 2268 errore
449 2237 566 2268 delusi.

181 2288 397 2328 Variimumli]
416 2288 455 2318 Id
471 2293 534 2327 est,
547 2286 714 2317 hominum
726 2284 836 2318 diver-

134 2350 247 2372 sorum
262 2350 322 2380 per
339 2339 452 2369 orbem
470 2339 536 2368 late
553 2336 793 2376 dispersorum.

178 2393 219 2422 16
241 2390 382 2421 Attoniti
399 2389 549 2429 pecudum
566 2384 704 2425 timores]
724 2384 836 2415 Timor

135 2439 304 2481 pecudum
317 2440 536 2470 attonitorum
546 2435 711 2467 iudicavit
724 2435 836 2466 Deum

136 2500 210 2521 esse
225 2490 281 2531 qui
300 2495 506 2520 nasceretur.

178 2543 218 2572 18
244 2540 282 2571 In
308 2540 380 2570 coelo
408 2540 513 2569 videre
531 2536 637 2578 prius]
659 2535 753 2575 Magi
781 2535 838 2566 ol)-

138 2594 310 2621 servantes
339 2589 373 2619 in
405 2589 498 2620 Coelo
532 2596 652 2617 novam
691 2585 839 2623 stellam,

140 2639 217 2669 inde
234 2640 453 2680 conjecerunt
473 2638 613 2678 justitiae
636 2636 747 2666 Solem
765 2645 838 2665 nas-

141 2688 307 2727 citurum3
341 2694 376 2720 et
399 2689 509 2720 secuti
535 2687 677 2719 eandem
705 2687 838 2718 stellam

140 2738 149 2754 ‘
167 2737 368 2769 invenerunt
390 2748 530 2780 puerum
547 2747 623 2769 curn
640 2736 752 2768 Maria
768 2736 841 2767 Ma-

885 1834 939 1861 tre
968 1827 1067 1870 ejus,’
1099 1827 1132 1857 in
1167 1825 1301 1857 stabulo
1337 1822 1589 1861 BethlemiticQ

884 1881 894 1897 ‘
920 1884 956 1910 et
981 1877 1201 1920 procidentes
1231 1876 1459 1906 adoraverunt
1487 1872 1588 1904 eum.'

886 1928 982 1970 Magi
998 1933 1113 1960 autem
1129 1930 1228 1958 erant
1246 1923 1442 1964 Philosophi
1458 1923 1591 1963 sapien·

888 1978 1198 2019 tissimi,iidemque
1214 1975 1422 2014 sacerdote5‚
1432 1973 1512 2014 ipsis
1524 1973 1590 2004 Re-

889 2030 985 2071 gibus
1001 2027 1198 2066 venemndi,
1218 2031 1320 2067 atque
1339 2025 1444 2056 etiam
1460 2024 1590 2065 Regum

889 2079 1023 2111 nomine
1039 2078 1262 2109 cohonestati.

933 2133 973 2161 19
999 2129 1106 2160 Noxia
1127 2127 1268 2169 pectora]
1289 2127 1343 2157 Tu
1360 2125 1460 2156 solvis
1483 2128 1519 2155 et
1542 2133 1591 2154 sa-

891 2191 948 2212 nas
964 2181 1132 2211 hominum
1149 2187 1294 2217 corpora
1308 2175 1426 2207 morbo
1442 2173 1593 2205 laboran-

892 2232 951 2270 tia,
987 2235 1022 2261 et
1057 2229 1229 2269 praecipue
1269 2226 1394 2257 animas
1434 2224 1590 2256 vitiorum

892 2281 992 2313 noxia
1009 2285 1105 2321 peste
1121 2277 1279 2309 infectas.

935 2335 975 2363 24
1010 2330 1214 2370 Principium,
1233 2328 1369 2370 finisque
1394 2324 1489 2365 mori]
1526 2323 1591 2354 Uni

894 2383 1027 2414 Christo
1045 2381 1180 2412 initium
1191 2378 1256 2409 fuit
1272 2377 1378 2415 nasci,
1394 2380 1429 2407 et
1444 2374 1592 2405 laborum

892 2432 966 2464 finis
983 2431 1080 2469 morl,
1091 2439 1236 2471 moxque
1251 2428 1379 2459 virtute
1396 2423 1531 2466 propria
1545 2431 1594 2452 re-

893 2492 1052 2523 surgere3
1088 2481 1141 2511 vel
1165 2479 1318 2511 Christus
1343 2486 1382 2507 eo
1412 2474 1478 2505 fine
1500 2471 1592 2503 nasci

894 2533 1013 2571 voluit,
1030 2537 1067 2563 ut
1083 2534 1282 2562 moreretur.

939 2584 1038 2614 Nocte
1068 2580 1186 2620 refusa]
1226 2579 1292 2610 Alii
1320 2578 1436 2617 legunt
1462 2572 1592 2608 reclusa,

895 2638 953 2665 ant
968 2636 1084 2671 retusa,
1101 2631 1136 2662 id
1153 2636 1218 2669 est,
1231 2629 1393 2666 discussa,
1404 2633 1462 2656 seu
1477 2619 1593 2653 mortis

895 2683 1047 2715 tenebris
1063 2680 1244 2720 dissipatis.
