1852 3182
269 254 346 283 GL.
374 251 656 282 CLAUDIAM
690 251 753 282 CI.
783 251 979 282 LAUDES
1012 253 1279 285 HERCULlS.

1410 248 1521 288 1185

64 357 302 411 Ingredior,
324 359 557 410 laurosque
578 371 747 410 gemm,
769 363 813 399 et
833 358 969 400 florea
992 359 1118 399 sertis

63 423 285 478 Tempora
305 424 452 464 vincta
474 424 574 473 tuis,
598 424 826 465 doctorum
847 439 1027 467 munera
1047 431 1213 467 vatum.

63 491 221 532 Testor
238 491 377 531 adhuc
399 495 585 541 veteres,
607 493 807 544 quamvis
823 492 1044 542 desuetus,
1062 493 1262 534 honores,

64 558 249 599 Alcides
271 558 374 599 mihi
396 571 568 599 carmen
592 560 686 607 erit,
709 572 912 609 germana
931 559 1147 600 Tonantis

1466 561 1522 601 10

62 623 313 678 Progenies,
332 625 486 677 dignus
507 627 624 666 credi
642 630 746 680 post
766 628 936 668 viscera
957 641 1127 677 numen,

63 690 246 743 Semper
267 691 324 732 ob
346 692 584 734 immensos
605 693 757 734 invicti
779 694 949 734 roboris
971 699 1118 735 festus,

62 756 158 798 Nec
177 759 298 799 nasci
320 759 521 811 potuisse
542 767 694 802 vacat:
726 772 827 800 nam
847 761 961 802 lucis
984 762 1026 801 in
1049 762 1175 815 ipsis,

61 824 248 878 Inclyte‚
267 827 513 880 principiis,
537 828 661 868 tardo
683 828 761 869 vix
786 828 927 869 editus
950 833 1060 878 ortu,

63 891 227 933 Fecisti
250 893 304 934 de
328 898 449 947 patre
471 894 613 935 fidem.

676 895 764 936 Sed
786 908 865 936 cnr
886 896 990 936 mihi
1013 896 1141 937 lentis

1465 898 1523 939 15

60 958 200 1000 Ludis
220 961 377 1010 adhuc,
401 961 624 1015 Cyrrhaee‚
648 962 803 1010 modis,
825 965 1103 1015 tenerumque
1123 963 1341 1005 resultans

63 1026 333 1069 Luxuriante
354 1029 472 1071 leves
494 1029 685 1082 impellis
708 1029 869 1081 pollice
898 1028 1118 1069 chordas?

61 1093 187 1135 Pone
205 1096 420 1146 habitum,
443 1109 529 1150 quo
547 1097 691 1137 mollis
714 1109 836 1136 amas
855 1110 865 1146 ;
897 1101 939 1137 et
959 1096 1125 1137 frondis
1147 1102 1308 1139 amatae

62 1161 233 1215 Linque
252 1175 420 1212 nemus,
440 1163 648 1216 mollique
670 1167 828 1203 exutus
848 1167 1044 1216 tempora
1062 1164 1186 1205 lauro

60 1228 260 1283 Populea
278 1243 451 1271 mecum
472 1243 646 1272 carmen
667 1231 832 1272 luctare
854 1232 937 1272 sub
955 1232 1121 1273 umbra.

1464 1232 1522 1274 20

60 1352 230 1374 consessum
240 1345 325 1373 tuum
330 1342 458 1381 serens
468 1344 580 1385 lauros
595 1347 624 1375 et
637 1345 887 1394 caputfloridivn
899 1344 1219 1385 coronntnmfloribus
1231 1345 1294 1375 tuis
1299 1354 1386 1385 ,quce
1396 1344 1524 1384 praemia

59 1391 136 1416 sunt
153 1385 323 1416 Po'e'larum
338 1387 659 1422 e111111tor11n1E00
684 1387 842 1427 profero'
836 1398 868 1417 in
885 1388 1095 1418 testimonium
1110 1388 1209 1418 adhuc
1228 1388 1356 1418 honores
1370 1387 1523 1425 antiquos,

61 1429 119 1458 etsi
146 1437 205 1458 non
230 1432 369 1458 assuetus
395 1429 550 1467 amplius.
596 1430 747 1460 Hercules
778 1431 838 1460 erit
866 1430 943 1459 mihi
976 1436 1212 1467 monimentum
1255 1440 1406 1466 z·‚ersnnm
1431 1429 1525 1470 filius

62 1480 150 1501 cerus
165 1471 240 1502 Jox
235 1480 260 1500 is
281 1469 495 1509 fulminantis,
510 1482 573 1502 mer
576 1471 638 1501 itu<
653 1472 759 1502 haberi
778 1473 863 1503 Deus
876 1476 944 1511 post
963 1476 1062 1502 ortum
1082 1483 1178 1502 sunni
1195 1482 1312 1520 semper
1326 1475 1451 1511 propter
1467 1472 1523 1501 im-

58 1516 148 1552 petus
164 1513 298 1543 insuetos
322 1513 435 1543 tir-ium
462 1513 690 1545 indomithum
738 1515 803 1545 Nec
826 1515 916 1545 licuit
945 1515 1004 1545 tibi
1026 1515 1162 1554 potuisse
1178 1516 1284 1549 misem
1311 1525 1381 1544 nam
1402 1514 1434 1544 z'n
1450 1514 1524 1553 ipsis

59 1556 160 1585 iniciis
176 1556 261 1593 ritae,
285 1565 303 1586 o
319 1555 485 1587 Hercules
503 1557 645 1595 illustris,
661 1567 744 1595 (egre
768 1557 898 1587 emissus
913 1557 946 1586 in
969 1558 1078 1587 lucem
1103 1561 1195 1597 partu
1212 1558 1305 1591 lento
1321 1556 1456 1596 prohasti
1470 1567 1524 1596 pa·

60 1600 150 1628 trem.
197 1599 239 1628 At
255 1607 358 1637 quare,
385 1608 404 1629 o
422 1597 545 1637 Apollo
564 1599 726 1638 Cyrrhcee,
750 1599 830 1629 ludis
855 1600 955 1629 adhuc
970 1599 1110 1629 cantibus
1128 1601 1203 1629 adeo
1221 1599 1372 1635 mollibus,
1390 1603 1419 1629 «t
1444 1608 1524 1629 ,eso-

61 1650 138 1671 nans
152 1640 284 1670 dulciter
297 1642 400 1680 pulsas
415 1640 529 1679 digitis
544 1641 668 1670 las-civis
687 1641 817 1671 chordas
832 1642 910 1671 lez-es
922 1639 936 1671 '3
974 1642 1098 1681 Depone
1112 1646 1235 1679 restem,
1251 1652 1309 1681 qua
1325 1641 1394 1679 agis
1409 1645 1525 1671 annito-

60 1692 138 1722 rem,
154 1686 184 1713 et
205 1684 308 1714 desere
322 1684 440 1723 sylram
455 1683 598 1713 arborum
621 1683 806 1722 amicarum,
821 1687 851 1714 et
871 1693 985 1714 exuens
999 1687 1090 1724 caput
1105 1684 1189 1714 lauro
1206 1684 1280 1723 leni,
1297 1683 1405 1714 conde
1423 1693 1525 1714 versus

681 1765 914 1777 eeeeeeeeeeee

62 1814 157 1850 tuam,
185 1821 256 1842 nam
273 1821 351 1842 nunc
367 1810 444 1842 ΑΜ.
472 1811 713 1852 Messanamque
729 1814 814 1842 tuam
832 1810 1202 1852 Ising1.Gryph.——1o
1222 1811 1363 1841 Romana
1376 1810 1525 1842 Tonantis

65 1853 141 1885 Ald.
169 1854 290 1894 Isingr.
315 1854 448 1895 Gryph.
475 1865 534 1885 non
563 1865 640 1885 rana
666 1854 791 1894 Scalig.
821 1854 940 1886 Barth
944 1857 1028 1885 —12
1068 1854 1128 1885 Cui
1154 1863 1246 1894 super
1275 1854 1437 1884 immensos
1461 1863 1523 1893 pio

62 1894 189 1938 Semper
200 1896 237 1927 ob
243 1878 362 1928 OLivin.
389 1897 450 1928 θυι
465 1906 583 1938 semper
599 1897 760 1928 immensos
775 1896 852 1928 Ald.
878 1898 911 1928 in
937 1898 1098 1928 immensos
1125 1897 1250 1937 Isingr.
1279 1896 1411 1937 Gryph.
1438 1900 1526 1927 actus

721 1971 863 2003 '³101‘AE

65 2043 141 2065 men
157 2035 274 2066 mallet
292 2035 533 2075 Hippocrenoeos
551 2036 698 2067 victorem
722 2035 768 2066 in-

64 2083 296 2121 sisterefontes.
320 2085 362 2115 Id
376 2084 467 2126 qnod
485 2086 588 2116 etiam
605 2086 684 2116 milii
700 2096 767 2116 ma-

64 2134 114 2175 gis
131 2134 309 2165 arrideret.

108 2183 399 2225 Imisterefcmtem]
424 2185 464 2216 Id
479 2186 702 2226 est‚ingredi;
730 2190 767 2217 ut

65 2234 155 2275 apud
185 2235 363 2275 Virgilium
381 2246 388 2265 :
427 2237 435 2252 ‘
456 2236 550 2266 Nulli
587 2235 638 2267 fas
673 2240 767 2267 casto

63 2284 265 2316 sceleratum
284 2285 438 2317 insistere
456 2286 581 2317 limen.'

107 2337 126 2366 8
162 2335 334 2366 Doctorum
360 2346 487 2367 munera
516 2335 636 2376 rutum]
681 2337 767 2369 Qum

64 2389 141 2417 sunt
167 2386 221 2417 vel
245 2386 342 2426 lauri,
367 2387 419 2417 vel
443 2385 594 2426 hederae,
617 2392 655 2418 ut
676 2386 767 2427 apud

66 2435 266 2467 Horatium:
310 2437 319 2452 ‘
342 2437 596 2477 Doctarumque
632 2436 767 2468 hederae

65 2485 206 2526 praemia
221 2485 407 2517 frontium.’

107 2540 128 2568 9
153 2536 274 2577 Testor]
311 2537 416 2569 Quasi
445 2536 589 2576 diceret,
605 2538 678 2578 Ego
701 2547 767 2568 non

67 2596 139 2617 sum
155 2586 189 2617 in
208 2587 365 2618 Parnassi
381 2588 506 2628 templo
516 2597 622 2618 novus
636 2587 768 2627 hospes,

67 2646 173 2667 novus
190 2637 330 2676 advena,
345 2647 420 2668 cuin
438 2638 561 2677 possim
576 2637 610 2668 id
622 2638 768 2678 probare

70 2685 263 2717 testimonio
291 2687 468 2727 honorum,
495 2698 579 2729 quos
605 2698 669 2728 ego
696 2698 766 2719 sum

69 2741 279 2768 consecutus.

113 2787 281 2827 Desuetus]
294 2787 371 2819 Jam
387 2794 535 2821 remotus
550 2801 570 2821 a
582 2790 769 2822 condendis

161 2839 274 2882 Delph.
291 2844 321 2872 et
340 2841 415 2874 Var.
433 2844 517 2874 Clas.

749 2844 859 2875 Claud.

822 2034 1040 2073 carminibus,
1066 2039 1101 2066 et
1125 2035 1286 2066 desuetus
1302 2038 1409 2066 artem
1428 2044 1526 2076 repo-

821 2094 903 2116 nere
924 2085 1052 2116 videor.

867 2139 904 2166 15
931 2136 1049 2166 Fecisti
1076 2136 1114 2165 de
1141 2139 1232 2175 patre
1246 2133 1362 2176 fidem]
1400 2134 1526 2165 Osten-

822 2184 902 2216 ‹listi
921 2190 955 2216 te
982 2190 1112 2226 patrem
1130 2186 1255 2216 habere
1268 2186 1381 2216 Deum
1395 2195 1454 2216 seu
1469 2185 1528 2216 Jo-

824 2247 909 2268 vem.

866 2290 906 2318 16
931 2287 1094 2327 Cyrrhoee]
1126 2286 1195 2318 Alii
1215 2287 1333 2327 legunt
1352 2287 1527 2327 Cyrrlicc‹1‚·

823 2338 917 2379 quasi
949 2338 1097 2378 diceret,
1118 2338 1148 2369 Ο
1175 2337 1312 2377 Apollo,
1342 2346 1401 2367 cnr
1437 2336 1526 2368 ludis

823 2388 986 2429 Cyrrhaea
1000 2389 1163 2424 carmina,
1178 2397 1237 2418 seu
1253 2396 1345 2418 more
1364 2391 1420 2417 tuo
1437 2396 1525 2417 ama-

823 2439 925 2477 toria,
937 2439 998 2470 sub
1010 2439 1095 2469 lauri
1112 2438 1260 2479 tegmine
1275 2448 1283 2476 ;
1308 2447 1385 2468 cum
1399 2437 1525 2468 debeas

823 2489 935 2529 potins
964 2499 1079 2520 versus
1105 2489 1260 2520 heroicos
1288 2487 1443 2518 meditari
1464 2487 1524 2518 snb

823 2539 940 2570 umbra
961 2539 1121 2580 populea,
1145 2549 1220 2580 quae
1243 2549 1340 2570 sacra
1362 2543 1413 2569 est
1438 2538 1526 2569 Hei·-

823 2590 888 2620 culi
905 2590 916 2619 ?

868 2639 1094 2679 Teucrumque]
1119 2640 1162 2671 Et
1181 2639 1280 2670 modo
1297 2637 1472 2669 amatorio.

865 2693 906 2721 20
933 2692 1066 2721 Carmen
1079 2690 1214 2730 luctare]
1245 2690 1389 2720 Elabora
1407 2692 1525 2727 poten-

824 2740 902 2779 tius,
919 2745 956 2771 et
980 2741 1109 2780 inspira
1125 2740 1217 2778 mihi,
1238 2740 1269 2769 in
1288 2738 1419 2775 tandein
1437 2736 1525 2767 Hei·-

823 2791 990 2832 culis,sub
1006 2790 1122 2821 umbra
1139 2790 1301 2830 populea:
1327 2787 1404 2829 qnia
1420 2796 1526 2829 popu·

1374 2843 1393 2872 4
1412 2840 1438 2871 F
