1852 3182
675 216 936 245 sturmus.
1427 213 1535 253 1117

88 314 311 368 Quicquid
334 314 413 354 erit
433 325 592 359 causae‚
613 323 889 364 quocumque
910 310 1118 351 emitteris
1140 315 1250 361 ortu,

147 381 250 422 Non
266 382 359 421 sine
381 379 565 420 consilio
585 392 754 419 currere
774 382 893 419 certa
913 378 1038 419 fides.
1481 382 1535 421 80

90 448 203 498 Quis
223 460 374 488 casum
397 447 558 486 meritis
580 447 796 486 ascribere
819 446 980 486 talibus
1003 445 1164 487 audet?

145 514 255 565 Quis
276 518 401 566 negat
423 519 624 554 auctores
645 514 741 555 haec
763 514 972 554 statuisse
1001 514 1148 553 Deos?

88 582 169 623 Ille
189 586 310 635 pater
330 595 482 630 rerum,
505 583 577 634 qui
594 581 763 622 saecula
784 581 941 622 dividit
961 581 1110 630 astris,

144 647 257 689 Inter
278 650 420 701 prima
438 649 528 702 poli
553 654 594 688 te
614 660 787 701 quoque
813 660 941 688 sacra
963 647 1109 687 dedit:

87 714 142 755 Et
156 714 355 767 fragilem
377 716 511 757 nostri
533 716 767 756 miseratus
787 715 988 767 corporis
1007 727 1148 763 usum,
1485 715 1539 751 52:-

142 781 303 822 Telluri
326 782 520 824 medicas
542 782 722 823 fundere
737 782 871 836 jussit
891 794 1044 834 aquas,

87 848 413 903 Parcarumque
437 850 559 890 colos
578 854 813 894 exoratura
835 861 1012 888 severas

143 915 347 957 Flumina
367 917 530 957 laxatis
554 916 769 957 emicuere
785 915 919 969 jugis.

85 1057 209 1087 cumque
231 1057 322 1078 causa
344 1048 397 1085 sit,
416 1055 600 1086 quacumque
623 1048 714 1075 exeat
741 1044 878 1083 origine,
902 1047 983 1074 certe
1014 1045 1195 1075 credendum
1220 1048 1263 1075 est
1291 1046 1378 1077 hunc
1408 1046 1536 1079 fontem

86 1089 251 1130 mmfluere
265 1090 332 1120 sine
353 1089 558 1129 providentia.
605 1087 720 1127 Ecquis
741 1087 821 1117 ausit
844 1086 980 1117 tribuere
1003 1088 1087 1117 casui
1112 1091 1232 1117 tantam
1256 1089 1399 1119 virtutem
1416 1089 1538 1121 fontis?

86 1132 203 1172 Ecquis
218 1132 374 1172 inficietur
387 1132 471 1162 Deos
485 1132 606 1161 datores
622 1130 716 1170 hujus
733 1130 882 1159 muueris
895 1130 960 1159 lues
975 1127 1166 1160 decrevisse?
1191 1130 1248 1160 Ille
1264 1133 1368 1161 mundi
1388 1133 1541 1172 conditor,

85 1175 137 1215 qui
153 1174 315 1205 distribuit
330 1177 466 1213 tempora
482 1183 539 1203 sua
554 1172 718 1209 sideribus,
738 1171 880 1211 permisit
896 1171 991 1202 eliam
1007 1171 1078 1208 libi,
1095 1181 1113 1202 o
1132 1171 1220 1211 fons,
1242 1173 1365 1203 adorari
1380 1173 1462 1204 inter
1472 1177 1538 1215 pri-

84 1227 148 1247 mas
160 1226 212 1247 res
223 1226 328 1247 sacras
340 1226 349 1251 ,·
372 1227 407 1246 ac
422 1216 616 1246 miserescens
628 1218 748 1245 naturae
762 1215 884 1244 caducoe
895 1214 1029 1254 corporis
1044 1215 1154 1253 nostri,
1170 1215 1332 1255 imperarit
1348 1219 1440 1246 terme
1453 1219 1542 1248 emit-

84 1264 150 1291 tere
165 1269 259 1300 aquas
271 1260 344 1290 illas
355 1258 491 1290 salubres
501 1268 511 1295 ‚·
535 1262 563 1289 et
587 1263 657 1289 tum
665 1257 761 1298 sttrvii
776 1257 956 1296 mitigatura⁴
971 1257 1106 1288 stamina
1120 1258 1198 1288 dura
1215 1258 1398 1298 Parcarum,
1414 1269 1543 1292 emerse-

694 1351 930 1362 eeeeeeeeeeee

85 1417 192 1448 Oisel.
217 1421 285 1448 tres
311 1417 406 1448 Med.
425 1418 642 1448 Bonon.—79
664 1420 731 1448 erat
758 1417 835 1448 Vat.
859 1427 924 1448 sec.
950 1419 1154 1458 quodcumque
1177 1418 1255 1449 Vat.
1284 1421 1360 1450 tert.
1390 1418 1539 1450 Florent.

86 1459 180 1491 Med.
199 1469 268 1491 sec.
285 1460 438 1490 emittm-is
454 1459 537 1491 Coa.
556 1460 742 1490 Bartholin.
758 1459 823 1490 inc.
840 1459 959 1490 Heins.
977 1460 1056 1490 Put.
1076 1460 1203 1490 Bonon.
1223 1461 1338 1491 Ambr.
1356 1465 1435 1491 tert.
1455 1462 1538 1493 Coa.

85 1503 204 1543 Epigr.
223 1502 339 1533 Ambr.
361 1504 440 1533 Exc.
458 1503 536 1532 Pat.
556 1511 622 1533 rec.
640 1503 783 1532 Lucens.
798 1512 849 1541 pr.
865 1501 943 1532 Ala.
960 1502 1040 1533 Var.
1057 1502 1124 1532 LL.
1142 1511 1160 1532 e
1176 1512 1280 1541 marg.
1305 1503 1418 1535 Parni.
1435 1504 1539 1535 emise-

84 1545 128 1575 ris
144 1545 263 1575 Petav.
281 1555 330 1584 pr.
347 1545 517 1574 remitteris
533 1545 610 1574 Vnt.
629 1554 678 1582 pr.
695 1550 730 1574 et
747 1549 827 1574 ten-t.
845 1544 916 1574 Pal.
937 1545 1030 1574 Rott.
1048 1544 1164 1576 Ambr.
1193 1555 1242 1584 pr.
1259 1546 1338 1576 Vat.
1366 1546 1473 1576 Livin.
1491 1556 1539 1575 re-

83 1588 204 1618 miseris
215 1587 308 1617 Med.
320 1597 387 1617 sec.
404 1587 565 1625 emergitis
585 1587 798 1616 Susum—80
820 1596 887 1616 sum
911 1586 1036 1616 consilio
1054 1587 1147 1617 Mea.
1163 1596 1232 1617 sec.
1249 1588 1391 1617 conscilio
1409 1588 1538 1619 Buslid.

83 1631 200 1661 currito
217 1630 300 1660 Exc.
318 1630 459 1660 anens.
488 1638 536 1669 pr.
553 1638 676 1659 currere
702 1629 753 1657 vel
768 1629 891 1658 credere
911 1628 1097 1658 Oisel.-·Sl
1124 1638 1211 1659 casus
1226 1629 1302 1659 Pal.
1318 1630 1384 1659 duo
1403 1630 1541 1661 Med.-

85 1675 125 1704 82
148 1676 267 1703 actores
292 1672 370 1704 Vat.
399 1676 478 1702 tert.
498 1671 570 1702 Pal.
598 1671 664 1702 duo
694 1670 789 1701 Med.
814 1671 868 1700 hoc
891 1670 1036 1700 statuisse
1067 1670 1141 1701 Pal.
1169 1671 1252 1702 Coa.
1273 1672 1457 1702 Bartholin.
1475 1673 1539 1703 duo

85 1715 180 1747 Med.
197 1714 315 1746 Ambr.
333 1719 412 1745 tert.
429 1713 512 1745 eod.
542 1714 660 1753 Epigr.
680 1712 881 1744 Ambr.—84
907 1713 996 1742 Intus
1023 1712 1077 1742 ed.
1106 1713 1218 1744 Parm.
1236 1714 1323 1743 Inter
1337 1715 1416 1744 Var.
1436 1714 1505 1745 LL.
1523 1725 1541 1746 e

85 1767 189 1800 marg.
206 1757 320 1788 Parm.
338 1767 457 1787 summa
466 1757 530 1797 poli
545 1757 623 1787 Vat.
641 1761 751 1797 quart.
766 1758 868 1796 prima
894 1755 979 1785 dedit
1005 1754 1135 1787 Buslid.
1159 1756 1232 1786 colit
1248 1756 1328 1787 Vat.
1346 1762 1458 1796 quart.
1474 1757 1539 1787 Pe-

86 1805 154 1832 tav.
170 1810 221 1842 pr.
238 1800 367 1831 Bonon.
386 1800 509 1831 Moret.
523 1809 573 1839 pr.
591 1799 702 1830 Oxon.
719 1808 786 1828 sec.
806 1798 893 1828 Inter
906 1807 993 1828 sacra
1002 1808 1036 1837 p.
1051 1801 1077 1827 t.
1092 1808 1119 1838 q.
1139 1799 1241 1838 prima
1256 1798 1340 1828 aedit
1355 1798 1472 1829 Ambr.
1489 1809 1538 1839 pr.

86 1843 174 1875 Inter
186 1842 289 1883 prima
303 1843 361 1873 coli
377 1845 407 1873 te
422 1852 537 1883 quoque
553 1851 639 1872 sacra
654 1842 739 1872 dedit
767 1841 861 1871 malit
881 1840 999 1871 Heins.
1015 1845 1050 1871 et
1067 1840 1113 1871 ita
1129 1841 1216 1871 curis
1233 1841 1390 1872 secundis
1422 1842 1540 1873 Barth.

86 1887 171 1917 ——86
196 1885 315 1916 Telluri
330 1885 410 1915 Vat.
440 1895 491 1925 pr.
514 1885 586 1915 Pal.
615 1885 770 1915 Tellurem
795 1883 880 1914 cod.
911 1883 1100 1914 Bartholin.
1118 1882 1235 1913 Ambr.
1262 1888 1341 1914 tert.
1359 1884 1441 1915 Exc.
1464 1885 1539 1915 Pat.

86 1937 155 1959 rec.
175 1927 306 1958 Telluris
322 1933 390 1958 tres
405 1928 500 1958 Vatt.
519 1928 613 1958 Rott.
631 1926 736 1958 oisel.
752 1926 902 1957 Florent.
918 1926 1011 1956 Med.
1027 1935 1095 1956 sec.
1109 1926 1172 1956 inc.
1190 1926 1308 1956 Heins.
1325 1927 1402 1957 Put.
1419 1926 1539 1957 Petav.

86 1980 139 2011 pr.
158 1971 284 2000 Bouon.
300 1969 385 2001 Cod.
410 1971 527 2011 Epigr.
552 1969 669 2000 Ambr.
696 1969 823 2000 Moret.
849 1978 898 2008 pr.
925 1968 1037 1999 Oxon.
1060 1978 1127 1999 sec.
1155 1968 1284 1998 Buslid.
1304 1967 1383 1999 Var.
1402 1969 1470 1999 LL.
1488 1969 1540 2001 ed.
1590 1971 1593 1974 ’

88 2012 333 2051 Antv.fuudere
348 2013 475 2043 Moret.
493 2015 628 2052 pr.-—87
652 2014 819 2042 exoratura
835 2011 902 2042 duo
918 2011 1012 2042 Vatt.
1027 2011 1118 2041 Rott.
1142 2010 1226 2041 eod.
1241 2011 1432 2041 Bartholin.
1450 2012 1541 2043 Med.

87 2060 197 2095 quart.
220 2055 285 2086 inc.
302 2054 417 2086 Heius.
434 2055 514 2085 Put.
534 2053 650 2085 Ambr.
667 2058 745 2085 tert.
769 2054 852 2085 Cod.
881 2053 997 2093 Epigr.
1025 2053 1144 2084 Ambr.
1171 2054 1253 2084 Exc.
1275 2053 1352 2084 Pat.
1380 2063 1447 2084 rec.
1462 2055 1541 2085 Var.

89 2097 155 2128 LL.
171 2107 189 2127 e
206 2106 310 2137 marg.
327 2097 440 2127 Parm.
457 2100 645 2127 exornatur-a
661 2097 781 2127 Petav.
809 2106 858 2136 pr.
886 2096 1004 2126 Ambr.
1033 2105 1082 2135 pr.
1109 2095 1241 2126 Buslid.
1266 2099 1448 2127 exortatura
1463 2097 1541 2128 Vat.

89 2149 140 2179 pr.
157 2143 192 2170 et
209 2143 287 2170 tert.
305 2139 376 2170 Pal.
395 2139 502 2170 Oisel.
520 2139 612 2169 Med.
626 2149 676 2178 pr.
703 2140 786 2169 Exc.
817 2139 956 2170 Lucens.
977 2141 1117 2178 pr.--88
1142 2138 1285 2169 Flumina
1303 2139 1451 2169 Florent.
1476 2141 1542 2169 duo

89 2181 182 2213 Med.
200 2181 266 2213 inc.
283 2181 402 2213 Heins.
420 2183 499 2213 l’ut.
519 2183 635 2213 petav.
653 2191 703 2221 pr.
725 2183 853 2212 nonon.
871 2181 935 2212 duo
953 2180 1071 2212 Ambr.
1088 2180 1171 2211 Cod.
1190 2181 1306 2221 Epigr.
1323 2180 1440 2212 Ambr.
1459 2182 1541 2213 Exc.

749 2277 887 2309 NOTAE

131 2354 172 2383 80
198 2352 268 2383 Non
282 2353 349 2383 sine
361 2351 502 2392 consilio]
520 2352 598 2383 Non
611 2351 682 2382 siue
696 2355 791 2382 certa
845 2350 1034 2382 hominibus
1052 2350 1231 2383 dederunt.

90 2396 316 2443 providentiae
333 2412 415 2434 cura
430 2403 538 2434 currit
551 2413 610 2434 seu
636 2401 711 2434 fluit
734 2402 790 2432 ille
835 2445 838 2447 -
888 2405 927 2433 85
955 2402 1101 2442 Corporis
1117 2402 1218 2442 usum]
1252 2400 1412 2442 Corporis
1441 2399 1544 2441 fragi-

91 2450 178 2492 sons,
198 2453 353 2494 quoniam
371 2457 468 2485 tanta
483 2458 547 2493 est,
569 2457 707 2495 tamque
725 2453 790 2484 uti-
844 2453 899 2489 lis,
916 2461 982 2493 quo
997 2452 1133 2483 utimur.

91 2503 130 2534 lis
146 2504 250 2545 ipsius
267 2504 385 2535 virtus.
887 2506 926 2535 87
953 2504 1045 2533 Calos
1075 2502 1257 2542 exoratura]
1295 2501 1451 2546 Flumina
1480 2500 1543 2530 ista

135 2557 174 2585 81
201 2554 343 2595 Meritis]
372 2555 498 2597 Ecquis
521 2555 648 2587 tribuat
676 2565 789 2586 casum
846 2557 1028 2584 exoratura
1052 2558 1129 2584 suut
1154 2554 1244 2584 colos
1261 2553 1460 2590 Parcarum,
1481 2550 1542 2580 hoc

92 2604 188 2643 fonti,
217 2615 277 2636 seu
308 2606 420 2646 potius
446 2607 519 2647 quis
546 2606 672 2637 tribuat
703 2604 792 2636 casui
847 2609 911 2642 est,
928 2603 1150 2644 impetratura
1167 2608 1245 2634 sunt
1261 2613 1320 2633 sua
1336 2603 1460 2632 virtute
1476 2608 1544 2629 me·

93 2651 221 2685 fontem
245 2655 286 2686 de
311 2655 502 2686 hominibus
529 2660 597 2686 tam
622 2655 709 2686 bene
724 2665 793 2685 me-
847 2654 935 2694 dica,
952 2659 989 2685 ut
1014 2655 1108 2686 colus
1132 2655 1175 2685 sit
1197 2653 1397 2685 diuturnior.
1414 2660 1453 2680 ac
1471 2657 1546 2689 pro-

94 2706 248 2736 rentem?
295 2707 373 2737 Non
391 2707 438 2738 ita
460 2712 534 2738 est:
559 2707 615 2737 Dii
630 2706 792 2747 singulari
848 2706 927 2738 iude
943 2711 979 2738 et
999 2707 1068 2737 vita
1084 2706 1237 2746 longior:
1262 2714 1338 2735 nam
1357 2712 1416 2742 per
1432 2700 1543 2732 colum

95 2753 239 2795 quadam
257 2764 324 2787 suae
347 2756 575 2797 providentiae
597 2766 678 2788 cura
698 2756 792 2788 illum
846 2755 1126 2796 Parcarum,vita
1140 2754 1282 2786 hominis
1298 2752 1507 2790 designatur.
