1852 3182
514 227 576 258 DE
610 228 683 260 111.
718 230 857 260 coNs.
890 232 1072 266 HONOR.

60 325 149 348 mum
165 317 309 350 Grzrciae
327 319 474 350 Heroif'm
486 321 678 360 exemplum
693 321 761 352 Ho-

60 367 146 397 norii
165 367 265 398 rebus
282 369 458 409 aliquoties
475 371 659 409 componit.

103 418 198 448 Ocius
206 418 323 458 hausit]
349 419 498 450 Acumen
512 426 546 451 et
558 419 757 454 felicitatem

55 465 182 505 ingenii
201 468 374 498 mirificam
399 471 616 502 commendat
634 472 667 502 iu
687 473 757 504 Ho—

55 517 160 548 nmio.
187 519 300 548 Barth.

96 570 135 596 61
160 566 321 607 Semifem']
344 568 519 600 Centauri.

99 617 243 656 Cuspidis
257 617 355 657 artes]
401 619 515 650 Hasta·
540 622 754 655 ribrationem.

53 664 194 695 Hastam
209 675 269 705 pro
281 668 381 698 armis
396 670 549 700 omnibus
559 671 661 711 dix-it,
675 683 755 714 quio-

50 723 122 744 rum
133 715 305 745 exercitiis
317 716 439 748 Chiron
451 718 627 752 imbuebat
639 722 754 753 Achil-

49 763 127 795 lem.
150 764 267 796 Barth.

90 816 132 844 62
154 814 250 854 Lyrae
259 817 383 857 cantus]
401 818 464 849 His
479 820 598 852 Poe'tae
609 823 752 855 circum-

46 863 233 904 loquuutur
260 876 391 897 onmem
418 869 597 911 Musicani,
623 882 751 906 omnes-

46 922 111 954 que
128 914 307 955 aliquando
325 922 415 947 artes
430 919 613 952 Liberales.

89 963 231 995 Medicas
252 975 304 996 ssu
329 967 461 999 disceret
477 969 601 1012 herbas]
625 972 749 1004 Chiron

44 1017 157 1044 autem
185 1015 375 1047 Centaurus
402 1019 586 1052 Medicinae
615 1025 748 1054 consul-

44 1064 204 1097 tissimus.
230 1067 346 1098 Barth.

87 1114 230 1146 Medicas
243 1126 296 1146 seu
311 1117 444 1149 disceret
459 1119 584 1161 herbas]
619 1122 658 1153 In
677 1123 744 1154 Ms.

42 1161 236 1203 Dempsteri
256 1166 357 1204 paulo
382 1168 484 1199 aliter
507 1169 574 1210 leg.
602 1172 746 1204 Medicas

42 1221 93 1244 seu
109 1213 240 1245 disceret
259 1219 354 1246 artes.

82 1265 123 1293 63
148 1263 273 1296 Interea
299 1266 424 1298 turbata
442 1270 540 1311 fides]
577 1272 668 1304 Mira
694 1273 742 1304 in-

38 1313 242 1352 geniositate
256 1317 436 1349 tumultum
453 1320 615 1360 subitum,
630 1324 742 1354 subito

39 1362 197 1395 aliorsum
222 1370 258 1396 et
287 1366 327 1396 ad
345 1376 420 1398 eum
448 1378 613 1402 conversa
629 1379 742 1413 rapta-

38 1422 104 1453 que
122 1415 231 1446 oratio
254 1418 426 1457 exprimit.
474 1420 600 1452 Datam
625 1428 740 1454 autem

36 1471 77 1494 eo
94 1466 239 1496 tumultu
260 1468 410 1509 Principi
427 1470 475 1501 ait
492 1473 667 1504 materiam
684 1483 740 1505 ex-

35 1515 189 1546 serendae
208 1517 337 1549 virtuti.
361 1520 476 1552 Barth.

77 1566 119 1595 64
153 1566 245 1597 Bella
271 1570 395 1610 tonant]
438 1571 506 1601 Pro
534 1576 739 1613 tempestate

34 1613 178 1655 ingenti,
194 1617 519 1658 cuiaequantur:1v.
533 1623 669 1656 Consul.
687 1626 695 1641 ‘
710 1626 738 1656 si

34 1664 125 1696 bella
143 1671 277 1708 tonant,
303 1671 395 1709 prius
412 1673 546 1712 agmina
562 1674 654 1706 duris
671 1677 736 1706 Ex-

33 1724 111 1747 erce
129 1718 262 1758 studiis,
276 1724 312 1750 et
325 1730 416 1752 saevo
427 1728 594 1762 praestrue
612 1726 738 1757 Marti!

74 1769 115 1797 65
152 1769 281 1800 Crimen
296 1770 467 1812 Superum]
503 1773 658 1815 Indignae
687 1777 736 1807 rei

32 1815 208 1850 familiaris
224 1820 375 1861 Paganis
398 1824 624 1864 scriptoribus
641 1836 736 1857 exse-

31 1868 152 1909 cratio,
167 1869 319 1902 Deorum
333 1873 510 1914 pudorem,
521 1875 661 1916 crimen,
679 1887 736 1918 op-

28 1919 309 1960 pr0b1·ium‚esse.
324 1924 452 1957 Lucan.
465 1926 521 1957 lib.
537 1936 616 1958 vni.
631 1931 640 1944 ‘
653 1938 735 1959 nuu-

30 1978 129 2010 quam
145 1980 304 2011 superum
319 1974 469 2006 caritura
485 1976 614 2016 pudore
627 1978 734 2009 Fabu-

30 2019 85 2050 la.'
119 2021 296 2063 Phaedrus,
325 2025 406 2057 Fab.
425 2035 556 2058 xxxlx.
589 2029 598 2045 ‘
617 2029 734 2061 Donec

30 2069 215 2102 Fortunam
227 2073 375 2105 criminis
385 2076 513 2116 pudeat
524 2078 599 2109 sui.'
618 2079 732 2111 Barth.

70 2121 175 2161 Longi
195 2124 275 2163 proh
291 2126 420 2157 dedecus
435 2128 509 2168 cet-i]
541 2129 616 2159 [Ἑνὶ
631 2129 733 2161 dede-

28 2179 99 2209 cus,
120 2177 310 2204 extremum
326 2176 545 2217 vituperium,
568 2184 606 2210 ut
622 2184 659 2210 et
676 2181 733 2211 Se-

27 2222 94 2253 culi
111 2223 234 2264 pudor,
250 2225 381 2266 aliaque
397 2227 430 2257 id
447 2237 553 2268 genus
570 2238 635 2260 nou
654 2239 733 2270 pau-

20 2275 76 2303 ἀι.
100 2272 199 2304 Idem.

68 2324 111 2353 66
133 2323 296 2355 Barbarus
314 2325 483 2366 Hesper-ias
496 2330 598 2370 exsul]
623 2329 732 2362 Arbo-

26 2377 148 2413 gasten
176 2372 274 2413 dicit,
303 2376 360 2416 qui
389 2377 576 2417 Eugenium
604 2381 731 2420 Magis-

27 2427 130 2462 trum,
157 2423 325 2456 hominem
351 2425 393 2457 de
417 2427 551 2468 Schola,
578 2429 641 2460 Rei
665 2431 730 2461 Ro-

26 2482 133 2506 manae
158 2475 332 2516 imponere
363 2479 484 2518 voluit,
517 2481 617 2520 paulo
649 2487 729 2513 ante

23 2523 174 2556 Tertium
200 2526 289 2558 hunc
319 2528 466 2560 Houorii
495 2531 728 2564 Consulatum.

24 2572 112 2604 Vide
129 2575 257 2616 reliqua
273 2577 363 2618 apud
379 2579 569 2611 Barthium.

68 2623 244 2665 Barbarus]
288 2627 334 2658 Et
364 2634 468 2668 gente
497 2635 534 2662 et
563 2631 725 2664 moribus.

23 2672 266 2706 Marcellinus:
301 2678 310 2694 ‘
329 2678 551 2721 Arbogastes,
576 2683 628 2712 vir
654 2683 726 2714 bar-

24 2723 138 2764 barus,
151 2726 304 2766 consilio,
317 2737 428 2769 manu,
444 2733 610 2771 potentia,
623 2734 726 2765 auda-

24 2773 145 2817 ciaque
163 2774 307 2807 nimius.'
330 2777 446 2811 Barth.

110 2829 223 2870 Delph.
236 2832 265 2862 et
287 2828 360 2863 Var.
374 2833 458 2866 Clas.

702 2837 814 2869 Claud.

1404 235 1518 277 1313

855 327 895 354 67
923 325 1063 366 Deiecto]
1086 327 1231 369 Humili,
1259 332 1381 364 nullius
1405 337 1461 367 diu
1442 341 1514 378 gui-

813 374 893 404 tatis
931 374 1054 406 homiui
1085 377 1316 411 Grammatico
1357 386 1519 441 primum,

811 429 888 464 post
904 426 1024 465 militi3
1049 427 1130 459 licet
1154 438 1172 458 a
1187 430 1367 468 prudentia
1383 440 1417 464 et
1432 436 1511 469 doc-

811 475 898 506 trina
934 487 1009 508 eum
1050 488 1264 520 summopere
1296 488 1513 520 commendet

809 524 975 564 Zosimus,
1017 528 1145 560 fatetur
1175 536 1289 562 tamen
1322 534 1512 573 Eugenium

808 574 896 605 hunc
917 577 1072 609 Scholam
1101 581 1269 621 habuisse,
1298 589 1333 614 et
1361 585 1437 618 iude
1467 589 1509 620 ad

808 624 993 664 Imperium
1020 630 1236 669 translatum,
1253 634 1341 673 quod
1359 635 1421 667 sub
1439 638 1511 678 ejus

807 676 941 707 nomine
959 677 1172 719 Arbogastes
1200 687 1274 712 erat
1296 684 1510 719 administra

806 729 914 763 turus,
939 727 1048 759 donec
1065 735 1100 761 et
1127 732 1278 763 umbram
1304 733 1402 766 istam
1418 746 1509 769 com-

804 774 904 807 mode
920 777 1157 811 submovisset.
1183 783 1280 813 Idem.

846 827 887 855 03
913 826 1078 868 Princeps]
1102 830 1320 871 Theodosius,
1347 835 1387 866 ad
1407 847 1505 877 quem

804 875 942 907 miserat
958 887 1060 917 super
1085 878 1287 921 Arbogastis
1310 887 1505 920 temeritate

802 925 1073 967 Kalentiuiauus,
1098 931 1295 964 adolescens
1317 935 1358 966 ad
1376 946 1507 970 summa

802 973 925 1014 sactus,
951 977 1014 1007 nisi
1032 978 1176 1017 perfidia
1201 992 1336 1015 suorum
1363 988 1507 1019 occidis-

802 1029 866 1055 set.
889 1025 987 1058 Idem.

845 1074 1020 1116 Gentesque
1035 1080 1180 1120 remotas]
1205 1081 1350 1115 Omnem
1376 1089 1507 1119 exerci-

799 1128 870 1154 tum
887 1127 977 1156 omni
994 1137 1076 1159 cura
1098 1131 1290 1172 collegisse,
1315 1140 1351 1166 ut
1373 1146 1502 1170 summo

797 1173 988 1208 discrimine
1013 1178 1248 1222 impendente,
1273 1185 1380 1217 tradit
1407 1187 1502 1220 Zosi-

796 1235 880 1257 mus.
908 1227 1004 1260 Idem.

837 1280 879 1307 69
906 1278 1054 1311 Tumidns
1070 1281 1263 1324 Euphrates]
1293 1285 1441 1327 Ingens:
1474 1290 1501 1322 is

794 1328 883 1358 enim
900 1331 1006 1361 amnis
1035 1331 1124 1363 inter
1147 1334 1309 1367 maximos
1333 1342 1499 1372 terrarum

795 1378 907 1409 Orbis.
931 1380 1027 1412 Idem.

837 1431 878 1459 70
917 1430 1035 1471 Halys]
1079 1433 1167 1464 Vide
1207 1435 1423 1470 Herodotum
1462 1446 1499 1474 et

792 1479 944 1510 Scholias
932 1485 1006 1511 ten
1022 1481 1208 1523 Apollonii,
1223 1486 1278 1517 lib.
1295 1497 1334 1518 ιι.

836 1529 930 1560 Ditat
945 1532 1091 1573 Orontes]
1116 1534 1424 1570 Amoenissimarum
1438 1541 1498 1582 Sy-

792 1579 852 1610 riae
880 1581 1053 1621 regionum
1079 1584 1190 1614 cultor
1216 1595 1254 1616 ac
1282 1595 1495 1628 peragrator.

791 1629 907 1660 Barth.

836 1691 844 1709 a
833 1682 870 1709 'l
892 1680 1070 1718 Thurit'eros
1083 1682 1203 1714 Arabes
1212 1685 1324 1726 saltus]
1342 1686 1493 1720 Arabum

789 1728 917 1760 divitiae
935 1731 968 1760 in
992 1732 1096 1762 silvis.
1136 1733 1254 1765 Manil.
1272 1736 1331 1766 lib.
1349 1745 1398 1766 xv.
1421 1739 1429 1754 ‘
1448 1739 1494 1770 Et

788 1779 906 1809 molles
922 1779 1067 1820 Arabas,
1087 1781 1245 1814 silvarum
1262 1785 1348 1816 ditia
1364 1788 1491 1827 regna.'

788 1828 887 1860 Idem.

830 1882 871 1910 72
894 1880 1038 1911 Armenii
1055 1881 1191 1922 Phasin]
1225 1884 1340 1916 Phasis
1356 1887 1492 1919 nobilis-

787 1928 888 1960 simus
915 1930 1116 1962 Colchorum
1155 1931 1288 1975 fluvius,
1326 1935 1491 1970 Armenia

785 1978 958 2010 oriundus.

830 2029 1006 2070 Niphaten]
1040 2030 1190 2063 Parthiae
1213 2034 1288 2065 ‘sive
1316 2035 1493 2071 Armenia

785 2076 934 2119 fluvium,
975 2086 1089 2112 monte
1118 2083 1269 2124 Niphate
1299 2087 1490 2122 oriundum.

784 2128 901 2159 Barth.

827 2181 867 2209 73
893 2180 970 2215 Quoe
985 2181 1044 2212 tibi
1059 2185 1132 2213 tunc
1148 2184 1266 2215 Illartis
1279 2186 1395 2228 rabies]
1418 2188 1488 2220 No-

784 2237 863 2258 num
880 2230 992 2261 aetatis
1009 2241 1131 2263 anuum
1155 2236 1264 2274 egisse
1283 2236 1487 2279 Honorium,

782 2278 991 2310 Theodosio
985 2291 1016 2311 in
1033 2282 1221 2323 Eugenium
1237 2293 1409 2328 movente,
1421 2291 1489 2321 col-

780 2328 916 2369 ligimus
945 2340 987 2361 ex
1018 2333 1126 2365 Fastis
1156 2335 1271 2368 Idatii.
1315 2338 1402 2370 Sunt
1429 2339 1486 2380 qui

783 2380 1002 2420 Expeditioni
1030 2389 1135 2416 tautae
1154 2387 1281 2418 socium
1299 2389 1485 2422 adscivisse

782 2440 924 2470 puerum
951 2434 1120 2466 tantillum
1148 2437 1372 2470 Theodosium
1402 2441 1485 2472 scri-

781 2480 874 2512 baut.

821 2532 976 2574 Sequendi
992 2535 1098 2566 Ardor
1113 2537 1197 2577 erat]
1232 2538 1411 2579 Flagrasse
1428 2550 1483 2570 cu-

779 2583 927 2624 piditate
952 2585 1181 2627 belligerandi
1205 2598 1280 2619 cum
1308 2594 1404 2630 patre
1423 2591 1481 2621 ait.

778 2635 894 2667 Barth.

819 2688 860 2716 74
884 2686 1079 2726 Flagrabant
1091 2689 1234 2729 pectora]
1269 2687 1480 2719 Ardentissi-

776 2744 866 2764 mum
883 2735 1090 2767 desiderium
1106 2737 1180 2778 ipsa.
1195 2737 1326 2769 flamma
1337 2738 1479 2768 circum·

776 2785 907 2826 loquitu
913 2795 939 2817 r.
965 2786 1060 2817 Idem.

1322 2842 1341 2871 4
1358 2840 1389 2871 Ο
