1852 3182
455 551 593 611 CL.
631 554 1139 614 CLAUDIANI

197 751 1410 846 EPIGRAMMATA.

768 1206 858 1254 LI.

366 1364 407 1404 1.
471 1364 555 1404 DE
587 1364 892 1405 MULABUS
926 1364 1238 1407 GALLICIS.

75 1493 277 1553 AspxcE
300 1513 535 1564 morigeras
555 1512 760 1553 Rhodani
784 1515 987 1553 torrentis
1011 1515 1209 1554 alumnas

130 1577 322 1632 Imperio
343 1591 497 1628 nexas,
518 1580 793 1633 imperioque
817 1593 968 1632 vagam,

77 1645 270 1686 Dissona
292 1659 424 1699 quam
445 1647 591 1687 varios
610 1647 788 1688 flectant
810 1648 866 1688 ad
888 1661 1108 1688 murmura
1129 1660 1303 1698 cursus,

130 1711 189 1753 Et
206 1717 346 1754 certas
369 1714 545 1764 adeant,
568 1727 678 1755 voce
699 1720 883 1767 regente,
908 1715 1021 1755 vias.

75 1777 289 1829 Quamvis
310 1793 503 1835 quaeque
525 1782 611 1822 sibi
632 1782 773 1835 longis
793 1783 1006 1823 discurrat
1027 1782 1227 1832 habenis,
1508 1784 1537 1824 5

129 1845 185 1888 Et
205 1851 386 1901 pateant
405 1849 512 1890 duro
534 1849 671 1890 libera¹
693 1849 811 1891 colla
826 1850 965 1904 jugo3

125 1969 204 2001 Vide
224 1971 336 2002 Mulas
350 1972 488 2002 alumnas
515 1971 628 2002 dociles
646 1972 790 2003 Rhodani
806 1972 910 2013 rapidi
926 1972 1103 2011 conjunctas
1117 1971 1208 2010 jussu
1224 1969 1333 2010 herili,
1348 1973 1378 2001 et
1400 1973 1540 2001 errantes

78 2013 197 2044 eodem
211 2013 313 2050 jussu.
360 2014 448 2044 Vide
469 2025 560 2054 quam
573 2016 711 2045 diversos
725 2019 846 2047 vertant
862 2025 968 2046 cursus
982 2016 1021 2046 ad
1036 2024 1141 2045 sonam
1156 2014 1246 2055 vocis
1261 2013 1425 2053 diversum,
1441 2016 1471 2044 et
1494 2012 1541 2043 in-

77 2059 147 2086 eant
169 2056 230 2086 iter
253 2059 381 2096 certum,
407 2067 476 2087 voce
500 2059 691 2090 moderante.
742 2059 928 2098 Unaquaque
950 2058 1132 2097 Maiarum,
1149 2057 1219 2088 licet
1236 2059 1368 2096 vagetur
1382 2055 1458 2087 loris
1473 2056 1538 2087 lon-

686 2144 921 2155 eeeeeeeeeeee

116 2194 166 2225 De
182 2195 330 2226 Malabus
347 2195 490 2226 Gallicis.
524 2196 579 2227 Sic
605 2197 803 2227 inscribitur
829 2197 891 2227 hoc
918 2206 1054 2227 carmen
1079 2197 1112 2227 in
1141 2196 1246 2227 Oisel.
1275 2195 1389 2227 Oxon.
1414 2204 1483 2227 sec.
1500 2199 1536 2227 et

76 2235 194 2268 Sched.
211 2237 301 2269 Gud.
326 2238 366 2269 In
385 2238 466 2270 Vat.
483 2249 534 2279 pr.
554 2245 627 2270 erat
643 2241 680 2270 de
699 2239 844 2270 Mulabus
860 2240 976 2270 Gallis.
1012 2240 1052 2270 In
1068 2240 1222 2271 Florent.
1239 2238 1333 2269 Med.
1347 2248 1398 2279 pr.
1415 2242 1451 2269 et
1467 2248 1538 2270 sec.

76 2277 153 2310 Put.
166 2280 247 2310 Lov.
264 2281 398 2311 Busiid.
417 2286 452 2312 et
469 2281 599 2313 duobus
616 2282 813 2313 l’etavianis
826 2282 945 2313 deerat
959 2282 1150 2323 inscriptio.

119 2325 134 2352 1
161 2323 333 2362 morigenas
360 2325 442 2355 Vat.
469 2334 518 2365 pr.
551 2325 606 2365 qni
633 2330 669 2355 et
698 2325 827 2355 alannus
859 2335 919 2365 pro
947 2327 1085 2356 alumnas
1113 2324 1332 2356 exhibet.—2
1355 2333 1450 2355 vexas
1477 2333 1537 2365 pro

73 2371 166 2395 nexas
192 2366 268 2397 Vat.
296 2376 362 2397 sec.
402 2367 589 2407 imperioque
616 2378 710 2406 negas
736 2368 814 2398 Vat.
842 2378 913 2399 sec.
953 2368 1061 2399 Oisel.
1088 2367 1182 2399 Med.
1217 2377 1284 2398 sec,
1318 2366 1441 2398 Petav.
1465 2376 1533 2398 sec.

77 2404 253 2448 imperiique
268 2419 363 2448 negas
379 2409 475 2440 Rott.
509 2411 696 2450 imperioque
711 2415 804 2449 negat
823 2411 904 2442 Lov.
927 2411 1107 2451 imperiique
1122 2420 1217 2450 negas
1232 2411 1285 2441 vel
1301 2414 1391 2449 togas
1406 2409 1536 2441 Buslid.

78 2452 137 2480 —3
151 2450 284 2490 flectant
299 2451 418 2483 Ambr.
444 2457 525 2484 tert.
564 2454 674 2484 nioenia
702 2454 794 2484 Rott.
819 2454 904 2485 Cod.
928 2454 1047 2494 Epigr.
1065 2453 1182 2484 Ambr.
1220 2453 1347 2484 numina
1369 2453 1452 2483 Vat.
1469 2462 1535 2483 sec.

76 2489 196 2524 Petav.
212 2504 277 2525 sec.
302 2505 428 2526 numera
444 2502 512 2526 vet.
532 2496 616 2536 Gyr.
637 2497 719 2527 Exc.
739 2497 883 2528 Lucens.
900 2507 950 2537 pr.
968 2496 1050 2527 Var.
1073 2497 1140 2527 LL.
1157 2506 1175 2527 e
1192 2505 1301 2535 marg.
1316 2495 1429 2526 Parm.
1467 2505 1536 2526 cur-

77 2543 129 2564 rus
144 2535 337 2569 Buslid.—4
359 2542 459 2568 certas
473 2538 605 2570 habeant
626 2539 742 2569 Ambr.
761 2548 810 2578 pr.
848 2550 918 2570 voce
937 2542 1070 2578 rogante
1085 2539 1300 2570 Florent.—5
1325 2538 1449 2578 quisque
1467 2537 1533 2568 dno

77 2576 171 2608 Vatt.
186 2578 279 2610 Rott.
294 2580 445 2611 Fiorent.
462 2581 557 2612 Med.
575 2591 642 2612 sec.
657 2582 788 2612 Buslid.
811 2583 860 2613 sui
876 2592 939 2622 pro
953 2582 1015 2612 sibi
1033 2583 1159 2614 Mon-et.
1177 2591 1226 2622 pr.
1250 2580 1345 2612 nullis
1356 2585 1424 2612 tres
1436 2581 1532 2610 Vatt.

78 2617 151 2650 Pal.
168 2620 261 2653 Rott.
295 2623 396 2662 longis
409 2624 490 2655 vat.
512 2634 562 2664 pr.
579 2625 661 2655 Putf
679 2625 798 2656 Petav.
815 2635 865 2665 pr.
882 2624 1001 2656 Ambr.
1019 2634 1071 2666 pr.
1095 2625 1176 2656 Vat⁴
1202 2624 1313 2655 Livin.
1340 2624 1425 2655 Exc.
1452 2623 1530 2653 l'at.

729 2708 870 2741 NOTAE

297 2783 318 2810 ϋ
343 2781 494 2825 Pateant]
516 2783 612 2815 Colla
635 2784 822 2825 smlvantur⁷
854 2787 1044 2826 appareant
1058 2782 1206 2815 liberata
1222 2791 1241 2812 a
1248 2781 1342 2821 jugo.
