1852 3182
437 203 629 235 RAPTUS
664 202 902 235 PROSERP.
935 204 1032 235 LIB.
1066 207 1141 236 111.
1457 199 1545 241 993

82 301 353 355 Optabitque
375 300 508 340 mori:
541 301 641 339 tunc
663 298 836 339 vulnere
858 298 1092 351 languidus
1114 300 1203 354 ipsi

82 369 300 410 Tradetur
321 380 493 419 genero,
514 379 733 420 passurus
752 366 922 419 prodita
944 380 1094 419 regna,

82 435 140 476 Et
160 437 268 477 sciet
289 448 344 475 au
366 435 558 488 propriae
581 434 832 487 conspirent
851 434 1037 475 Tartara
1058 448 1223 476 causae.

84 502 187 544 Hoc
208 506 434 544 sanctum:
467 516 674 544 mansura
693 503 833 542 fluant
854 503 937 543 hoc
960 503 1109 543 ordine
1129 501 1235 545 fata.
1488 507 1546 549 65

81 571 221 619 Dixit,
244 574 286 611 ct
307 570 520 611 horrendo
543 570 762 610 concussit
784 570 929 610 sidera
950 574 1085 610 motu.

79 635 143 678 At
163 638 315 690 procul
337 639 548 679 armisoni
570 637 772 678 Cererem
793 639 876 678 sub
897 639 1082 691 rupibus
1104 639 1214 680 autri

79 706 287 746 Securam
309 706 619 760 placidamque
645 706 720 746 diu
746 707 842 760 jam
869 712 988 747 certa
1010 708 1177 760 peracti

77 771 319 814 Terrebant
340 774 578 816 simulacra
598 776 718 825 mali,
745 780 984 829 noctesque
1006 776 1201 817 timorem

77 840 366 894 Ingeminant,
389 843 594 896 omnique
614 845 727 897 perit
748 844 1019 898 Proserpina
1049 856 1224 886 somno.
1484 849 1541 889 70

75 960 118 982 ex
146 952 260 984 semine
285 953 402 991 dit-ino,
425 957 454 984 et
480 953 583 993 cupiet
607 954 694 984 mori.
740 954 825 984 Tunc
849 953 958 984 debilis
981 954 1076 993 plaga
1101 954 1231 984 (ledetur
1253 953 1314 994 ipsi
1338 964 1452 994 genero
1467 966 1544 988 meo

76 994 230 1034 Plutoni,
259 997 446 1027 toleraturus
476 1007 591 1037 poenas
620 997 742 1037 imperii
778 997 910 1036 proditi,
942 997 1096 1035 discatque
1131 1000 1236 1027 ulrum
1274 997 1376 1034 Inferi
1409 998 1544 1036 faveant

73 1047 174 1068 causoe
203 1049 279 1069 suae.
319 1040 357 1069 Id
386 1043 540 1070 statutum
571 1044 645 1070 est:
673 1039 750 1077 fata
775 1039 904 1070 stabilia
929 1042 1058 1069 currant
1092 1039 1149 1070 hac
1175 1040 1264 1070 serie.
1310 1041 1450 1080 Jupiter
1490 1042 1539 1073 sic

75 1081 194 1111 locutus
209 1085 264 1115 est.
288 1086 318 1112 et
333 1082 507 1120 tremefecit
523 1084 628 1113 ca’lum
642 1086 716 1114 nutu
734 1082 880 1113 terribili.
927 1081 989 1112 Sed
1016 1082 1105 1121 longe
1131 1092 1150 1111 a
1171 1082 1286 1112 Sicilia
1307 1082 1376 1120 jam
1392 1084 1544 1121 imagines

76 1125 214 1163 quoedam
241 1125 338 1155 cladis
366 1129 500 1166 acceploe
525 1126 694 1156 turbabant
725 1127 868 1156 Cererem
903 1125 1089 1163 jamdudum
1119 1126 1319 1164 tranquillam
1351 1130 1382 1156 et
1408 1128 1545 1167 quietam

73 1165 126 1196 sub
141 1167 228 1198 saxis
243 1178 380 1199 caverna>
397 1170 493 1200 armis
516 1169 705 1200 resonantis:
728 1172 759 1199 et
788 1169 862 1199 visa
888 1168 986 1199 noctis
1012 1171 1128 1207 aug-ent
1155 1171 1280 1208 metum,
1303 1172 1332 1199 et
1358 1169 1544 1210 Proserpina

692 1258 927 1270 eeeeeeeeeeee

75 1321 196 1353 Heius.
229 1323 328 1354 Voss.
358 1333 409 1364 pr.
442 1323 560 1356 Ambr.
586 1328 665 1357 tert.
696 1326 778 1356 Var.
810 1325 878 1356 LL.
907 1334 926 1355 e
956 1334 1062 1364 marg.
1097 1325 1214 1356 Parm.
1241 1328 1324 1356 sorte
1357 1326 1411 1356 vel
1447 1327 1546 1367 stirpe

72 1364 151 1396 Vat.
175 1375 243 1396 sec.
272 1367 373 1398 Voss.
399 1370 555 1398 seo—62
580 1371 653 1399 tunc
669 1368 748 1399 Vat.
766 1367 876 1398 Livin.
901 1368 975 1398 llum
996 1368 1093 1399 Voss.
1116 1377 1182 1399 sec.
1207 1371 1271 1399 lum
1290 1369 1364 1400 Pal.
1389 1369 1544 1401 Florent.

73 1407 140 1438 dno
154 1408 251 1440 Med.
268 1408 387 1440 Heius.
404 1410 450 1440 H.
468 1411 534 1440 duo
551 1410 674 1441 Petav.
690 1411 825 1441 Tholos.
842 1409 962 1441 Aiubr.
983 1415 1060 1441 tert.
1078 1412 1159 1441 Var.
1175 1411 1244 1442 LL.
1267 1421 1284 1441 e
1303 1421 1408 1451 marg.
1426 1412 1543 1444 Parm.

72 1460 140 1480 cum
156 1451 237 1481 Vat.
256 1450 362 1490 quint.
379 1451 445 1481 inc.
472 1452 593 1481 Heius.
612 1453 692 1481 Pur.
713 1453 801 1491 Reg.
822 1453 951 1483 Bouon.
980 1454 1063 1483 Exc.
1088 1454 1210 1484 Petav.
1231 1458 1343 1493 quart.
1368 1455 1466 1485 Voss.
1492 1465 1544 1494 pr.

74 1492 153 1522 Ald.
168 1493 236 1522 diro
249 1495 372 1522 saucius
389 1494 451 1522 ictu
468 1494 552 1531 Rog.
571 1494 685 1523 Oxou.
710 1503 778 1522 sec.
796 1494 961 1528 languidus
974 1495 1052 1524 Vat.
1073 1495 1180 1525 Livin.
1198 1495 1264 1525 inc.
1283 1496 1402 1527 Heius.
1419 1498 1544 1528 saucius

73 1541 143 1564 tres
155 1535 252 1565 Vatt.
271 1539 304 1564 et
322 1533 354 1565 (l.
371 1535 446 1565 Pal.
465 1534 616 1564 Floreut.
633 1534 699 1564 (luo
715 1534 809 1564 Med.
824 1534 947 1564 Heius.
973 1535 1017 1564 H.
1043 1536 1166 1565 Petav.
1182 1547 1249 1565 see.
1266 1538 1396 1568 Thalos.
1413 1539 1542 1570 Moret.

73 1587 125 1617 pr.
144 1576 211 1607 duo
224 1578 323 1607 Voss.
341 1576 408 1607 ‹luo
422 1576 501 1608 Jun.
521 1577 605 1606 Exo.
623 1577 744 1606 Petav.
771 1581 882 1615 quart.
906 1576 984 1606 Am.
1011 1577 1134 1607 saucius
1162 1579 1214 1607 vel
1239 1579 1404 1616 languidus
1428 1580 1544 1613 Oxou.

74 1629 125 1660 pr.
141 1620 210 1650 diro
225 1620 348 1650 saucius
362 1620 427 1650 ictu
455 1620 506 1649 vel
536 1620 659 1649 vulnere
683 1620 848 1658 languidus
872 1619 932 1658 ipsi
956 1620 1036 1649 Vnt.
1053 1624 1165 1660 quart.
1186 1620 1250 1660 ipse
1266 1622 1344 1652 Vat.
1359 1632 1428 1652 sec.
1444 1624 1542 1654 Voss.

72 1672 122 1702 pr.
136 1663 218 1695 Jun.
235 1671 303 1693 sec.
321 1663 385 1702 ipse
402 1663 456 1692 vel
472 1662 539 1702 ipsa
555 1663 651 1692 Voss.
669 1664 825 1692 secu—04
847 1662 958 1700 primse
975 1671 1036 1701 pro
1060 1663 1196 1702 proprioe
1220 1662 1336 1694 Ambr.
1362 1669 1444 1695 tert.
1470 1676 1542 1696 con-

72 1705 191 1744 spirant
217 1705 299 1737 Jun.
330 1708 467 1745 piu—65
495 1705 573 1735 Hoec
597 1715 698 1735 secum
726 1705 801 1735 Pal.
827 1704 909 1735 Haec
938 1705 1041 1735 sancit
1071 1706 1154 1736 Exc.
1180 1706 1302 1737 Petav.
1329 1711 1442 1747 quart.
1470 1708 1543 1740 Hoc

65 1748 188 1786 sactum
220 1749 346 1779 Mon-et.
379 1758 430 1788 pr.
464 1748 535 1778 Hoc
563 1751 703 1778 sanctum
729 1750 773 1777 est
802 1748 881 1778 Vat.
910 1747 1019 1788 quint.
1051 1748 1173 1779 Petav.
1206 1759 1276 1779 sec.
1308 1749 1427 1781 Ambr.
1462 1755 1543 1784 tert.

69 1794 194 1831 pactum
215 1794 260 1822 est
285 1792 363 1823 Vat.
387 1800 456 1822 sec.
479 1791 682 1831 paclum‘vel
702 1794 841 1821 sunctum
864 1790 962 1821 Voss.
996 1801 1062 1822 sec.
1089 1791 1199 1830 fluunt
1224 1793 1322 1823 Voss.
1347 1803 1413 1824 sec.
1439 1793 1544 1834 fluent
1586 1802 1589 1805 '

71 1834 150 1865 Jun.
176 1844 228 1874 pr.
254 1834 360 1865 ordine
389 1835 474 1874 Reg.
516 1835 601 1864 Exc.
638 1834 763 1864 Petav.
794 1837 907 1874 quart.
939 1834 1066 1864 cardine
1095 1835 1176 1865 Vat-
1203 1839 1282 1865 tert.
1315 1840 1350 1866 et
1383 1836 1414 1867 (l.
1462 1837 1544 1870 Put.

73 1876 194 1908 Petav.
211 1887 262 1917 pr.
282 1883 316 1908 et
332 1887 401 1907 sec.
419 1887 462 1907 m.
481 1886 550 1907 sec.
579 1887 619 1907 ear
643 1877 751 1907 ordine
770 1876 850 1908 Juu.
883 1886 936 1916 pr.
975 1877 1100 1907 cardine
1131 1878 1183 1908 vel
1203 1879 1312 1908 ordine
1333 1879 1445 1910 Oxou.
1472 1889 1541 1911 sec.

63 1918 153 1957 sacta
182 1930 242 1960 pro
262 1920 339 1956 suta
366 1921 445 1950 Vat.
473 1929 523 1959 pr.
543 1924 578 1950 et
595 1919 717 1951 d.-oo
740 1923 818 1950 nutu
835 1929 897 1959 pro
924 1923 1007 1950 motu
1025 1921 1106 1951 Vat.
1133 1921 1240 1961 quint.
1263 1922 1395 1953 Bonon.
1420 1923 1543 1956 Petav.

73 1972 125 2002 pr.
142 1966 240 2003 nuptu
263 1962 381 1993 Ambr.
399 1965 565 1994 terh—67
592 1963 663 1993 Hoc
681 1963 787 2003 procul
803 1963 882 1993 Vat.
901 1973 967 1993 sec.
991 1962 1036 1993 At
1063 1964 1114 1993 vel
1140 1964 1210 1994 Hoc
1224 1965 1325 1995 Voss.
1351 1975 1419 1995 sec.
1444 1967 1541 1996 arini-

72 2006 154 2036 sonis
169 2007 266 2036 Voss.
285 2016 336 2045 pr.
352 2005 524 2036 terroribus
550 2015 611 2045 pro
634 2006 689 2036 snb
706 2005 833 2045 rupibus
850 2005 928 2036 Vat.
947 2010 1028 2036 tert.
1048 2007 1122 2037 Pal.
1150 2006 1217 2037 duo
1238 2007 1333 2038 Med.
1356 2008 1474 2039 Heius.
1492 2009 1539 2040 H.

74 2048 194 2078 Petav.
209 2059 277 2079 sec.
296 2048 361 2079 (luo
375 2049 488 2080 Oxou.
507 2049 591 2079 Exc.
613 2048 735 2080 Petav.
753 2052 952 2089 quarn—68
976 2052 1086 2079 cuncta
1099 2051 1221 2089 peracti
1236 2051 1388 2082 Florent.
1417 2061 1458 2082 m.
1487 2061 1541 2091 pr.

68 2090 180 2131 pericli
209 2092 292 2122 Exc.
323 2092 446 2122 Petav.
476 2095 678 2133 quart.—69
703 2091 874 2123 Terrebant
895 2101 958 2132 pro
988 2092 1156 2123 Terrebant
1182 2093 1300 2124 Ambr.
1319 2098 1399 2125 tert.
1416 2094 1542 2126 timores

736 2178 768 2209 N
774 2177 875 2209 OTAE

73 2252 169 2284 finire
180 2253 264 2285 licet
280 2258 395 2285 tantos
411 2253 491 2285 mihi
503 2257 613 2284 morte
630 2253 778 2293 dolores,
825 2268 828 2270 ·
877 2255 918 2284 67
942 2252 1102 2284 Ανηιὶεοηί
1115 2253 1217 2293 antri]
1239 2253 1308 2284 Sub
1322 2253 1411 2284 saxis
1425 2264 1541 2286 caver-

73 2304 139 2335 Sed
158 2308 258 2335 nocet
274 2314 347 2335 esse
361 2304 497 2335 Deum!
833 2313 886 2334 nae
911 2303 1028 2341 Idaeae,
1054 2313 1130 2344 quae
1162 2304 1346 2335 resonabat
1375 2305 1540 2345 clypeolis

114 2357 155 2386 63
182 2356 334 2386 Passurus
351 2356 474 2395 prodita
490 2354 601 2395 regna]
624 2356 778 2387 Daturus
834 2353 950 2393 aeneis,
988 2353 1110 2395 quibus
1144 2354 1361 2394 Corybantes
1400 2355 1541 2395 plaude-

75 2415 189 2445 poenas
205 2412 346 2446 propter
360 2406 684 2447 proditumregnum
700 2408 778 2438 Plu·
832 2403 927 2445 bant,
949 2409 985 2435 et
1001 2405 1132 2436 strictis
1162 2405 1311 2444 ensibus,
1341 2416 1424 2446 quos
1451 2409 1542 2437 rota-

75 2456 173 2494 tonis,
189 2457 295 2497 quieo
309 2456 414 2496 magis
429 2456 600 2497 torquebit
616 2457 775 2487 indicem.
832 2456 928 2496 bant,
952 2457 1004 2487 vel
1030 2456 1064 2486 in
1091 2457 1206 2497 Creta,
1232 2457 1286 2487 vel
1317 2457 1350 2487 iu
1378 2456 1541 2498 Phrygia,

114 2509 156 2537 64
181 2507 381 2548 Conspirent]
403 2507 521 2538 Scient
537 2517 596 2538 suo
612 2508 711 2547 malo,
736 2518 777 2538 au
832 2506 890 2537 ubi
907 2511 960 2538 est
976 2517 1069 2538 mons
1086 2506 1160 2538 Ida.

73 2565 140 2588 non
151 2556 257 2587 Inferi
271 2557 521 2598 conspireutad
537 2558 776 2590 vindicandam
874 2562 916 2590 70
942 2560 1092 2599 Omnique
1110 2559 1193 2599 perit
1217 2560 1405 2600 Proserpina
1419 2558 1538 2599 somno]

74 2615 204 2638 cansam
222 2608 390 2639 Plutonis.
831 2610 970 2651 Semper
985 2610 1076 2641 inter
1092 2610 1327 2641 dormiendum
1356 2610 1419 2642 sibi
1445 2610 1538 2640 vide-

115 2660 156 2689 66
182 2658 342 2689 Concussit
355 2657 473 2698 sidera]
497 2658 618 2690 Poetae
636 2660 776 2700 loquen-
832 2665 888 2692 tur
903 2661 1060 2692 amittere
1079 2660 1338 2701 Proserpinam,
1352 2660 1537 2693 interdum-

74 2710 142 2738 tem
155 2709 274 2741 Jovem
291 2710 457 2741 inducunt
475 2721 550 2742 cum
563 2716 657 2742 motu
670 2711 776 2742 totius
831 2722 897 2754 que
914 2716 952 2743 ut
966 2716 1135 2744 mortuam
1148 2713 1280 2753 lugere.

74 2757 149 2790 coeli
165 2760 368 2801 mundique:
391 2763 552 2802 exempla
565 2763 702 2805 passim.

160 2812 274 2854 Delph.
289 2817 319 2845 et
339 2815 414 2846 Vur.
433 2817 519 2848 Clas.
752 2816 868 2848 Claud.
1383 2816 1402 2844 3
1419 2813 1450 2845 R

399 2896 414 2912 ἱ
