1851 3213
283 163 396 209 1016
712 178 789 209 ct..
821 177 1103 208 οιΛυοιΑΝι
1137 177 1328 209 ΧΧΧνι.

278 271 431 327 Cujus,
456 271 746 316 Achaemenio
762 276 855 327 regi
875 274 1079 325 ludibria,
1101 278 1230 315 natos

275 339 442 381 Avexit
462 343 768 383 tremebundus
788 356 938 396 eques.
1000 342 1163 383 Fremit
1182 343 1259 383 illa
1279 342 1436 383 marito

279 407 490 450 Mobilior
508 410 728 464 Zephyro,
751 414 969 463 totamque
986 411 1229 450 virentibus
1252 412 1364 450 iram

278 475 504 530 Dispergit
524 479 725 527 maculis,
743 478 1016 532 jamjamque
1038 479 1247 519 haustura
1270 477 1484 531 profundo

279 543 366 584 Ore
388 545 541 594 virum,
562 547 710 586 vitreae
733 546 930 586 tardatur
951 547 1136 600 imagine
1153 546 1321 588 formae.

277 610 415 652 Haud
433 613 556 654 aliter
575 617 669 654 toto
688 615 876 665 genitrix
898 614 1140 655 bacchatur
1163 613 1357 668 Olympo
1376 628 1386 665 3

280 732 393 770 midas,
422 732 520 763 alitos
545 735 584 764 ad
613 734 781 764 ludibrium
810 736 909 774 Regis
935 736 1117 766 Persarum.
1165 736 1227 766 Illa
1244 736 1340 775 tigris
1355 735 1443 766 scerit
1462 735 1593 765 velocior
1611 734 1750 766 Favonio

274 776 413 814 conjuge,
424 779 451 806 ct
468 775 617 815 diffundit
632 787 750 808 omnem
765 778 955 808 iracundiam
980 779 1062 809 notis
1075 778 1294 815 viridantibus,
1312 781 1404 817 alque
1417 778 1585 808 identidem
1601 781 1746 817 sorptura

275 819 408 857 equitem
425 829 476 848 are
490 819 608 856 hiante,
621 820 776 850 retinetur
795 820 1020 861 speciefigurae
1036 821 1234 860 crystallinae.
1280 820 1335 850 Sic
1360 824 1459 850 ’nater
1483 821 1588 851 Ceres
1604 820 1692 858 furit
1709 820 1744 851 in

894 902 1128 913 eeeeeeeeeeee

276 960 453 989 seta—261
476 958 659 990 Achimenio
676 959 757 990 Put.
775 960 860 999 Reg.
878 965 946 991 tres
969 960 1089 991 Petav.
1112 960 1195 991 Exc.
1222 961 1343 991 Petav.
1361 962 1581 1001 quart—265
1605 959 1747 991 Advexit

275 1000 387 1032 vatic.
406 1006 485 1032 tert.
503 1003 632 1033 Avertit
648 1003 732 1033 Cod.
749 1003 937 1034 Bartholin.
952 1003 1096 1033 Adduxit
1113 1004 1191 1033 Vat.
1209 1003 1317 1043 quint.
1333 1003 1415 1035 Jun.
1435 1012 1502 1034 sec.
1518 1002 1656 1033 Adrexit
1670 1003 1747 1034 Flo-

276 1048 364 1074 rent.
377 1050 411 1074 et
429 1045 544 1084 viginti
562 1046 631 1081 alii,
649 1046 729 1076 item
748 1047 832 1077 Exc.
850 1047 972 1077 Petav.
989 1046 1330 1087 quart.fi·emebunclus
1344 1045 1438 1076 Med.
1456 1044 1666 1086 quart.furit
1681 1055 1744 1086 pro

268 1085 383 1123 fremit
400 1087 526 1118 Moret.
544 1097 593 1127 pr.
606 1089 723 1128 premit
740 1099 801 1128 pro
809 1089 923 1127 fremit
942 1089 1079 1128 legebat
1096 1089 1271 1128 Heinsius,
1284 1089 1304 1119 i.
1324 1100 1351 1119 e.
1365 1089 1570 1128 persequitur.
1584 1088 1648 1119 ista
1661 1089 1745 1120 Vat.

276 1138 326 1168 pr.
341 1130 460 1159 marino
475 1139 534 1169 pro
553 1131 664 1161 marito
683 1138 750 1162 vet.
769 1132 856 1172 Gyr.
880 1132 976 1162 male.
1000 1132 1156 1171 Sympos.
1181 1132 1325 1171 AEuigm.
1344 1134 1397 1162 38.
1415 1142 1464 1162 vs.
1482 1133 1622 1162 3.—266
1647 1131 1748 1162 Mobi-

275 1171 334 1201 lior
350 1172 402 1201 vel
424 1173 565 1203 Nobilior
594 1174 706 1204 Oxou.
735 1184 800 1205 soc.
828 1175 971 1215 Zephyro
999 1175 1052 1204 vel
1079 1176 1143 1204 velo
1170 1175 1253 1214 Reg.
1272 1175 1386 1205 Oxou.
1414 1184 1461 1214 pr.
1486 1177 1648 1214 notamque
1663 1174 1746 1205 Vut.

275 1218 355 1245 tert.
373 1217 550 1255 tantamque
564 1214 684 1247 petav.
705 1222 785 1246 tert.
808 1218 934 1248 Honori.
952 1218 1143 1248 moventibus
1160 1227 1219 1257 pro
1236 1217 1405 1247 virentibus
1422 1216 1538 1247 Ambr.
1556 1221 1636 1248 tert.
1651 1217 1748 1248 liren-

274 1256 357 1287 tibus
374 1258 452 1287 Vat.
470 1259 580 1298 quint.
604 1260 775 1290 nitentibus
789 1260 922 1291 Tholos.
945 1260 1071 1290 herbam
1088 1270 1147 1300 pro
1164 1260 1243 1290 iram
1266 1261 1361 1290 Med.
1381 1270 1433 1300 pr.
1456 1270 1500 1290 m.
1527 1269 1577 1299 pr.
1593 1260 1664 1290 inde
1681 1269 1745 1299 pro

273 1300 353 1329 iram
373 1301 498 1331 Moret.
517 1305 674 1341 pun—267
700 1303 867 1342 Dispergit
884 1304 1034 1333 Florent.
1052 1303 1146 1333 Med.
1163 1307 1275 1344 quart.
1301 1303 1423 1334 Heins.
1441 1303 1486 1334 H.
1515 1303 1601 1342 Reg.
1620 1302 1745 1333 Petav-

275 1351 324 1381 ρι’.
344 1343 474 1374 Bonon.
487 1344 619 1376 Tholos.
636 1344 755 1375 Ambr.
774 1351 854 1376 tert.
871 1346 956 1376 Exc.
980 1345 1104 1376 Petav.
1121 1351 1233 1385 quart.
1261 1346 1419 1385 Dispersit
1437 1351 1581 1386 quatuor
1597 1345 1691 1376 Vatt.
1709 1349 1746 1376 et

275 1384 307 1414 d.
327 1385 400 1416 Pal.
418 1387 502 1416 (lod.
520 1388 709 1417 Bartliolin.
735 1388 815 1419 Jun.
833 1397 883 1427 pr.
901 1389 1053 1418 chartac.
1078 1388 1200 1419 Heius.
1228 1389 1295 1418 duo
1313 1389 1425 1419 Oxon.
1448 1388 1591 1427 Aspersit
1616 1387 1745 1419 Moret.

275 1436 325 1466 pr.
343 1428 481 1458 lacrimis
497 1439 558 1467 pro
574 1431 702 1459 maculis
717 1430 849 1460 Bonon.
866 1430 997 1460 nimium
1014 1440 1074 1469 pro
1088 1430 1157 1467 J'am
1172 1431 1301 1470 jamque
1315 1430 1447 1462 Tholos.
1472 1430 1657 1470 nimiumque
1675 1434 1746 1461 tres

273 1469 369 1500 Vatt.
387 1475 421 1500 et
438 1471 468 1501 (l.
487 1471 559 1502 Pal.
577 1471 661 1502 Cod.
679 1472 866 1503 Bartholin.
884 1473 965 1503 Pur.
981 1472 1111 1503 Moret.
1135 1483 1188 1512 pr.
1214 1474 1391 1513 Dii-umque
1406 1474 1486 1504 Vat.
1503 1482 1570 1503 see.
1585 1473 1746 1504 inimicum

273 1512 357 1542 Exc.
373 1512 506 1544 Scliott.
523 1514 725 1554 timidumque
741 1515 938 1554 conjecerat
954 1515 1114 1545 Hensius.
1130 1515 1283 1545 haustara
1296 1516 1377 1546 Vat.
1392 1524 1442 1554 pr.
1461 1519 1496 1545 et
1515 1519 1594 1546 tert.
1609 1516 1745 1546 hausura

275 1555 424 1585 Florem.
449 1556 513 1586 inc.
542 1556 660 1586 Heins.
690 1558 820 1587 Bonon.
848 1557 932 1587 Exc.
958 1557 1080 1587 Petav.
1107 1562 1220 1597 quart.
1248 1558 1401 1588 exhausta
1428 1558 1509 1588 Vat.
1527 1563 1638 1598 quart.
1665 1557 1744 1590 Pal.

275 1596 395 1627 Heius.
424 1597 469 1629 H.
496 1598 563 1628 duo
589 1598 684 1628 Med.
711 1599 899 1638 nimiumque
920 1600 1072 1630 exhausta
1099 1600 1180 1632 Jun.
1207 1609 1260 1640 Dr.
1285 1600 1473 1640 nimiumque
1499 1600 1650 1631 haustum
1677 1600 1745 1631 duo

273 1639 386 1670 Oxon.
403 1640 510 1670 chart.
528 1640 648 1671 Heius.
665 1641 855 1681 nimiumque
882 1641 1018 1672 hausura
1041 1642 1142 1673 Voss.
1159 1652 1209 1682 pr.
1225 1643 1306 1674 Jun.
1333 1652 1400 1674 sec.
1417 1643 1520 1673 rivum
1535 1643 1671 1674 hausura
1687 1644 1743 1674 vel

272 1682 425 1713 haustui-a
438 1684 536 1713 Voss.
555 1686 733 1714 sea—268
757 1685 907 1714 reddatur
924 1695 983 1724 pro
999 1685 1145 1715 tardatur
1161 1686 1282 1716 Petav.
1302 1688 1492 1716 tert.—269
1513 1686 1657 1724 genitrix
1680 1689 1746 1717 toto

272 1725 352 1756 Vat.
377 1735 430 1765 pr.
457 1726 607 1758 chartac.
634 1726 754 1757 Heius.
778 1727 861 1757 Exc.
889 1727 1015 1759 Petav.
1042 1732 1154 1768 quart.
1183 1727 1262 1758 Ald.
1290 1728 1345 1759 ed.
1376 1728 1492 1759 Parin.
1517 1733 1553 1759 et
1580 1729 1742 1760 Vicet.--

940 1816 1080 1848 NOTAE

313 1878 376 1906 264
413 1875 625 1917 Achaemenio]
662 1878 748 1918 Regi
786 1879 980 1919 Persarum,

272 1935 373 1967 quem
409 1936 451 1956 ex
478 1926 698 1959 Acliaemenia
728 1929 821 1960 tribu
851 1930 979 1971 eligere

270 1976 444 2007 solebant:
482 1984 581 2009 erant
608 1984 721 2009 autem
758 1985 828 2011 tres
858 1981 978 2019 tribus,

269 2027 478 2065 Pafiscores,
496 2028 764 2071 Achaemenidae,
776 2036 811 2061 et
826 2031 934 2072 Magi.

312 2077 481 2118 Ludibria]
518 2080 606 2110 Nam
645 2082 755 2121 Reges
792 2082 976 2114 Persarum

269 2127 360 2159 intra
373 2133 471 2169 septa
487 2129 574 2161 feras
598 2131 748 2172 alebant,
763 2133 886 2174 quibus
900 2144 977 2166 con·

269 2177 424 2210 ficiendis
441 2187 700 2214 exercerentur.

313 2233 375 2262 265
401 2233 642 2276 Tremelmnazcs]
666 2235 721 2266 Ob
747 2237 870 2278 tigrem
887 2239 977 2269 velo-

270 2281 341 2312 cius
353 2282 599 2323 insequentem.

313 2333 436 2363 IlIarito
452 2333 612 2376 Zephyro]
636 2336 714 2366 Non
733 2341 865 2367 tantum
891 2338 977 2369 Poe-

270 2388 330 2418 ta‘,
347 2383 405 2414 sed
433 2389 466 2414 ct
490 2385 547 2415 alii
565 2387 761 2426 scriptores,
784 2392 822 2417 ut
850 2387 979 2418 Aristo-

269 2435 368 2473 teles,
385 2434 586 2475 Columella,
602 2436 746 2476 Plinius,
770 2438 918 2477 Solinus,
943 2439 975 2469 S.

269 2484 495 2525 Augustinus,
534 2486 674 2517 tradunt
705 2488 823 2528 tigres,
860 2498 979 2529 equa&

269 2537 423 2578 gallinas,
439 2540 590 2569 vultures
607 2548 649 2569 ex
664 2545 766 2571 vento
783 2541 977 2581 concipere.

268 2588 370 2619 Unde
386 2589 517 2619 Statius
536 2589 577 2619 de
600 2590 736 2629 tigride,
758 2593 767 2607 ‘
786 2591 976 2631 Spirantem

268 2637 339 2670 fert
355 2649 413 2670 ore
431 2640 576 2670 virum?
611 2645 647 2671 et
673 2641 761 2681 apud
793 2642 976 2682 Lucilium,

267 2690 277 2706 ι
299 2689 493 2729 genitabilis
521 2700 601 2721 aura
630 2691 791 2729 Favoni;'
827 2696 863 2723 et
884 2693 976 2733 apud

271 2739 470 2781 Oppianum
499 2739 541 2771 de
574 2740 708 2783 tigride,
735 2741 824 2782 Αὐτῷ
853 2741 915 2783 γάρ
940 2755 977 2775 τε

1035 1878 1115 1910 θέειν
1139 1878 1228 1917 ἰκέλη
1240 1879 1362 1921 ζεφύρῳ
1377 1881 1539 1920 ’γενετῆριε
1566 1879 1633 1920 Ipsi
1658 1880 1741 1910 enim

1034 1941 1156 1962 currere
1185 1932 1299 1962 similis
1328 1936 1381 1962 est
1418 1931 1561 1971 Zephyro
1592 1930 1741 1969 genitori.

1034 1983 1146 2015 Quam
1162 1987 1275 2014 tamen
1289 1984 1363 2024 ipse
1377 1983 1570 2023 opinionem
1585 1991 1651 2013 non
1666 1990 1742 2022 pro·

1034 2034 1094 2065 bat
1111 2034 1302 2075 Oppianus.

1075 2088 1138 2116 266
1162 2085 1248 2116 Iram
1271 2086 1426 2126 dispergit
1448 2083 1595 2124 maculis]
1618 2083 1682 2115 Vel
1699 2092 1742 2115 ex

1032 2137 1113 2178 ipsis
1129 2137 1271 2168 maculis
1287 2136 1505 2168 horrentibus
1521 2140 1556 2166 et
1570 2134 1742 2176 flagranti-

1033 2187 1094 2217 bus
1111 2187 1302 2226 iracundia,
1315 2187 1398 2217 iram
1413 2195 1588 2226 agnoscas.

1075 2242 1138 2270 268
1166 2239 1284 2270 Vitreae
1298 2236 1429 2276 formae]
1455 2236 1590 2277 Raptor
1611 2236 1742 2267 catulo-

1032 2299 1105 2320 rum
1133 2290 1243 2330 tigris,
1259 2293 1297 2320 nt
1324 2287 1440 2318 eludat
1463 2290 1608 2318 matrem
1632 2286 1741 2317 immi-

1031 2344 1182 2378 nentem,
1198 2337 1338 2379 projicit
1365 2337 1553 2378 speculum,
1575 2337 1634 2368 illa
1646 2340 1743 2378 spee-

1033 2394 1095 2429 tat‚
1115 2389 1235 2427 haeret,
1254 2388 1348 2428 quasi
1364 2387 1483 2418 foetum
1499 2387 1683 2428 aspiciens,
1707 2391 1744 2419 et

1030 2441 1077 2471 sic
1092 2439 1181 2480 fugit
1197 2443 1315 2480 raptor
1329 2449 1337 2477 ;
1355 2448 1398 2469 ex
1414 2438 1605 2479 Pomponio
1622 2438 1738 2470 Mela:

1034 2491 1090 2521 alii
1108 2490 1225 2521 dicunt
1242 2500 1260 2520 a
1277 2494 1414 2530 raptore
1437 2499 1539 2520 unum
1557 2499 1599 2520 ex
1615 2488 1739 2520 catulis

1033 2540 1141 2581 raptis
1158 2540 1295 2581 projici,
1309 2549 1409 2581 quem
1427 2549 1505 2571 eum
1521 2543 1631 2570 mater
1646 2539 1740 2570 colli-

1033 2593 1095 2633 git,
1110 2596 1146 2622 et
1164 2595 1318 2631 reportat
1344 2590 1376 2620 in
1401 2594 1548 2630 autrum,
1563 2589 1636 2630 ipse
1651 2589 1739 2621 inte·

1033 2643 1095 2673 rim
1109 2641 1210 2682 fugit.

1073 2696 1137 2724 269
1160 2691 1357 2732 Bacchatur]
1396 2690 1511 2722 Instar
1537 2689 1738 2722 bacchantis

1031 2745 1164 2785 rapitur
1180 2748 1216 2775 et
1234 2742 1329 2775 furit.
1739 2750 1743 2754 ’

1846 338 1851 533 Ι

1846 536 1851 807 !

1846 812 1851 928 ι
