<?xml version="1.0" encoding="UTF-8"?>
<!DOCTYPE html PUBLIC "-//W3C//DTD XHTML 1.0 Transitional//EN"
    "http://www.w3.org/TR/xhtml1/DTD/xhtml1-transitional.dtd">
<html xmlns="http://www.w3.org/1999/xhtml" xml:lang="en" lang="en">
 <head>
  <title>
</title>
<meta http-equiv="Content-Type" content="text/html;charset=utf-8" />
  <meta name='ocr-system' content='tesseract 3.04.00' />
  <meta name='ocr-capabilities' content='ocr_page ocr_carea ocr_par ocr_line ocrx_word'/>
</head>
<body>
  <div class='ocr_page' id='page_1' title='image "./operaomniaexedit03clauuoft_0398.png"; bbox 0 0 1851 3213; ppageno 0'>
   <div class='ocr_carea' id='block_1_1' title="bbox 314 219 426 261">
    <p class='ocr_par' dir='ltr' id='par_1_1' title="bbox 314 219 426 261">
     <span class='ocr_line' id='line_1_1' title="bbox 314 219 426 261; baseline 0 -2"><span class='ocrx_word' id='word_1_1' title='bbox 314 219 426 261; x_wconf 77' lang='lat'>1:370</span> 
     </span>
    </p>
   </div>
   <div class='ocr_carea' id='block_1_2' title="bbox 303 324 1022 2889">
    <p class='ocr_par' dir='ltr' id='par_1_2' title="bbox 305 324 1022 567">
     <span class='ocr_line' id='line_1_2' title="bbox 305 324 1021 365; baseline -0.003 -9"><span class='ocrx_word' id='word_1_2' title='bbox 305 334 443 357; x_wconf 85' lang='lat' dir='ltr'>omnes.</span> <span class='ocrx_word' id='word_1_3' title='bbox 487 325 600 365; x_wconf 73' lang='lat' dir='ltr'>Vulgo</span> <span class='ocrx_word' id='word_1_4' title='bbox 624 324 683 355; x_wconf 76' lang='lat' dir='ltr'>hic.</span> <span class='ocrx_word' id='word_1_5' title='bbox 715 324 882 356; x_wconf 83' lang='lat' dir='ltr'>Juuianus</span> <span class='ocrx_word' id='word_1_6' title='bbox 908 327 1021 354; x_wconf 86' lang='lat' dir='ltr'>tamen</span> 
     </span>
     <span class='ocr_line' id='line_1_3' title="bbox 312 373 1020 416; baseline -0.003 -10"><span class='ocrx_word' id='word_1_7' title='bbox 312 377 368 406; x_wconf 64' lang='lat' dir='ltr'>sed</span> <span class='ocrx_word' id='word_1_8' title='bbox 379 375 520 416; x_wconf 77' lang='lat' dir='ltr'><em>principe</em></span> <span class='ocrx_word' id='word_1_9' title='bbox 530 376 706 415; x_wconf 82' lang='lat' dir='ltr'>eleganter</span> <span class='ocrx_word' id='word_1_10' title='bbox 721 375 836 405; x_wconf 82' lang='lat' dir='ltr'>etiam.</span> <span class='ocrx_word' id='word_1_11' title='bbox 881 373 1020 413; x_wconf 86' lang='lat' dir='ltr'>Gyrald.</span> 
     </span>
     <span class='ocr_line' id='line_1_4' title="bbox 313 424 1021 457; baseline -0.001 -3"><span class='ocrx_word' id='word_1_12' title='bbox 313 427 361 457; x_wconf 83' lang='lat' dir='ltr'>de.</span> <span class='ocrx_word' id='word_1_13' title='bbox 388 436 465 457; x_wconf 83' lang='lat' dir='ltr'>mox</span> <span class='ocrx_word' id='word_1_14' title='bbox 491 426 592 456; x_wconf 86' lang='lat' dir='ltr'>iidem</span> <span class='ocrx_word' id='word_1_15' title='bbox 620 425 661 455; x_wconf 88' lang='lat' dir='ltr'>ad</span> <span class='ocrx_word' id='word_1_16' title='bbox 690 435 792 455; x_wconf 80' lang='lat' dir='ltr'>Unum</span> <span class='ocrx_word' id='word_1_17' title='bbox 819 434 936 454; x_wconf 84' lang='lat' dir='ltr'>omnes</span> <span class='ocrx_word' id='word_1_18' title='bbox 961 424 1021 454; x_wconf 84' lang='lat' dir='ltr'>Cui</span> 
     </span>
     <span class='ocr_line' id='line_1_5' title="bbox 314 474 1022 516; baseline 0 -10"><span class='ocrx_word' id='word_1_19' title='bbox 314 476 456 508; x_wconf 81' lang='lat' dir='ltr'>Mariam</span> <span class='ocrx_word' id='word_1_20' title='bbox 469 477 570 515; x_wconf 82' lang='lat' dir='ltr'>(lebes,</span> <span class='ocrx_word' id='word_1_21' title='bbox 587 485 652 506; x_wconf 91' lang='lat' dir='ltr'>non</span> <span class='ocrx_word' id='word_1_22' title='bbox 668 475 787 516; x_wconf 65' lang='lat' dir='ltr'>differs.</span> <span class='ocrx_word' id='word_1_23' title='bbox 801 474 890 516; x_wconf 87' lang='lat' dir='ltr'>quod</span> <span class='ocrx_word' id='word_1_24' title='bbox 907 478 941 506; x_wconf 89' lang='lat' dir='ltr'>et</span> <span class='ocrx_word' id='word_1_25' title='bbox 959 475 1022 506; x_wconf 82' lang='lat' dir='ltr'>Ra-</span> 
     </span>
     <span class='ocr_line' id='line_1_6' title="bbox 313 526 636 567; baseline -0.003 -10"><span class='ocrx_word' id='word_1_26' title='bbox 313 527 402 567; x_wconf 86' lang='lat' dir='ltr'>phel.</span> <span class='ocrx_word' id='word_1_27' title='bbox 419 526 514 559; x_wconf 88' lang='lat' dir='ltr'>vidit.</span> <span class='ocrx_word' id='word_1_28' title='bbox 538 528 636 557; x_wconf 82' lang='lat' dir='ltr'><strong><em>Idem.</em></strong></span> 
     </span>
    </p>

    <p class='ocr_par' dir='ltr' id='par_1_3' title="bbox 311 576 1018 760">
     <span class='ocr_line' id='line_1_7' title="bbox 357 576 1018 617; baseline -0.003 -9"><span class='ocrx_word' id='word_1_29' title='bbox 357 581 398 608; x_wconf 81' lang='lat'>36</span> <span class='ocrx_word' id='word_1_30' title='bbox 431 577 501 607; x_wconf 81' lang='lat' dir='ltr'>Sibi</span> <span class='ocrx_word' id='word_1_31' title='bbox 527 580 557 608; x_wconf 87' lang='lat' dir='ltr'>te</span> <span class='ocrx_word' id='word_1_32' title='bbox 579 576 744 617; x_wconf 81' lang='lat' dir='ltr'><strong><em>generum]</em></strong></span> <span class='ocrx_word' id='word_1_33' title='bbox 781 576 898 607; x_wconf 85' lang='lat' dir='ltr'>Gener</span> <span class='ocrx_word' id='word_1_34' title='bbox 929 576 1018 607; x_wconf 88' lang='lat' dir='ltr'>enim</span> 
     </span>
     <span class='ocr_line' id='line_1_8' title="bbox 311 627 1018 668; baseline -0.003 -9"><span class='ocrx_word' id='word_1_35' title='bbox 311 628 453 660; x_wconf 81' lang='lat' dir='ltr'>Stilicho</span> <span class='ocrx_word' id='word_1_36' title='bbox 469 627 659 666; x_wconf 77' lang='lat' dir='ltr'><strong>Theodosii,</strong></span> <span class='ocrx_word' id='word_1_37' title='bbox 674 627 754 668; x_wconf 86' lang='lat' dir='ltr'>quia</span> <span class='ocrx_word' id='word_1_38' title='bbox 780 627 940 658; x_wconf 80' lang='lat' dir='ltr'>Serenam</span> <span class='ocrx_word' id='word_1_39' title='bbox 959 627 1018 658; x_wconf 90' lang='lat' dir='ltr'>du-</span> 
     </span>
     <span class='ocr_line' id='line_1_9' title="bbox 312 676 1018 719; baseline 0.001 -12"><span class='ocrx_word' id='word_1_40' title='bbox 312 683 423 718; x_wconf 80' lang='lat' dir='ltr'>xerat,</span> <span class='ocrx_word' id='word_1_41' title='bbox 440 687 539 719; x_wconf 87' lang='lat' dir='ltr'>quam</span> <span class='ocrx_word' id='word_1_42' title='bbox 556 677 753 718; x_wconf 85' lang='lat' dir='ltr'>adoptarat,</span> <span class='ocrx_word' id='word_1_43' title='bbox 770 676 884 708; x_wconf 84' lang='lat' dir='ltr'>fratris</span> <span class='ocrx_word' id='word_1_44' title='bbox 901 677 1018 717; x_wconf 85' lang='lat' dir='ltr'>filiam,</span> 
     </span>
     <span class='ocr_line' id='line_1_10' title="bbox 311 729 675 760; baseline 0 0"><span class='ocrx_word' id='word_1_45' title='bbox 311 729 530 760; x_wconf 81' lang='lat' dir='ltr'>Theodosius.</span> <span class='ocrx_word' id='word_1_46' title='bbox 558 729 675 760; x_wconf 78' lang='lat' dir='ltr'>Barth.</span> 
     </span>
    </p>

    <p class='ocr_par' dir='ltr' id='par_1_4' title="bbox 310 779 1019 1071">
     <span class='ocr_line' id='line_1_11' title="bbox 356 779 1017 819; baseline -0.002 -8"><span class='ocrx_word' id='word_1_47' title='bbox 356 783 396 811; x_wconf 82' lang='lat'>37</span> <span class='ocrx_word' id='word_1_48' title='bbox 418 781 478 811; x_wconf 82' lang='lat' dir='ltr'>Cui</span> <span class='ocrx_word' id='word_1_49' title='bbox 498 780 634 810; x_wconf 74' lang='lat' dir='ltr'>Mariam</span> <span class='ocrx_word' id='word_1_50' title='bbox 648 779 774 819; x_wconf 63' lang='lat' dir='ltr'>differs]</span> <span class='ocrx_word' id='word_1_51' title='bbox 800 779 859 808; x_wconf 87' lang='lat' dir='ltr'>Me</span> <span class='ocrx_word' id='word_1_52' title='bbox 876 784 1017 810; x_wconf 85' lang='lat' dir='ltr'>auctore</span> 
     </span>
     <span class='ocr_line' id='line_1_12' title="bbox 312 828 1018 867; baseline -0.004 -7"><span class='ocrx_word' id='word_1_53' title='bbox 312 829 395 860; x_wconf 89' lang='lat' dir='ltr'>nihil</span> <span class='ocrx_word' id='word_1_54' title='bbox 412 829 612 867; x_wconf 83' lang='lat' dir='ltr'>mutabitur,</span> <span class='ocrx_word' id='word_1_55' title='bbox 628 833 664 858; x_wconf 88' lang='lat' dir='ltr'>et</span> <span class='ocrx_word' id='word_1_56' title='bbox 689 828 827 858; x_wconf 88' lang='lat' dir='ltr'>videtur</span> <span class='ocrx_word' id='word_1_57' title='bbox 843 828 926 858; x_wconf 89' lang='lat' dir='ltr'>illud</span> <span class='ocrx_word' id='word_1_58' title='bbox 944 828 1018 858; x_wconf 86' lang='lat' dir='ltr'>Ma-</span> 
     </span>
     <span class='ocr_line' id='line_1_13' title="bbox 312 878 1018 919; baseline -0.003 -9"><span class='ocrx_word' id='word_1_59' title='bbox 312 880 404 910; x_wconf 79' lang='lat' dir='ltr'>ronis</span> <span class='ocrx_word' id='word_1_60' title='bbox 422 878 641 919; x_wconf 80' lang='lat' dir='ltr'><strong>adspexisse:</strong></span> <span class='ocrx_word' id='word_1_61' title='bbox 666 879 836 908; x_wconf 87' lang='lat' dir='ltr'>‘Turnum</span> <span class='ocrx_word' id='word_1_62' title='bbox 859 878 933 918; x_wconf 85' lang='lat' dir='ltr'>jam</span> <span class='ocrx_word' id='word_1_63' title='bbox 960 878 1018 908; x_wconf 89' lang='lat' dir='ltr'>de-</span> 
     </span>
     <span class='ocr_line' id='line_1_14' title="bbox 313 927 1018 960; baseline -0.001 -1"><span class='ocrx_word' id='word_1_64' title='bbox 313 929 394 960; x_wconf 88' lang='lat' dir='ltr'>bent</span> <span class='ocrx_word' id='word_1_65' title='bbox 415 929 488 959; x_wconf 78' lang='lat' dir='ltr'>haec</span> <span class='ocrx_word' id='word_1_66' title='bbox 513 928 594 958; x_wconf 90' lang='lat' dir='ltr'>mihi</span> <span class='ocrx_word' id='word_1_67' title='bbox 623 927 740 959; x_wconf 81' lang='lat' dir='ltr'>sacra.’</span> <span class='ocrx_word' id='word_1_68' title='bbox 784 927 903 959; x_wconf 77' lang='lat' dir='ltr'><em>Deberi</em></span> <span class='ocrx_word' id='word_1_69' title='bbox 929 927 1018 958; x_wconf 88' lang='lat' dir='ltr'>enim</span> 
     </span>
     <span class='ocr_line' id='line_1_15' title="bbox 310 977 1019 1020; baseline -0.003 -10"><span class='ocrx_word' id='word_1_70' title='bbox 310 980 430 1011; x_wconf 89' lang='lat' dir='ltr'>dicunt</span> <span class='ocrx_word' id='word_1_71' title='bbox 442 979 577 1019; x_wconf 65' lang='lat' dir='ltr'>Poetae,</span> <span class='ocrx_word' id='word_1_72' title='bbox 591 980 686 1010; x_wconf 89' lang='lat' dir='ltr'>velut</span> <span class='ocrx_word' id='word_1_73' title='bbox 703 978 791 1010; x_wconf 85' lang='lat' dir='ltr'>datis</span> <span class='ocrx_word' id='word_1_74' title='bbox 807 977 1019 1020; x_wconf 79' lang='lat' dir='ltr'>syngraphis,</span> 
     </span>
     <span class='ocr_line' id='line_1_16' title="bbox 311 1028 964 1071; baseline 0 -11"><span class='ocrx_word' id='word_1_75' title='bbox 311 1029 401 1071; x_wconf 86' lang='lat' dir='ltr'>quod</span> <span class='ocrx_word' id='word_1_76' title='bbox 417 1029 517 1061; x_wconf 84' lang='lat' dir='ltr'>alicui</span> <span class='ocrx_word' id='word_1_77' title='bbox 533 1034 585 1060; x_wconf 85' lang='lat' dir='ltr'>est</span> <span class='ocrx_word' id='word_1_78' title='bbox 603 1028 825 1060; x_wconf 86' lang='lat' dir='ltr'>destinatum.</span> <span class='ocrx_word' id='word_1_79' title='bbox 849 1029 964 1060; x_wconf 83' lang='lat' dir='ltr'>Barth.</span> 
     </span>
    </p>

    <p class='ocr_par' dir='ltr' id='par_1_5' title="bbox 308 1079 1020 1574">
     <span class='ocr_line' id='line_1_17' title="bbox 361 1079 1018 1120; baseline 0.002 -10"><span class='ocrx_word' id='word_1_80' title='bbox 361 1079 472 1111; x_wconf 80' lang='lat' dir='ltr'>Foedns</span> <span class='ocrx_word' id='word_1_81' title='bbox 500 1080 577 1110; x_wconf 71' lang='lat' dir='ltr'>mihi</span> <span class='ocrx_word' id='word_1_82' title='bbox 617 1080 698 1110; x_wconf 73' lang='lat' dir='ltr'>solve</span> <span class='ocrx_word' id='word_1_83' title='bbox 725 1080 904 1120; x_wconf 83' lang='lat' dir='ltr'>paternum]</span> <span class='ocrx_word' id='word_1_84' title='bbox 950 1080 1018 1111; x_wconf 80' lang='lat' dir='ltr'>Foe-</span> 
     </span>
     <span class='ocr_line' id='line_1_18' title="bbox 310 1130 1019 1171; baseline 0 -11"><span class='ocrx_word' id='word_1_85' title='bbox 310 1139 368 1160; x_wconf 80' lang='lat' dir='ltr'>nus</span> <span class='ocrx_word' id='word_1_86' title='bbox 382 1130 511 1171; x_wconf 90' lang='lat' dir='ltr'>optime</span> <span class='ocrx_word' id='word_1_87' title='bbox 529 1130 709 1161; x_wconf 83' lang='lat' dir='ltr'>Petaviaui</span> <span class='ocrx_word' id='word_1_88' title='bbox 730 1130 796 1161; x_wconf 86' lang='lat' dir='ltr'>duo</span> <span class='ocrx_word' id='word_1_89' title='bbox 812 1140 888 1161; x_wconf 90' lang='lat' dir='ltr'>cum</span> <span class='ocrx_word' id='word_1_90' title='bbox 911 1130 1019 1170; x_wconf 86' lang='lat' dir='ltr'>primo</span> 
     </span>
     <span class='ocr_line' id='line_1_19' title="bbox 311 1180 1020 1220; baseline 0.001 -10"><span class='ocrx_word' id='word_1_91' title='bbox 311 1180 493 1219; x_wconf 80' lang='lat' dir='ltr'>Vaticano,</span> <span class='ocrx_word' id='word_1_92' title='bbox 515 1180 705 1220; x_wconf 70' lang='lat' dir='ltr'>Pricaeano,</span> <span class='ocrx_word' id='word_1_93' title='bbox 721 1185 756 1211; x_wconf 88' lang='lat' dir='ltr'>et</span> <span class='ocrx_word' id='word_1_94' title='bbox 780 1180 965 1212; x_wconf 70' lang='lat' dir='ltr'>Oisvliano.</span> <span class='ocrx_word' id='word_1_95' title='bbox 982 1186 1020 1211; x_wconf 94' lang='lat' dir='ltr'>ut</span> 
     </span>
     <span class='ocr_line' id='line_1_20' title="bbox 310 1231 1019 1271; baseline -0.001 -9"><span class='ocrx_word' id='word_1_96' title='bbox 310 1231 401 1271; x_wconf 87' lang='lat' dir='ltr'>apud</span> <span class='ocrx_word' id='word_1_97' title='bbox 434 1232 596 1271; x_wconf 87' lang='lat' dir='ltr'>Propert.</span> <span class='ocrx_word' id='word_1_98' title='bbox 620 1232 628 1248; x_wconf 86' lang='lat'>‘</span> <span class='ocrx_word' id='word_1_99' title='bbox 646 1231 746 1270; x_wconf 76' lang='lat' dir='ltr'>Saepe</span> <span class='ocrx_word' id='word_1_100' title='bbox 775 1231 869 1261; x_wconf 88' lang='lat' dir='ltr'>venit</span> <span class='ocrx_word' id='word_1_101' title='bbox 897 1241 1019 1271; x_wconf 83' lang='lat' dir='ltr'>magno</span> 
     </span>
     <span class='ocr_line' id='line_1_21' title="bbox 309 1280 1020 1312; baseline 0.001 -1"><span class='ocrx_word' id='word_1_102' title='bbox 309 1280 439 1312; x_wconf 78' lang='lat' dir='ltr'>foenore.</span> <span class='ocrx_word' id='word_1_103' title='bbox 456 1281 574 1312; x_wconf 85' lang='lat' dir='ltr'>tardus</span> <span class='ocrx_word' id='word_1_104' title='bbox 590 1280 705 1311; x_wconf 65' lang='lat' dir='ltr'>amor!</span> <span class='ocrx_word' id='word_1_105' title='bbox 730 1285 766 1311; x_wconf 87' lang='lat' dir='ltr'>et</span> <span class='ocrx_word' id='word_1_106' title='bbox 782 1281 882 1312; x_wconf 79' lang='lat' dir='ltr'>alibi:</span> <span class='ocrx_word' id='word_1_107' title='bbox 907 1281 915 1297; x_wconf 88' lang='lat'>‘</span> <span class='ocrx_word' id='word_1_108' title='bbox 935 1282 1020 1312; x_wconf 84' lang='lat' dir='ltr'>Post</span> 
     </span>
     <span class='ocr_line' id='line_1_22' title="bbox 309 1330 1019 1371; baseline 0.001 -9"><span class='ocrx_word' id='word_1_109' title='bbox 309 1332 438 1362; x_wconf 87' lang='lat' dir='ltr'>obitum</span> <span class='ocrx_word' id='word_1_110' title='bbox 456 1331 583 1371; x_wconf 81' lang='lat' dir='ltr'>duplici</span> <span class='ocrx_word' id='word_1_111' title='bbox 601 1330 729 1362; x_wconf 79' lang='lat' dir='ltr'>foenore</span> <span class='ocrx_word' id='word_1_112' title='bbox 755 1330 877 1361; x_wconf 84' lang='lat' dir='ltr'>reddat</span> <span class='ocrx_word' id='word_1_113' title='bbox 893 1331 1019 1363; x_wconf 88' lang='lat' dir='ltr'>honor.’</span> 
     </span>
     <span class='ocr_line' id='line_1_23' title="bbox 311 1381 1020 1422; baseline 0 -10"><span class='ocrx_word' id='word_1_114' title='bbox 311 1381 351 1412; x_wconf 86' lang='lat' dir='ltr'>In</span> <span class='ocrx_word' id='word_1_115' title='bbox 369 1382 576 1422; x_wconf 82' lang='lat' dir='ltr'>agricultura</span> <span class='ocrx_word' id='word_1_116' title='bbox 593 1381 695 1412; x_wconf 85' lang='lat' dir='ltr'>etiam</span> <span class='ocrx_word' id='word_1_117' title='bbox 722 1381 812 1421; x_wconf 87' lang='lat' dir='ltr'>apud</span> <span class='ocrx_word' id='word_1_118' title='bbox 838 1381 958 1421; x_wconf 63' lang='lat' dir='ltr'>poetas</span> <span class='ocrx_word' id='word_1_119' title='bbox 976 1382 1020 1412; x_wconf 94' lang='lat' dir='ltr'>lo-</span> 
     </span>
     <span class='ocr_line' id='line_1_24' title="bbox 310 1433 1018 1465; baseline 0.001 -1"><span class='ocrx_word' id='word_1_120' title='bbox 310 1443 386 1464; x_wconf 93' lang='lat' dir='ltr'>cum</span> <span class='ocrx_word' id='word_1_121' title='bbox 403 1433 506 1464; x_wconf 81' lang='lat' dir='ltr'>habet</span> <span class='ocrx_word' id='word_1_122' title='bbox 523 1443 560 1464; x_wconf 83' lang='lat' dir='ltr'>ea</span> <span class='ocrx_word' id='word_1_123' title='bbox 578 1443 655 1465; x_wconf 80' lang='lat' dir='ltr'>vox.</span> <span class='ocrx_word' id='word_1_124' title='bbox 681 1439 717 1465; x_wconf 91' lang='lat' dir='ltr'>ut</span> <span class='ocrx_word' id='word_1_125' title='bbox 734 1434 768 1464; x_wconf 90' lang='lat' dir='ltr'>in</span> <span class='ocrx_word' id='word_1_126' title='bbox 783 1434 839 1464; x_wconf 92' lang='lat' dir='ltr'>illo</span> <span class='ocrx_word' id='word_1_127' title='bbox 853 1434 1018 1465; x_wconf 88' lang='lat' dir='ltr'>Nasonis:</span> 
     </span>
     <span class='ocr_line' id='line_1_25' title="bbox 308 1483 1020 1525; baseline 0.004 -12"><span class='ocrx_word' id='word_1_128' title='bbox 308 1484 317 1499; x_wconf 84' lang='lat'>‘</span> <span class='ocrx_word' id='word_1_129' title='bbox 347 1483 556 1524; x_wconf 86' lang='lat' dir='ltr'>Hordeaque</span> <span class='ocrx_word' id='word_1_130' title='bbox 585 1484 716 1525; x_wconf 84' lang='lat' dir='ltr'>ingenti</span> <span class='ocrx_word' id='word_1_131' title='bbox 744 1483 876 1515; x_wconf 86' lang='lat' dir='ltr'>foenore</span> <span class='ocrx_word' id='word_1_132' title='bbox 912 1485 1020 1516; x_wconf 85' lang='lat' dir='ltr'>solvat</span> 
     </span>
     <span class='ocr_line' id='line_1_26' title="bbox 309 1533 619 1574; baseline 0.006 -10"><span class='ocrx_word' id='word_1_133' title='bbox 309 1533 415 1574; x_wconf 86' lang='lat' dir='ltr'>ager.&#39;</span> <span class='ocrx_word' id='word_1_134' title='bbox 443 1534 487 1565; x_wconf 90' lang='lat' dir='ltr'>D.</span> <span class='ocrx_word' id='word_1_135' title='bbox 507 1535 619 1567; x_wconf 71' lang='lat' dir='ltr'>Heius.</span> 
     </span>
    </p>

    <p class='ocr_par' dir='ltr' id='par_1_6' title="bbox 353 1585 1018 1626">
     <span class='ocr_line' id='line_1_27' title="bbox 353 1585 1018 1626; baseline 0.005 -11"><span class='ocrx_word' id='word_1_136' title='bbox 353 1587 394 1615; x_wconf 78' lang='lat'>38</span> <span class='ocrx_word' id='word_1_137' title='bbox 419 1586 524 1626; x_wconf 80' lang='lat' dir='ltr'>Aulae]</span> <span class='ocrx_word' id='word_1_138' title='bbox 547 1585 673 1617; x_wconf 87' lang='lat' dir='ltr'>Domui</span> <span class='ocrx_word' id='word_1_139' title='bbox 691 1586 869 1618; x_wconf 70' lang='lat' dir='ltr'>Caesareae.</span> <span class='ocrx_word' id='word_1_140' title='bbox 902 1586 1018 1618; x_wconf 82' lang='lat' dir='ltr'><strong><em>Barth.</em></strong></span> 
     </span>
    </p>

    <p class='ocr_par' dir='ltr' id='par_1_7' title="bbox 309 1635 1020 2120">
     <span class='ocr_line' id='line_1_28' title="bbox 353 1635 1017 1677; baseline 0.005 -12"><span class='ocrx_word' id='word_1_141' title='bbox 353 1637 394 1666; x_wconf 80' lang='lat'>39</span> <span class='ocrx_word' id='word_1_142' title='bbox 420 1635 535 1666; x_wconf 68' lang='lat' dir='ltr'>Patr-uz·</span> <span class='ocrx_word' id='word_1_143' title='bbox 548 1637 693 1677; x_wconf 83' lang='lat' dir='ltr'><strong><em>germen]</em></strong></span> <span class='ocrx_word' id='word_1_144' title='bbox 716 1636 862 1667; x_wconf 81' lang='lat' dir='ltr'>Patrium</span> <span class='ocrx_word' id='word_1_145' title='bbox 878 1637 1017 1669; x_wconf 83' lang='lat' dir='ltr'>Junian.</span> 
     </span>
     <span class='ocr_line' id='line_1_29' title="bbox 311 1685 1020 1727; baseline 0.003 -11"><span class='ocrx_word' id='word_1_146' title='bbox 311 1685 415 1717; x_wconf 80' lang='lat' dir='ltr'>Forte</span> <span class='ocrx_word' id='word_1_147' title='bbox 442 1689 600 1726; x_wconf 79' lang='lat' dir='ltr'>patruum.</span> <span class='ocrx_word' id='word_1_148' title='bbox 628 1691 666 1717; x_wconf 92' lang='lat' dir='ltr'>ut</span> <span class='ocrx_word' id='word_1_149' title='bbox 688 1688 697 1703; x_wconf 87' lang='lat'>‘</span> <span class='ocrx_word' id='word_1_150' title='bbox 716 1691 848 1727; x_wconf 83' lang='lat' dir='ltr'>patruae</span> <span class='ocrx_word' id='word_1_151' title='bbox 876 1687 1020 1718; x_wconf 84' lang='lat' dir='ltr'>verbera</span> 
     </span>
     <span class='ocr_line' id='line_1_30' title="bbox 310 1735 1016 1776; baseline 0.003 -10"><span class='ocrx_word' id='word_1_152' title='bbox 310 1735 445 1776; x_wconf 85' lang='lat' dir='ltr'>linguae&#39;</span> <span class='ocrx_word' id='word_1_153' title='bbox 463 1737 554 1776; x_wconf 85' lang='lat' dir='ltr'>apud</span> <span class='ocrx_word' id='word_1_154' title='bbox 582 1737 706 1767; x_wconf 82' lang='lat' dir='ltr'>Horat.</span> <span class='ocrx_word' id='word_1_155' title='bbox 734 1737 837 1767; x_wconf 80' lang='lat' dir='ltr'>Ovid.</span> <span class='ocrx_word' id='word_1_156' title='bbox 854 1738 946 1768; x_wconf 83' lang='lat' dir='ltr'>Fast.</span> <span class='ocrx_word' id='word_1_157' title='bbox 967 1747 1016 1768; x_wconf 83' lang='grc' dir='ltr'>ιν.</span> 
     </span>
     <span class='ocr_line' id='line_1_31' title="bbox 309 1786 1017 1827; baseline 0.001 -11"><span class='ocrx_word' id='word_1_158' title='bbox 309 1786 317 1801; x_wconf 91' lang='lat'>‘</span> <span class='ocrx_word' id='word_1_159' title='bbox 333 1786 423 1817; x_wconf 88' lang='lat' dir='ltr'>Ense</span> <span class='ocrx_word' id='word_1_160' title='bbox 441 1786 534 1817; x_wconf 80' lang='lat' dir='ltr'>cadit</span> <span class='ocrx_word' id='word_1_161' title='bbox 558 1791 681 1826; x_wconf 85' lang='lat' dir='ltr'>patruo</span> <span class='ocrx_word' id='word_1_162' title='bbox 710 1786 859 1818; x_wconf 65' lang='lat' dir='ltr'>Lausus!</span> <span class='ocrx_word' id='word_1_163' title='bbox 882 1787 929 1817; x_wconf 89' lang='lat' dir='ltr'>sic</span> <span class='ocrx_word' id='word_1_164' title='bbox 959 1797 1017 1827; x_wconf 90' lang='lat' dir='ltr'>op-</span> 
     </span>
     <span class='ocr_line' id='line_1_32' title="bbox 311 1836 1017 1868; baseline 0.003 -2"><span class='ocrx_word' id='word_1_165' title='bbox 311 1836 411 1868; x_wconf 78' lang='lat' dir='ltr'>tImus</span> <span class='ocrx_word' id='word_1_166' title='bbox 436 1837 532 1868; x_wconf 91' lang='lat' dir='ltr'>liber.</span> <span class='ocrx_word' id='word_1_167' title='bbox 559 1846 608 1867; x_wconf 75' lang='lat' dir='ltr'>vr.</span> <span class='ocrx_word' id='word_1_168' title='bbox 634 1837 734 1868; x_wconf 79' lang='lat' dir='ltr'>Cous.</span> <span class='ocrx_word' id='word_1_169' title='bbox 760 1836 849 1868; x_wconf 89' lang='lat' dir='ltr'>Hon.</span> <span class='ocrx_word' id='word_1_170' title='bbox 879 1839 887 1854; x_wconf 75' lang='lat'><strong><em>⁶</em></strong></span> <span class='ocrx_word' id='word_1_171' title='bbox 907 1837 1017 1868; x_wconf 84' lang='lat' dir='ltr'>Resti-</span> 
     </span>
     <span class='ocr_line' id='line_1_33' title="bbox 310 1886 1016 1928; baseline 0 -10"><span class='ocrx_word' id='word_1_172' title='bbox 310 1886 376 1919; x_wconf 83' lang='lat' dir='ltr'>tuit</span> <span class='ocrx_word' id='word_1_173' title='bbox 406 1888 549 1928; x_wconf 75' lang='lat' dir='ltr'>sceptris</span> <span class='ocrx_word' id='word_1_174' title='bbox 576 1887 727 1927; x_wconf 72' lang='lat' dir='ltr'>patruiS.’</span> <span class='ocrx_word' id='word_1_175' title='bbox 760 1888 808 1918; x_wconf 84' lang='lat' dir='ltr'>ita</span> <span class='ocrx_word' id='word_1_176' title='bbox 834 1888 1016 1927; x_wconf 77' lang='lat' dir='ltr'>legendum</span> 
     </span>
     <span class='ocr_line' id='line_1_34' title="bbox 310 1937 1019 1978; baseline 0.003 -11"><span class='ocrx_word' id='word_1_177' title='bbox 310 1937 459 1978; x_wconf 86' lang='lat' dir='ltr'>videtur,</span> <span class='ocrx_word' id='word_1_178' title='bbox 484 1947 561 1969; x_wconf 88' lang='lat' dir='ltr'>cum</span> <span class='ocrx_word' id='word_1_179' title='bbox 588 1938 708 1978; x_wconf 83' lang='lat' dir='ltr'>scripti</span> <span class='ocrx_word' id='word_1_180' title='bbox 726 1938 877 1968; x_wconf 85' lang='lat' dir='ltr'>nonnulli</span> <span class='ocrx_word' id='word_1_181' title='bbox 901 1939 1019 1978; x_wconf 78' lang='lat' dir='ltr'>patriis</span> 
     </span>
     <span class='ocr_line' id='line_1_35' title="bbox 309 1987 1019 2028; baseline 0.001 -10"><span class='ocrx_word' id='word_1_182' title='bbox 309 1988 504 2019; x_wconf 82' lang='lat' dir='ltr'>exhibeant.</span> <span class='ocrx_word' id='word_1_183' title='bbox 550 1987 729 2019; x_wconf 80' lang='lat' dir='ltr'>Adeantur</span> <span class='ocrx_word' id='word_1_184' title='bbox 746 1998 821 2028; x_wconf 80' lang='lat' dir='ltr'>quae</span> <span class='ocrx_word' id='word_1_185' title='bbox 846 1988 887 2018; x_wconf 83' lang='lat' dir='ltr'>ad</span> <span class='ocrx_word' id='word_1_186' title='bbox 914 1989 1019 2019; x_wconf 83' lang='lat' dir='ltr'>Naso-</span> 
     </span>
     <span class='ocr_line' id='line_1_36' title="bbox 310 2038 1016 2072; baseline 0.004 -4"><span class='ocrx_word' id='word_1_187' title='bbox 310 2048 389 2069; x_wconf 89' lang='lat' dir='ltr'>nem</span> <span class='ocrx_word' id='word_1_188' title='bbox 407 2038 521 2069; x_wconf 89' lang='lat' dir='ltr'>notavi</span> <span class='ocrx_word' id='word_1_189' title='bbox 550 2039 669 2070; x_wconf 87' lang='lat' dir='ltr'>Amor.</span> <span class='ocrx_word' id='word_1_190' title='bbox 685 2047 742 2069; x_wconf 85' lang='lat'>111.</span> <span class='ocrx_word' id='word_1_191' title='bbox 771 2039 824 2070; x_wconf 90' lang='lat' dir='ltr'>El.</span> <span class='ocrx_word' id='word_1_192' title='bbox 841 2042 872 2070; x_wconf 85' lang='lat'>6.</span> <span class='ocrx_word' id='word_1_193' title='bbox 899 2049 946 2071; x_wconf 87' lang='lat' dir='ltr'>vs.</span> <span class='ocrx_word' id='word_1_194' title='bbox 963 2042 1016 2072; x_wconf 77' lang='lat'>49.</span> 
     </span>
     <span class='ocr_line' id='line_1_37' title="bbox 309 2088 480 2120; baseline 0 -1"><span class='ocrx_word' id='word_1_195' title='bbox 309 2088 352 2120; x_wconf 88' lang='lat' dir='ltr'>D.</span> <span class='ocrx_word' id='word_1_196' title='bbox 367 2088 480 2119; x_wconf 79' lang='lat' dir='ltr'>Heius.</span> 
     </span>
    </p>

    <p class='ocr_par' dir='ltr' id='par_1_8' title="bbox 303 2139 1017 2380">
     <span class='ocr_line' id='line_1_38' title="bbox 352 2139 1017 2180; baseline 0.005 -12"><span class='ocrx_word' id='word_1_197' title='bbox 352 2139 413 2169; x_wconf 78' lang='lat' dir='ltr'>Cui</span> <span class='ocrx_word' id='word_1_198' title='bbox 439 2139 572 2169; x_wconf 80' lang='lat' dir='ltr'>nominis</span> <span class='ocrx_word' id='word_1_199' title='bbox 595 2139 693 2170; x_wconf 82' lang='lat' dir='ltr'>hoeres</span> <span class='ocrx_word' id='word_1_200' title='bbox 714 2140 856 2180; x_wconf 69' lang='lat' dir='ltr'>successi]</span> <span class='ocrx_word' id='word_1_201' title='bbox 907 2141 1017 2172; x_wconf 89' lang='lat' dir='ltr'>Notus</span> 
     </span>
     <span class='ocr_line' id='line_1_39' title="bbox 303 2188 1016 2230; baseline 0.003 -11"><span class='ocrx_word' id='word_1_202' title='bbox 303 2190 378 2228; x_wconf 87' lang='lat' dir='ltr'>jam</span> <span class='ocrx_word' id='word_1_203' title='bbox 403 2188 512 2220; x_wconf 83' lang='lat' dir='ltr'>frater</span> <span class='ocrx_word' id='word_1_204' title='bbox 535 2189 716 2220; x_wconf 84' lang='lat' dir='ltr'>Theodosii</span> <span class='ocrx_word' id='word_1_205' title='bbox 739 2190 922 2230; x_wconf 89' lang='lat' dir='ltr'>Principis,</span> <span class='ocrx_word' id='word_1_206' title='bbox 945 2190 1016 2221; x_wconf 91' lang='lat' dir='ltr'>Ho-</span> 
     </span>
     <span class='ocr_line' id='line_1_40' title="bbox 308 2239 1016 2278; baseline 0.004 -9"><span class='ocrx_word' id='word_1_207' title='bbox 308 2239 436 2278; x_wconf 82' lang='lat' dir='ltr'>norius,</span> <span class='ocrx_word' id='word_1_208' title='bbox 462 2240 617 2270; x_wconf 86' lang='lat' dir='ltr'>laudibus</span> <span class='ocrx_word' id='word_1_209' title='bbox 634 2240 785 2271; x_wconf 75' lang='lat' dir='ltr'>Serenae.</span> <span class='ocrx_word' id='word_1_210' title='bbox 832 2241 913 2272; x_wconf 83' lang='lat' dir='ltr'>Fuit</span> <span class='ocrx_word' id='word_1_211' title='bbox 934 2251 1016 2272; x_wconf 86' lang='lat' dir='ltr'>vero</span> 
     </span>
     <span class='ocr_line' id='line_1_41' title="bbox 310 2290 1016 2331; baseline 0.006 -12"><span class='ocrx_word' id='word_1_212' title='bbox 310 2293 344 2319; x_wconf 86' lang='lat' dir='ltr'>et</span> <span class='ocrx_word' id='word_1_213' title='bbox 362 2298 457 2320; x_wconf 87' lang='lat' dir='ltr'>soror</span> <span class='ocrx_word' id='word_1_214' title='bbox 479 2290 555 2320; x_wconf 89' lang='lat' dir='ltr'>huic</span> <span class='ocrx_word' id='word_1_215' title='bbox 573 2291 709 2321; x_wconf 81' lang='lat' dir='ltr'>Serenae</span> <span class='ocrx_word' id='word_1_216' title='bbox 729 2291 841 2322; x_wconf 82' lang='lat' dir='ltr'>Maria</span> <span class='ocrx_word' id='word_1_217' title='bbox 869 2292 1016 2331; x_wconf 88' lang='lat' dir='ltr'>nomine,</span> 
     </span>
     <span class='ocr_line' id='line_1_42' title="bbox 310 2339 1017 2380; baseline 0.004 -9"><span class='ocrx_word' id='word_1_218' title='bbox 310 2339 406 2380; x_wconf 81' lang='lat' dir='ltr'>cujus</span> <span class='ocrx_word' id='word_1_219' title='bbox 423 2339 549 2371; x_wconf 84' lang='lat' dir='ltr'>ibidem</span> <span class='ocrx_word' id='word_1_220' title='bbox 567 2342 734 2380; x_wconf 80' lang='lat' dir='ltr'>meminit,</span> <span class='ocrx_word' id='word_1_221' title='bbox 751 2352 797 2373; x_wconf 81' lang='lat' dir='ltr'>VS.</span> <span class='ocrx_word' id='word_1_222' title='bbox 811 2345 862 2374; x_wconf 86' lang='lat'>69.</span> <span class='ocrx_word' id='word_1_223' title='bbox 897 2343 1017 2374; x_wconf 81' lang='lat' dir='ltr'>Barth.</span> 
     </span>
    </p>

    <p class='ocr_par' dir='ltr' id='par_1_9' title="bbox 310 2390 1015 2635">
     <span class='ocr_line' id='line_1_43' title="bbox 352 2390 1015 2432; baseline 0.006 -12"><span class='ocrx_word' id='word_1_224' title='bbox 352 2393 394 2421; x_wconf 77' lang='lat'>42</span> <span class='ocrx_word' id='word_1_225' title='bbox 419 2390 516 2430; x_wconf 80' lang='lat' dir='ltr'>Inque</span> <span class='ocrx_word' id='word_1_226' title='bbox 541 2393 594 2421; x_wconf 81' lang='lat' dir='ltr'>tuo</span> <span class='ocrx_word' id='word_1_227' title='bbox 619 2392 702 2422; x_wconf 81' lang='lat' dir='ltr'>crevi</span> <span class='ocrx_word' id='word_1_228' title='bbox 724 2393 860 2432; x_wconf 66' lang='lat' dir='ltr'>gremio]</span> <span class='ocrx_word' id='word_1_229' title='bbox 885 2393 1015 2424; x_wconf 89' lang='lat' dir='ltr'>Educa-</span> 
     </span>
     <span class='ocr_line' id='line_1_44' title="bbox 310 2441 1015 2479; baseline 0.003 -7"><span class='ocrx_word' id='word_1_230' title='bbox 310 2441 400 2472; x_wconf 86' lang='lat' dir='ltr'>tione</span> <span class='ocrx_word' id='word_1_231' title='bbox 417 2445 487 2479; x_wconf 88' lang='lat' dir='ltr'>tua,</span> <span class='ocrx_word' id='word_1_232' title='bbox 513 2446 548 2471; x_wconf 83' lang='lat' dir='ltr'>et</span> <span class='ocrx_word' id='word_1_233' title='bbox 570 2451 652 2472; x_wconf 88' lang='lat' dir='ltr'>cura</span> <span class='ocrx_word' id='word_1_234' title='bbox 667 2448 835 2473; x_wconf 88' lang='lat' dir='ltr'>materna.</span> <span class='ocrx_word' id='word_1_235' title='bbox 881 2443 1015 2474; x_wconf 87' lang='lat' dir='ltr'>Educa-</span> 
     </span>
     <span class='ocr_line' id='line_1_45' title="bbox 310 2492 1014 2531; baseline 0.003 -8"><span class='ocrx_word' id='word_1_236' title='bbox 310 2493 435 2523; x_wconf 86' lang='lat' dir='ltr'>tioucm</span> <span class='ocrx_word' id='word_1_237' title='bbox 463 2492 564 2531; x_wconf 80' lang='lat' dir='ltr'>enini,</span> <span class='ocrx_word' id='word_1_238' title='bbox 592 2493 827 2531; x_wconf 83' lang='lat' dir='ltr'>voluntariam,</span> <span class='ocrx_word' id='word_1_239' title='bbox 845 2498 880 2524; x_wconf 88' lang='lat' dir='ltr'>et</span> <span class='ocrx_word' id='word_1_240' title='bbox 901 2504 943 2524; x_wconf 83' lang='lat' dir='ltr'>ex</span> <span class='ocrx_word' id='word_1_241' title='bbox 965 2494 1014 2525; x_wconf 86' lang='lat' dir='ltr'>af-</span> 
     </span>
     <span class='ocr_line' id='line_1_46' title="bbox 310 2542 1015 2586; baseline 0 -11"><span class='ocrx_word' id='word_1_242' title='bbox 310 2542 417 2582; x_wconf 83' lang='lat' dir='ltr'>fectu,</span> <span class='ocrx_word' id='word_1_243' title='bbox 447 2552 513 2573; x_wconf 86' lang='lat' dir='ltr'>non</span> <span class='ocrx_word' id='word_1_244' title='bbox 543 2548 677 2583; x_wconf 86' lang='lat' dir='ltr'>coacto,</span> <span class='ocrx_word' id='word_1_245' title='bbox 694 2542 883 2583; x_wconf 58' lang='lat' dir='ltr'>praeferunt</span> <span class='ocrx_word' id='word_1_246' title='bbox 912 2545 1015 2586; x_wconf 83' lang='lat' dir='ltr'>aliqui</span> 
     </span>
     <span class='ocr_line' id='line_1_47' title="bbox 311 2592 657 2635; baseline -0.009 -10"><span class='ocrx_word' id='word_1_247' title='bbox 311 2592 534 2635; x_wconf 82' lang='lat' dir='ltr'>generationi.</span> <span class='ocrx_word' id='word_1_248' title='bbox 560 2593 657 2623; x_wconf 76' lang='lat' dir='ltr'>Idem.</span> 
     </span>
    </p>

    <p class='ocr_par' dir='ltr' id='par_1_10' title="bbox 310 2643 1019 2889">
     <span class='ocr_line' id='line_1_48' title="bbox 353 2643 1016 2685; baseline 0.002 -11"><span class='ocrx_word' id='word_1_249' title='bbox 353 2644 512 2683; x_wconf 73' lang='lat' dir='ltr'>Partaque</span> <span class='ocrx_word' id='word_1_250' title='bbox 534 2643 664 2683; x_wconf 84' lang='lat' dir='ltr'>remoto]</span> <span class='ocrx_word' id='word_1_251' title='bbox 688 2643 723 2673; x_wconf 89' lang='lat' dir='ltr'>Si</span> <span class='ocrx_word' id='word_1_252' title='bbox 751 2644 870 2682; x_wconf 89' lang='lat' dir='ltr'>solum,</span> <span class='ocrx_word' id='word_1_253' title='bbox 894 2644 1016 2685; x_wconf 85' lang='lat' dir='ltr'>inquit,</span> 
     </span>
     <span class='ocr_line' id='line_1_49' title="bbox 310 2693 1016 2735; baseline 0.001 -10"><span class='ocrx_word' id='word_1_254' title='bbox 310 2699 443 2735; x_wconf 85' lang='lat' dir='ltr'>partum</span> <span class='ocrx_word' id='word_1_255' title='bbox 462 2694 587 2732; x_wconf 78' lang='lat' dir='ltr'>demas,</span> <span class='ocrx_word' id='word_1_256' title='bbox 603 2700 639 2724; x_wconf 82' lang='lat' dir='ltr'>tu</span> <span class='ocrx_word' id='word_1_257' title='bbox 665 2693 741 2724; x_wconf 87' lang='lat' dir='ltr'>mihi</span> <span class='ocrx_word' id='word_1_258' title='bbox 760 2695 871 2734; x_wconf 83' lang='lat' dir='ltr'>potius</span> <span class='ocrx_word' id='word_1_259' title='bbox 894 2700 1016 2734; x_wconf 72' lang='lat' dir='ltr'>mater,</span> 
     </span>
     <span class='ocr_line' id='line_1_50' title="bbox 310 2743 1017 2787; baseline -0.001 -11"><span class='ocrx_word' id='word_1_260' title='bbox 310 2755 408 2787; x_wconf 89' lang='lat' dir='ltr'>quam</span> <span class='ocrx_word' id='word_1_261' title='bbox 429 2743 596 2775; x_wconf 83' lang='lat' dir='ltr'>Flaccilla.</span> <span class='ocrx_word' id='word_1_262' title='bbox 619 2744 707 2774; x_wconf 84' lang='lat' dir='ltr'>Sane</span> <span class='ocrx_word' id='word_1_263' title='bbox 726 2745 890 2775; x_wconf 84' lang='lat' dir='ltr'>Flaccilla</span> <span class='ocrx_word' id='word_1_264' title='bbox 905 2745 1017 2776; x_wconf 90' lang='lat' dir='ltr'>admo-</span> 
     </span>
     <span class='ocr_line' id='line_1_51' title="bbox 310 2794 1018 2835; baseline 0.001 -10"><span class='ocrx_word' id='word_1_265' title='bbox 310 2796 390 2826; x_wconf 88' lang='lat' dir='ltr'>dum</span> <span class='ocrx_word' id='word_1_266' title='bbox 422 2804 528 2834; x_wconf 87' lang='lat' dir='ltr'>puero</span> <span class='ocrx_word' id='word_1_267' title='bbox 561 2794 712 2824; x_wconf 86' lang='lat' dir='ltr'>Honorio</span> <span class='ocrx_word' id='word_1_268' title='bbox 747 2794 909 2834; x_wconf 73' lang='lat' dir='ltr'>decessit,</span> <span class='ocrx_word' id='word_1_269' title='bbox 940 2800 1018 2835; x_wconf 81' lang='lat' dir='ltr'>post</span> 
     </span>
     <span class='ocr_line' id='line_1_52' title="bbox 311 2844 1019 2889; baseline 0.001 -13"><span class='ocrx_word' id='word_1_270' title='bbox 311 2855 414 2889; x_wconf 85' lang='lat' dir='ltr'>quam</span> <span class='ocrx_word' id='word_1_271' title='bbox 432 2845 590 2885; x_wconf 84' lang='lat' dir='ltr'>Galliam,</span> <span class='ocrx_word' id='word_1_272' title='bbox 614 2844 754 2878; x_wconf 75' lang='lat' dir='ltr'>Justlnae</span> <span class='ocrx_word' id='word_1_273' title='bbox 772 2845 1019 2877; x_wconf 86' lang='lat' dir='ltr'>Valentiniani·</span> 
     </span>
    </p>
   </div>
   <div class='ocr_carea' id='block_1_3' title="bbox 573 227 1515 259">
    <p class='ocr_par' dir='ltr' id='par_1_11' title="bbox 573 227 1515 259">
     <span class='ocr_line' id='line_1_53' title="bbox 573 227 1515 259; baseline -0.004 0"><span class='ocrx_word' id='word_1_274' title='bbox 573 229 716 259; x_wconf 85' lang='lat' dir='ltr'>NOTAE</span> <span class='ocrx_word' id='word_1_275' title='bbox 750 228 1014 258; x_wconf 76' lang='lat' dir='ltr'><strong>VARIORUM</strong></span> <span class='ocrx_word' id='word_1_276' title='bbox 1053 228 1101 257; x_wconf 84' lang='lat' dir='ltr'>IN</span> <span class='ocrx_word' id='word_1_277' title='bbox 1139 227 1215 257; x_wconf 81' lang='lat' dir='ltr'>CL.</span> <span class='ocrx_word' id='word_1_278' title='bbox 1249 227 1430 258; x_wconf 84' lang='lat' dir='ltr'>CLAUD.</span> <span class='ocrx_word' id='word_1_279' title='bbox 1464 227 1515 257; x_wconf 90' lang='lat' dir='ltr'>X.</span> 
     </span>
    </p>
   </div>
   <div class='ocr_carea' id='block_1_4' title="bbox 1066 318 1785 2887">
    <p class='ocr_par' dir='ltr' id='par_1_12' title="bbox 1074 318 1777 362">
     <span class='ocr_line' id='line_1_54' title="bbox 1074 318 1777 362; baseline 0.001 -11"><span class='ocrx_word' id='word_1_280' title='bbox 1074 331 1139 362; x_wconf 86' lang='lat' dir='ltr'>que</span> <span class='ocrx_word' id='word_1_281' title='bbox 1157 320 1271 360; x_wconf 75' lang='lat' dir='ltr'>filiam,</span> <span class='ocrx_word' id='word_1_282' title='bbox 1284 330 1423 352; x_wconf 80' lang='lat' dir='ltr'>uxorem</span> <span class='ocrx_word' id='word_1_283' title='bbox 1441 319 1540 351; x_wconf 84' lang='lat' dir='ltr'>duxit</span> <span class='ocrx_word' id='word_1_284' title='bbox 1559 318 1777 352; x_wconf 74' lang='lat' dir='ltr'>Theodosius.</span> 
     </span>
    </p>

    <p class='ocr_par' dir='ltr' id='par_1_13' title="bbox 1068 370 1781 956">
     <span class='ocr_line' id='line_1_55' title="bbox 1115 370 1777 412; baseline 0.002 -11"><span class='ocrx_word' id='word_1_285' title='bbox 1115 374 1156 402; x_wconf 79' lang='lat'>43</span> <span class='ocrx_word' id='word_1_286' title='bbox 1195 372 1238 402; x_wconf 82' lang='grc' dir='ltr'>Ἱίι</span> <span class='ocrx_word' id='word_1_287' title='bbox 1266 371 1370 411; x_wconf 74' lang='lat' dir='ltr'>potins</span> <span class='ocrx_word' id='word_1_288' title='bbox 1405 371 1554 402; x_wconf 78' lang='lat' dir='ltr'>Flaccilla</span> <span class='ocrx_word' id='word_1_289' title='bbox 1578 370 1672 412; x_wconf 78' lang='lat' dir='ltr'>mihi]</span> <span class='ocrx_word' id='word_1_290' title='bbox 1707 371 1777 402; x_wconf 85' lang='lat' dir='ltr'>Par</span> 
     </span>
     <span class='ocr_line' id='line_1_56' title="bbox 1071 422 1778 462; baseline 0.001 -10"><span class='ocrx_word' id='word_1_291' title='bbox 1071 422 1143 452; x_wconf 85' lang='lat' dir='ltr'>laus</span> <span class='ocrx_word' id='word_1_292' title='bbox 1162 422 1193 452; x_wconf 89' lang='lat' dir='ltr'>iu</span> <span class='ocrx_word' id='word_1_293' title='bbox 1211 424 1346 453; x_wconf 80' lang='lat' dir='ltr'>Serenae</span> <span class='ocrx_word' id='word_1_294' title='bbox 1365 431 1481 452; x_wconf 82' lang='lat' dir='ltr'>amore</span> <span class='ocrx_word' id='word_1_295' title='bbox 1507 430 1610 462; x_wconf 84' lang='lat' dir='ltr'>penes</span> <span class='ocrx_word' id='word_1_296' title='bbox 1625 422 1778 454; x_wconf 81' lang='lat' dir='ltr'>Theodo-</span> 
     </span>
     <span class='ocr_line' id='line_1_57' title="bbox 1071 471 1777 513; baseline 0.003 -11"><span class='ocrx_word' id='word_1_297' title='bbox 1071 472 1154 503; x_wconf 88' lang='lat' dir='ltr'>sium</span> <span class='ocrx_word' id='word_1_298' title='bbox 1183 473 1441 513; x_wconf 83' lang='lat' dir='ltr'>Imperatorem.</span> <span class='ocrx_word' id='word_1_299' title='bbox 1463 477 1580 503; x_wconf 84' lang='lat' dir='ltr'>noster</span> <span class='ocrx_word' id='word_1_300' title='bbox 1603 471 1777 504; x_wconf 83' lang='lat' dir='ltr'>Laudibus</span> 
     </span>
     <span class='ocr_line' id='line_1_58' title="bbox 1070 521 1777 562; baseline 0.001 -10"><span class='ocrx_word' id='word_1_301' title='bbox 1070 522 1173 561; x_wconf 85' lang='lat' dir='ltr'>illius,</span> <span class='ocrx_word' id='word_1_302' title='bbox 1204 532 1253 553; x_wconf 85' lang='lat' dir='ltr'>vs.</span> <span class='ocrx_word' id='word_1_303' title='bbox 1286 525 1358 553; x_wconf 87' lang='grc'>106.</span> <span class='ocrx_word' id='word_1_304' title='bbox 1389 524 1397 538; x_wconf 87' lang='lat'>‘</span> <span class='ocrx_word' id='word_1_305' title='bbox 1423 521 1594 553; x_wconf 87' lang='lat' dir='ltr'>Defuncto</span> <span class='ocrx_word' id='word_1_306' title='bbox 1620 522 1777 562; x_wconf 84' lang='lat' dir='ltr'>genitore</span> 
     </span>
     <span class='ocr_line' id='line_1_59' title="bbox 1071 573 1780 613; baseline -0.001 -10"><span class='ocrx_word' id='word_1_307' title='bbox 1071 577 1129 603; x_wconf 89' lang='lat' dir='ltr'>tuo</span> <span class='ocrx_word' id='word_1_308' title='bbox 1144 573 1294 604; x_wconf 85' lang='lat' dir='ltr'>sublimis</span> <span class='ocrx_word' id='word_1_309' title='bbox 1309 573 1452 613; x_wconf 87' lang='lat' dir='ltr'>adoptat</span> <span class='ocrx_word' id='word_1_310' title='bbox 1462 573 1509 603; x_wconf 90' lang='lat' dir='ltr'>Te</span> <span class='ocrx_word' id='word_1_311' title='bbox 1523 576 1676 612; x_wconf 82' lang='lat' dir='ltr'>patruus,</span> <span class='ocrx_word' id='word_1_312' title='bbox 1687 581 1780 613; x_wconf 83' lang='lat' dir='ltr'>mag-</span> 
     </span>
     <span class='ocr_line' id='line_1_60' title="bbox 1070 622 1780 664; baseline 0.001 -11"><span class='ocrx_word' id='word_1_313' title='bbox 1070 624 1170 664; x_wconf 83' lang='lat' dir='ltr'>nique</span> <span class='ocrx_word' id='word_1_314' title='bbox 1185 625 1296 655; x_wconf 87' lang='lat' dir='ltr'>animo</span> <span class='ocrx_word' id='word_1_315' title='bbox 1310 624 1431 655; x_wconf 87' lang='lat' dir='ltr'>solatia</span> <span class='ocrx_word' id='word_1_316' title='bbox 1444 624 1557 655; x_wconf 88' lang='lat' dir='ltr'>luctus</span> <span class='ocrx_word' id='word_1_317' title='bbox 1572 622 1780 663; x_wconf 86' lang='lat' dir='ltr'>Restituens,</span> 
     </span>
     <span class='ocr_line' id='line_1_61' title="bbox 1070 673 1780 715; baseline 0.001 -12"><span class='ocrx_word' id='word_1_318' title='bbox 1070 674 1217 714; x_wconf 83' lang='lat' dir='ltr'>propius,</span> <span class='ocrx_word' id='word_1_319' title='bbox 1242 684 1342 715; x_wconf 87' lang='lat' dir='ltr'>quam</span> <span class='ocrx_word' id='word_1_320' title='bbox 1366 673 1393 704; x_wconf 88' lang='lat' dir='ltr'>si</span> <span class='ocrx_word' id='word_1_321' title='bbox 1421 674 1610 714; x_wconf 87' lang='lat' dir='ltr'>genuisset,</span> <span class='ocrx_word' id='word_1_322' title='bbox 1650 673 1780 704; x_wconf 84' lang='lat' dir='ltr'>amavit</span> 
     </span>
     <span class='ocr_line' id='line_1_62' title="bbox 1069 722 1780 755; baseline 0 -1"><span class='ocrx_word' id='word_1_323' title='bbox 1069 722 1233 754; x_wconf 85' lang='lat' dir='ltr'>Defuncti</span> <span class='ocrx_word' id='word_1_324' title='bbox 1248 723 1362 754; x_wconf 81' lang='lat' dir='ltr'>fratris</span> <span class='ocrx_word' id='word_1_325' title='bbox 1378 723 1548 755; x_wconf 89' lang='lat' dir='ltr'>sobolem.&#39;</span> <span class='ocrx_word' id='word_1_326' title='bbox 1572 723 1628 754; x_wconf 85' lang='lat' dir='ltr'>Sic</span> <span class='ocrx_word' id='word_1_327' title='bbox 1641 723 1780 755; x_wconf 85' lang='lat' dir='ltr'>omnino</span> 
     </span>
     <span class='ocr_line' id='line_1_63' title="bbox 1068 771 1781 805; baseline 0.001 -2"><span class='ocrx_word' id='word_1_328' title='bbox 1068 775 1196 804; x_wconf 84' lang='lat' dir='ltr'>Serena</span> <span class='ocrx_word' id='word_1_329' title='bbox 1227 774 1398 805; x_wconf 77' lang='lat' dir='ltr'>Flaccillze</span> <span class='ocrx_word' id='word_1_330' title='bbox 1433 774 1540 804; x_wconf 85' lang='lat' dir='ltr'>filium</span> <span class='ocrx_word' id='word_1_331' title='bbox 1569 773 1624 804; x_wconf 87' lang='lat' dir='ltr'>hic</span> <span class='ocrx_word' id='word_1_332' title='bbox 1656 771 1781 804; x_wconf 81' lang='lat' dir='ltr'>fovisse</span> 
     </span>
     <span class='ocr_line' id='line_1_64' title="bbox 1070 823 1781 865; baseline 0.003 -12"><span class='ocrx_word' id='word_1_333' title='bbox 1070 823 1207 854; x_wconf 78' lang='lat' dir='ltr'>(licitur.</span> <span class='ocrx_word' id='word_1_334' title='bbox 1261 824 1485 855; x_wconf 87' lang='lat' dir='ltr'>Stilichonem</span> <span class='ocrx_word' id='word_1_335' title='bbox 1512 824 1620 865; x_wconf 85' lang='lat' dir='ltr'>magis</span> <span class='ocrx_word' id='word_1_336' title='bbox 1647 824 1781 865; x_wconf 84' lang='lat' dir='ltr'>genito-</span> 
     </span>
     <span class='ocr_line' id='line_1_65' title="bbox 1070 874 1780 916; baseline 0 -12"><span class='ocrx_word' id='word_1_337' title='bbox 1070 883 1141 904; x_wconf 83' lang='lat' dir='ltr'>rem</span> <span class='ocrx_word' id='word_1_338' title='bbox 1170 874 1325 904; x_wconf 89' lang='lat' dir='ltr'>Honorio</span> <span class='ocrx_word' id='word_1_339' title='bbox 1362 874 1539 914; x_wconf 84' lang='lat' dir='ltr'>adscribit,</span> <span class='ocrx_word' id='word_1_340' title='bbox 1568 884 1668 916; x_wconf 90' lang='lat' dir='ltr'>quam</span> <span class='ocrx_word' id='word_1_341' title='bbox 1706 874 1780 915; x_wconf 83' lang='lat' dir='ltr'>ipse.</span> 
     </span>
     <span class='ocr_line' id='line_1_66' title="bbox 1070 923 1550 956; baseline 0.002 -1"><span class='ocrx_word' id='word_1_342' title='bbox 1070 923 1175 955; x_wconf 81' lang='lat' dir='ltr'>fuerit</span> <span class='ocrx_word' id='word_1_343' title='bbox 1190 924 1411 956; x_wconf 82' lang='lat' dir='ltr'>Theodosius.</span> <span class='ocrx_word' id='word_1_344' title='bbox 1434 925 1550 956; x_wconf 73' lang='lat' dir='ltr'>Barth.</span> 
     </span>
    </p>

    <p class='ocr_par' dir='ltr' id='par_1_14' title="bbox 1070 974 1785 1311">
     <span class='ocr_line' id='line_1_67' title="bbox 1113 974 1782 1014; baseline -0.001 -8"><span class='ocrx_word' id='word_1_345' title='bbox 1113 978 1154 1006; x_wconf 76' lang='grc'>44</span> <span class='ocrx_word' id='word_1_346' title='bbox 1181 975 1265 1011; x_wconf 75' lang='lat' dir='ltr'>Quid</span> <span class='ocrx_word' id='word_1_347' title='bbox 1283 975 1396 1014; x_wconf 73' lang='lat' dir='ltr'>juveni</span> <span class='ocrx_word' id='word_1_348' title='bbox 1412 978 1519 1006; x_wconf 80' lang='lat' dir='ltr'>natam</span> <span class='ocrx_word' id='word_1_349' title='bbox 1543 984 1604 1005; x_wconf 85' lang='lat' dir='ltr'>non</span> <span class='ocrx_word' id='word_1_350' title='bbox 1625 974 1727 1005; x_wconf 82' lang='lat' dir='ltr'>tradis</span> <span class='ocrx_word' id='word_1_351' title='bbox 1749 985 1782 1005; x_wconf 81' lang='grc' dir='ltr'>ιι-</span> 
     </span>
     <span class='ocr_line' id='line_1_68' title="bbox 1070 1027 1782 1068; baseline -0.001 -10"><span class='ocrx_word' id='word_1_352' title='bbox 1070 1028 1185 1068; x_wconf 83' lang='lat' dir='ltr'>lumno]</span> <span class='ocrx_word' id='word_1_353' title='bbox 1225 1030 1296 1060; x_wconf 85' lang='lat' dir='ltr'>Non</span> <span class='ocrx_word' id='word_1_354' title='bbox 1327 1028 1432 1060; x_wconf 84' lang='lat' dir='ltr'>reddis</span> <span class='ocrx_word' id='word_1_355' title='bbox 1470 1028 1569 1068; x_wconf 89' lang='lat' dir='ltr'>prim.</span> <span class='ocrx_word' id='word_1_356' title='bbox 1601 1027 1715 1058; x_wconf 86' lang='lat' dir='ltr'>Vatic.</span> <span class='ocrx_word' id='word_1_357' title='bbox 1747 1031 1782 1057; x_wconf 83' lang='lat' dir='ltr'>et</span> 
     </span>
     <span class='ocr_line' id='line_1_69' title="bbox 1071 1079 1783 1121; baseline -0.001 -11"><span class='ocrx_word' id='word_1_358' title='bbox 1071 1085 1203 1121; x_wconf 86' lang='lat' dir='ltr'>septem</span> <span class='ocrx_word' id='word_1_359' title='bbox 1218 1081 1286 1112; x_wconf 89' lang='lat' dir='ltr'>alii.</span> <span class='ocrx_word' id='word_1_360' title='bbox 1300 1090 1383 1111; x_wconf 83' lang='lat' dir='ltr'>unus</span> <span class='ocrx_word' id='word_1_361' title='bbox 1396 1080 1528 1111; x_wconf 86' lang='lat' dir='ltr'>Medic.</span> <span class='ocrx_word' id='word_1_362' title='bbox 1541 1083 1578 1110; x_wconf 91' lang='lat' dir='ltr'>et</span> <span class='ocrx_word' id='word_1_363' title='bbox 1590 1079 1656 1110; x_wconf 93' lang='lat' dir='ltr'>duo</span> <span class='ocrx_word' id='word_1_364' title='bbox 1668 1079 1783 1110; x_wconf 88' lang='lat' dir='ltr'>Susia-</span> 
     </span>
     <span class='ocr_line' id='line_1_70' title="bbox 1071 1130 1785 1172; baseline 0 -12"><span class='ocrx_word' id='word_1_365' title='bbox 1071 1130 1117 1167; x_wconf 89' lang='lat' dir='ltr'>ni,</span> <span class='ocrx_word' id='word_1_366' title='bbox 1132 1131 1243 1162; x_wconf 75' lang='lat' dir='ltr'>credz&#39;s.</span> <span class='ocrx_word' id='word_1_367' title='bbox 1261 1131 1350 1172; x_wconf 84' lang='lat' dir='ltr'>quod</span> <span class='ocrx_word' id='word_1_368' title='bbox 1369 1131 1535 1171; x_wconf 86' lang='lat' dir='ltr'>placeret,</span> <span class='ocrx_word' id='word_1_369' title='bbox 1558 1130 1622 1161; x_wconf 87' lang='lat' dir='ltr'>nisi</span> <span class='ocrx_word' id='word_1_370' title='bbox 1638 1139 1785 1170; x_wconf 82' lang='lat' dir='ltr'>praeces-</span> 
     </span>
     <span class='ocr_line' id='line_1_71' title="bbox 1071 1180 1781 1220; baseline 0 -11"><span class='ocrx_word' id='word_1_371' title='bbox 1071 1180 1169 1211; x_wconf 68' lang='lat' dir='ltr'>sisset</span> <span class='ocrx_word' id='word_1_372' title='bbox 1195 1181 1296 1220; x_wconf 87' lang='lat' dir='ltr'>paulo</span> <span class='ocrx_word' id='word_1_373' title='bbox 1324 1185 1403 1211; x_wconf 90' lang='lat' dir='ltr'>ante</span> <span class='ocrx_word' id='word_1_374' title='bbox 1431 1181 1567 1211; x_wconf 79' lang='lat' dir='ltr'>creditus</span> <span class='ocrx_word' id='word_1_375' title='bbox 1585 1180 1703 1219; x_wconf 82' lang='lat' dir='ltr'>infans.</span> <span class='ocrx_word' id='word_1_376' title='bbox 1721 1180 1781 1210; x_wconf 84' lang='lat' dir='ltr'>sed</span> 
     </span>
     <span class='ocr_line' id='line_1_72' title="bbox 1071 1231 1781 1272; baseline 0.003 -12"><span class='ocrx_word' id='word_1_377' title='bbox 1071 1236 1107 1260; x_wconf 85' lang='lat' dir='ltr'>et</span> <span class='ocrx_word' id='word_1_378' title='bbox 1136 1231 1243 1262; x_wconf 79' lang='lat' dir='ltr'>Redde</span> <span class='ocrx_word' id='word_1_379' title='bbox 1269 1241 1339 1262; x_wconf 84' lang='lat' dir='ltr'>suos</span> <span class='ocrx_word' id='word_1_380' title='bbox 1363 1231 1443 1262; x_wconf 83' lang='lat' dir='ltr'>aulae</span> <span class='ocrx_word' id='word_1_381' title='bbox 1463 1231 1536 1272; x_wconf 89' lang='lat' dir='ltr'>jam</span> <span class='ocrx_word' id='word_1_382' title='bbox 1559 1231 1708 1262; x_wconf 78' lang='lat' dir='ltr'>dixerat.</span> <span class='ocrx_word' id='word_1_383' title='bbox 1734 1232 1781 1262; x_wconf 88' lang='lat' dir='ltr'>D.</span> 
     </span>
     <span class='ocr_line' id='line_1_73' title="bbox 1072 1280 1187 1311; baseline 0 0"><span class='ocrx_word' id='word_1_384' title='bbox 1072 1280 1187 1311; x_wconf 71' lang='lat' dir='ltr'>Heius.</span> 
     </span>
    </p>

    <p class='ocr_par' dir='ltr' id='par_1_15' title="bbox 1071 1330 1783 1522">
     <span class='ocr_line' id='line_1_74' title="bbox 1113 1330 1782 1371; baseline 0.003 -10"><span class='ocrx_word' id='word_1_385' title='bbox 1113 1334 1153 1362; x_wconf 81' lang='grc'>47</span> <span class='ocrx_word' id='word_1_386' title='bbox 1181 1331 1267 1362; x_wconf 75' lang='lat' dir='ltr'>Risit</span> <span class='ocrx_word' id='word_1_387' title='bbox 1282 1332 1381 1362; x_wconf 87' lang='lat' dir='ltr'>Amor</span> <span class='ocrx_word' id='word_1_388' title='bbox 1395 1330 1552 1371; x_wconf 68' lang='lat' dir='ltr'>volatque]</span> <span class='ocrx_word' id='word_1_389' title='bbox 1576 1331 1646 1362; x_wconf 84' lang='lat' dir='ltr'>Cur</span> <span class='ocrx_word' id='word_1_390' title='bbox 1669 1332 1782 1363; x_wconf 83' lang='lat' dir='ltr'>volan-</span> 
     </span>
     <span class='ocr_line' id='line_1_75' title="bbox 1072 1381 1782 1414; baseline 0.003 -2"><span class='ocrx_word' id='word_1_391' title='bbox 1072 1386 1140 1412; x_wconf 89' lang='lat' dir='ltr'>tem</span> <span class='ocrx_word' id='word_1_392' title='bbox 1158 1386 1193 1413; x_wconf 90' lang='lat' dir='ltr'>et</span> <span class='ocrx_word' id='word_1_393' title='bbox 1210 1381 1380 1413; x_wconf 88' lang='lat' dir='ltr'>ridentem</span> <span class='ocrx_word' id='word_1_394' title='bbox 1398 1382 1557 1412; x_wconf 88' lang='lat' dir='ltr'>Amorem</span> <span class='ocrx_word' id='word_1_395' title='bbox 1573 1382 1782 1414; x_wconf 81' lang='lat' dir='ltr'>concinnent</span> 
     </span>
     <span class='ocr_line' id='line_1_76' title="bbox 1072 1431 1783 1473; baseline 0.001 -10"><span class='ocrx_word' id='word_1_396' title='bbox 1072 1432 1206 1472; x_wconf 63' lang='lat' dir='ltr'>Poetae,</span> <span class='ocrx_word' id='word_1_397' title='bbox 1221 1433 1351 1463; x_wconf 88' lang='lat' dir='ltr'>clarum</span> <span class='ocrx_word' id='word_1_398' title='bbox 1374 1442 1417 1463; x_wconf 85' lang='lat' dir='ltr'>ex</span> <span class='ocrx_word' id='word_1_399' title='bbox 1433 1431 1630 1463; x_wconf 85' lang='lat' dir='ltr'>Alexandro</span> <span class='ocrx_word' id='word_1_400' title='bbox 1646 1432 1783 1473; x_wconf 89' lang='lat' dir='ltr'>Aphro-</span> 
     </span>
     <span class='ocr_line' id='line_1_77' title="bbox 1071 1482 1641 1522; baseline 0.002 -9"><span class='ocrx_word' id='word_1_401' title='bbox 1071 1482 1221 1522; x_wconf 83' lang='lat' dir='ltr'>disiensi,</span> <span class='ocrx_word' id='word_1_402' title='bbox 1237 1482 1460 1513; x_wconf 86' lang='lat' dir='ltr'>Problemate</span> <span class='ocrx_word' id='word_1_403' title='bbox 1476 1491 1641 1515; x_wconf 82' lang='lat' dir='ltr'>Lxxxvn.</span> 
     </span>
    </p>

    <p class='ocr_par' dir='ltr' id='par_1_16' title="bbox 1069 1533 1781 1667">
     <span class='ocr_line' id='line_1_78' title="bbox 1114 1533 1781 1574; baseline 0 -9"><span class='ocrx_word' id='word_1_404' title='bbox 1114 1533 1252 1565; x_wconf 75' lang='lat' dir='ltr'>Placidae</span> <span class='ocrx_word' id='word_1_405' title='bbox 1269 1533 1381 1574; x_wconf 79' lang='lat' dir='ltr'>matri]</span> <span class='ocrx_word' id='word_1_406' title='bbox 1405 1535 1492 1567; x_wconf 80' lang='lat' dir='ltr'>Quae</span> <span class='ocrx_word' id='word_1_407' title='bbox 1508 1533 1634 1573; x_wconf 84' lang='lat' dir='ltr'>gaudet</span> <span class='ocrx_word' id='word_1_408' title='bbox 1646 1543 1781 1574; x_wconf 83' lang='lat' dir='ltr'>semper</span> 
     </span>
     <span class='ocr_line' id='line_1_79' title="bbox 1071 1585 1780 1625; baseline -0.003 -8"><span class='ocrx_word' id='word_1_409' title='bbox 1071 1585 1152 1625; x_wconf 87' lang='lat' dir='ltr'>risu,</span> <span class='ocrx_word' id='word_1_410' title='bbox 1181 1590 1217 1617; x_wconf 84' lang='lat' dir='ltr'>et</span> <span class='ocrx_word' id='word_1_411' title='bbox 1248 1585 1433 1617; x_wconf 86' lang='lat' dir='ltr'>serenitate</span> <span class='ocrx_word' id='word_1_412' title='bbox 1463 1589 1627 1617; x_wconf 84' lang='lat' dir='ltr'>venustat</span> <span class='ocrx_word' id='word_1_413' title='bbox 1657 1585 1780 1616; x_wconf 87' lang='lat' dir='ltr'>onmia.</span> 
     </span>
     <span class='ocr_line' id='line_1_80' title="bbox 1069 1636 1188 1667; baseline 0.008 -1"><span class='ocrx_word' id='word_1_414' title='bbox 1069 1636 1188 1667; x_wconf 83' lang='lat' dir='ltr'>Barth.</span> 
     </span>
    </p>

    <p class='ocr_par' dir='ltr' id='par_1_17' title="bbox 1112 1685 1780 1726">
     <span class='ocr_line' id='line_1_81' title="bbox 1112 1685 1780 1726; baseline -0.001 -9"><span class='ocrx_word' id='word_1_415' title='bbox 1112 1689 1154 1717; x_wconf 87' lang='grc'>48</span> <span class='ocrx_word' id='word_1_416' title='bbox 1168 1686 1363 1726; x_wconf 80' lang='lat' dir='ltr'>Jactantior]</span> <span class='ocrx_word' id='word_1_417' title='bbox 1381 1686 1504 1717; x_wconf 88' lang='lat' dir='ltr'>Animo</span> <span class='ocrx_word' id='word_1_418' title='bbox 1522 1686 1655 1717; x_wconf 88' lang='lat' dir='ltr'>elatior.</span> <span class='ocrx_word' id='word_1_419' title='bbox 1680 1685 1780 1716; x_wconf 81' lang='lat' dir='ltr'>Idem.</span> 
     </span>
    </p>

    <p class='ocr_par' dir='ltr' id='par_1_18' title="bbox 1067 1735 1780 2475">
     <span class='ocr_line' id='line_1_82' title="bbox 1112 1735 1780 1775; baseline -0.001 -8"><span class='ocrx_word' id='word_1_420' title='bbox 1112 1739 1154 1767; x_wconf 81' lang='lat'>49</span> <span class='ocrx_word' id='word_1_421' title='bbox 1180 1738 1273 1767; x_wconf 68' lang='grc' dir='ltr'><em>,Μοηε</em></span> <span class='ocrx_word' id='word_1_422' title='bbox 1290 1737 1371 1767; x_wconf 84' lang='lat' dir='ltr'>latus</span> <span class='ocrx_word' id='word_1_423' title='bbox 1395 1735 1533 1775; x_wconf 75' lang='lat' dir='ltr'>Ionium]</span> <span class='ocrx_word' id='word_1_424' title='bbox 1568 1736 1646 1767; x_wconf 90' lang='lat' dir='ltr'>Non</span> <span class='ocrx_word' id='word_1_425' title='bbox 1665 1736 1780 1774; x_wconf 82' lang='lat' dir='ltr'>Eoum,</span> 
     </span>
     <span class='ocr_line' id='line_1_83' title="bbox 1069 1786 1778 1827; baseline -0.001 -10"><span class='ocrx_word' id='word_1_426' title='bbox 1069 1787 1226 1817; x_wconf 81' lang='lat' dir='ltr'>meliores</span> <span class='ocrx_word' id='word_1_427' title='bbox 1238 1791 1365 1827; x_wconf 85' lang='lat' dir='ltr'>praeter</span> <span class='ocrx_word' id='word_1_428' title='bbox 1375 1786 1471 1827; x_wconf 86' lang='lat' dir='ltr'>prim.</span> <span class='ocrx_word' id='word_1_429' title='bbox 1485 1786 1642 1817; x_wconf 81' lang='lat' dir='ltr'>Vatican.</span> <span class='ocrx_word' id='word_1_430' title='bbox 1656 1786 1778 1817; x_wconf 85' lang='lat' dir='ltr'>deinde</span> 
     </span>
     <span class='ocr_line' id='line_1_84' title="bbox 1073 1836 1780 1878; baseline -0.003 -10"><span class='ocrx_word' id='word_1_431' title='bbox 1073 1838 1171 1878; x_wconf 77' lang='lat' dir='ltr'>Cypri</span> <span class='ocrx_word' id='word_1_432' title='bbox 1184 1840 1361 1877; x_wconf 78' lang='lat' dir='ltr'>prceruptns</span> <span class='ocrx_word' id='word_1_433' title='bbox 1375 1846 1442 1867; x_wconf 93' lang='lat' dir='ltr'>non</span> <span class='ocrx_word' id='word_1_434' title='bbox 1460 1837 1590 1877; x_wconf 75' lang='lat' dir='ltr'>Cypreoe</span> <span class='ocrx_word' id='word_1_435' title='bbox 1600 1836 1688 1876; x_wconf 82' lang='lat' dir='ltr'>rupis</span> <span class='ocrx_word' id='word_1_436' title='bbox 1703 1845 1780 1867; x_wconf 79' lang='lat' dir='ltr'>culn</span> 
     </span>
     <span class='ocr_line' id='line_1_85' title="bbox 1070 1886 1780 1928; baseline -0.004 -9"><span class='ocrx_word' id='word_1_437' title='bbox 1070 1889 1191 1920; x_wconf 87' lang='lat' dir='ltr'>eodem</span> <span class='ocrx_word' id='word_1_438' title='bbox 1207 1888 1323 1919; x_wconf 85' lang='lat' dir='ltr'>Vatic.</span> <span class='ocrx_word' id='word_1_439' title='bbox 1342 1888 1467 1928; x_wconf 86' lang='lat' dir='ltr'>Isingr.</span> <span class='ocrx_word' id='word_1_440' title='bbox 1484 1886 1680 1926; x_wconf 85' lang='lat' dir='ltr'>Pulmauni,</span> <span class='ocrx_word' id='word_1_441' title='bbox 1696 1887 1780 1917; x_wconf 87' lang='lat' dir='ltr'>Del-</span> 
     </span>
     <span class='ocr_line' id='line_1_86' title="bbox 1071 1937 1780 1977; baseline -0.003 -7"><span class='ocrx_word' id='word_1_442' title='bbox 1071 1939 1111 1970; x_wconf 89' lang='lat' dir='ltr'>rii</span> <span class='ocrx_word' id='word_1_443' title='bbox 1129 1939 1260 1976; x_wconf 84' lang='lat' dir='ltr'>codice,</span> <span class='ocrx_word' id='word_1_444' title='bbox 1271 1944 1306 1969; x_wconf 85' lang='lat' dir='ltr'>et</span> <span class='ocrx_word' id='word_1_445' title='bbox 1324 1938 1432 1969; x_wconf 89' lang='lat' dir='ltr'>tribus</span> <span class='ocrx_word' id='word_1_446' title='bbox 1448 1938 1571 1968; x_wconf 87' lang='lat' dir='ltr'>nostris</span> <span class='ocrx_word' id='word_1_447' title='bbox 1584 1937 1780 1977; x_wconf 83' lang='lat' dir='ltr'>legendum,</span> 
     </span>
     <span class='ocr_line' id='line_1_87' title="bbox 1071 1990 1778 2033; baseline -0.003 -10"><span class='ocrx_word' id='word_1_448' title='bbox 1071 1992 1162 2033; x_wconf 85' lang='lat' dir='ltr'>quod</span> <span class='ocrx_word' id='word_1_449' title='bbox 1180 1991 1515 2032; x_wconf 87' lang='lat' dir='ltr'>Raphelengiusjam</span> <span class='ocrx_word' id='word_1_450' title='bbox 1534 1990 1630 2021; x_wconf 63' lang='lat' dir='ltr'>vidit.</span> <span class='ocrx_word' id='word_1_451' title='bbox 1657 1991 1778 2022; x_wconf 84' lang='lat' dir='ltr'>Ionium</span> 
     </span>
     <span class='ocr_line' id='line_1_88' title="bbox 1070 2041 1778 2083; baseline 0 -10"><span class='ocrx_word' id='word_1_452' title='bbox 1070 2044 1164 2081; x_wconf 82' lang='lat' dir='ltr'>latus,</span> <span class='ocrx_word' id='word_1_453' title='bbox 1191 2042 1270 2082; x_wconf 88' lang='lat' dir='ltr'>quia</span> <span class='ocrx_word' id='word_1_454' title='bbox 1298 2047 1435 2073; x_wconf 89' lang='lat' dir='ltr'>veteres</span> <span class='ocrx_word' id='word_1_455' title='bbox 1471 2041 1669 2083; x_wconf 82' lang='lat' dir='ltr'>Geographi</span> <span class='ocrx_word' id='word_1_456' title='bbox 1703 2052 1778 2074; x_wconf 87' lang='lat' dir='ltr'>eam</span> 
     </span>
     <span class='ocr_line' id='line_1_89' title="bbox 1070 2092 1780 2134; baseline 0.003 -12"><span class='ocrx_word' id='word_1_457' title='bbox 1070 2093 1172 2123; x_wconf 85' lang='lat' dir='ltr'>maris</span> <span class='ocrx_word' id='word_1_458' title='bbox 1189 2092 1438 2123; x_wconf 88' lang='lat' dir='ltr'>Mediterranei</span> <span class='ocrx_word' id='word_1_459' title='bbox 1460 2098 1607 2133; x_wconf 86' lang='lat' dir='ltr'>partem,</span> <span class='ocrx_word' id='word_1_460' title='bbox 1624 2103 1699 2134; x_wconf 83' lang='lat' dir='ltr'>quae</span> <span class='ocrx_word' id='word_1_461' title='bbox 1724 2093 1780 2124; x_wconf 86' lang='lat' dir='ltr'>AE-</span> 
     </span>
     <span class='ocr_line' id='line_1_90' title="bbox 1071 2141 1778 2183; baseline 0 -10"><span class='ocrx_word' id='word_1_462' title='bbox 1071 2147 1212 2183; x_wconf 77' lang='lat' dir='ltr'>gyptum</span> <span class='ocrx_word' id='word_1_463' title='bbox 1229 2152 1345 2173; x_wconf 86' lang='lat' dir='ltr'>versus</span> <span class='ocrx_word' id='word_1_464' title='bbox 1364 2142 1487 2178; x_wconf 83' lang='lat' dir='ltr'>tendit,</span> <span class='ocrx_word' id='word_1_465' title='bbox 1500 2142 1632 2173; x_wconf 89' lang='lat' dir='ltr'>Ionium</span> <span class='ocrx_word' id='word_1_466' title='bbox 1650 2141 1778 2173; x_wconf 83' lang='lat' dir='ltr'>dictam</span> 
     </span>
     <span class='ocr_line' id='line_1_91' title="bbox 1071 2193 1779 2234; baseline 0 -11"><span class='ocrx_word' id='word_1_467' title='bbox 1071 2193 1198 2230; x_wconf 86' lang='lat' dir='ltr'>volunt,</span> <span class='ocrx_word' id='word_1_468' title='bbox 1210 2193 1299 2234; x_wconf 89' lang='lat' dir='ltr'>quod</span> <span class='ocrx_word' id='word_1_469' title='bbox 1313 2193 1494 2234; x_wconf 81' lang='lat' dir='ltr'>sequentia</span> <span class='ocrx_word' id='word_1_470' title='bbox 1507 2193 1597 2233; x_wconf 85' lang='lat' dir='ltr'>apud</span> <span class='ocrx_word' id='word_1_471' title='bbox 1612 2197 1779 2233; x_wconf 90' lang='lat' dir='ltr'>nostrum,</span> 
     </span>
     <span class='ocr_line' id='line_1_92' title="bbox 1070 2243 1780 2285; baseline 0 -11"><span class='ocrx_word' id='word_1_472' title='bbox 1070 2254 1146 2285; x_wconf 81' lang='lat' dir='ltr'>quae</span> <span class='ocrx_word' id='word_1_473' title='bbox 1164 2244 1206 2274; x_wconf 87' lang='lat' dir='ltr'>de</span> <span class='ocrx_word' id='word_1_474' title='bbox 1222 2244 1342 2275; x_wconf 85' lang='lat' dir='ltr'>Protei</span> <span class='ocrx_word' id='word_1_475' title='bbox 1359 2243 1460 2274; x_wconf 88' lang='lat' dir='ltr'>cubili</span> <span class='ocrx_word' id='word_1_476' title='bbox 1487 2248 1522 2274; x_wconf 91' lang='lat' dir='ltr'>et</span> <span class='ocrx_word' id='word_1_477' title='bbox 1546 2244 1627 2275; x_wconf 87' lang='lat' dir='ltr'>Nilo</span> <span class='ocrx_word' id='word_1_478' title='bbox 1644 2243 1780 2284; x_wconf 91' lang='lat' dir='ltr'>subjun-</span> 
     </span>
     <span class='ocr_line' id='line_1_93' title="bbox 1069 2292 1777 2334; baseline -0.001 -10"><span class='ocrx_word' id='word_1_479' title='bbox 1069 2299 1209 2334; x_wconf 78' lang='lat' dir='ltr'>guntur,</span> <span class='ocrx_word' id='word_1_480' title='bbox 1235 2292 1451 2325; x_wconf 79' lang='lat' dir='ltr'>confirmant.</span> <span class='ocrx_word' id='word_1_481' title='bbox 1483 2293 1658 2333; x_wconf 81' lang='lat' dir='ltr'>Phariique</span> <span class='ocrx_word' id='word_1_482' title='bbox 1680 2292 1777 2324; x_wconf 81' lang='lat' dir='ltr'>cubile</span> 
     </span>
     <span class='ocr_line' id='line_1_94' title="bbox 1068 2343 1777 2384; baseline -0.001 -10"><span class='ocrx_word' id='word_1_483' title='bbox 1068 2345 1213 2382; x_wconf 81' lang='lat' dir='ltr'>Proteos,</span> <span class='ocrx_word' id='word_1_484' title='bbox 1238 2353 1301 2374; x_wconf 92' lang='lat' dir='ltr'>uon</span> <span class='ocrx_word' id='word_1_485' title='bbox 1320 2343 1545 2384; x_wconf 82' lang='lat' dir='ltr'>Phariumque,</span> <span class='ocrx_word' id='word_1_486' title='bbox 1566 2343 1777 2374; x_wconf 75' lang='lat' dir='ltr'>PrIcaeanus.</span> 
     </span>
     <span class='ocr_line' id='line_1_95' title="bbox 1068 2393 1775 2434; baseline -0.001 -10"><span class='ocrx_word' id='word_1_487' title='bbox 1068 2393 1224 2424; x_wconf 70' lang='lat' dir='ltr'>Pessime</span> <span class='ocrx_word' id='word_1_488' title='bbox 1255 2393 1385 2433; x_wconf 83' lang='lat' dir='ltr'>vulgati</span> <span class='ocrx_word' id='word_1_489' title='bbox 1413 2393 1569 2434; x_wconf 83' lang='lat' dir='ltr'>plerique</span> <span class='ocrx_word' id='word_1_490' title='bbox 1596 2393 1775 2433; x_wconf 80' lang='lat' dir='ltr'>variumque</span> 
     </span>
     <span class='ocr_line' id='line_1_96' title="bbox 1067 2444 1659 2475; baseline -0.002 0"><span class='ocrx_word' id='word_1_491' title='bbox 1067 2444 1176 2475; x_wconf 83' lang='lat' dir='ltr'>cubile.</span> <span class='ocrx_word' id='word_1_492' title='bbox 1203 2445 1248 2475; x_wconf 92' lang='lat' dir='ltr'>D.</span> <span class='ocrx_word' id='word_1_493' title='bbox 1265 2444 1386 2474; x_wconf 80' lang='lat' dir='ltr'>Heius.</span> <span class='ocrx_word' id='word_1_494' title='bbox 1656 2454 1659 2455; x_wconf 49' lang='lat'><em>⁷</em></span> 
     </span>
    </p>

    <p class='ocr_par' dir='ltr' id='par_1_19' title="bbox 1067 2491 1774 2575">
     <span class='ocr_line' id='line_1_97' title="bbox 1113 2491 1774 2534; baseline 0 -10"><span class='ocrx_word' id='word_1_495' title='bbox 1113 2495 1243 2534; x_wconf 77' lang='lat' dir='ltr'>Cyprece</span> <span class='ocrx_word' id='word_1_496' title='bbox 1266 2493 1367 2533; x_wconf 82' lang='lat' dir='ltr'>rupis]</span> <span class='ocrx_word' id='word_1_497' title='bbox 1390 2492 1541 2532; x_wconf 80' lang='lat' dir='ltr'>Cyprum</span> <span class='ocrx_word' id='word_1_498' title='bbox 1569 2491 1699 2523; x_wconf 85' lang='lat' dir='ltr'>Veneri</span> <span class='ocrx_word' id='word_1_499' title='bbox 1725 2502 1774 2524; x_wconf 77' lang='lat' dir='ltr'>sa-</span> 
     </span>
     <span class='ocr_line' id='line_1_98' title="bbox 1067 2541 1540 2575; baseline -0.006 -1"><span class='ocrx_word' id='word_1_500' title='bbox 1067 2553 1156 2575; x_wconf 86' lang='lat' dir='ltr'>cram</span> <span class='ocrx_word' id='word_1_501' title='bbox 1175 2542 1397 2573; x_wconf 88' lang='lat' dir='ltr'>notissimum.</span> <span class='ocrx_word' id='word_1_502' title='bbox 1422 2541 1540 2572; x_wconf 83' lang='lat' dir='ltr'>Barth.</span> 
     </span>
    </p>

    <p class='ocr_par' dir='ltr' id='par_1_20' title="bbox 1066 2591 1775 2734">
     <span class='ocr_line' id='line_1_99' title="bbox 1109 2591 1773 2632; baseline 0 -9"><span class='ocrx_word' id='word_1_503' title='bbox 1109 2596 1148 2623; x_wconf 89' lang='lat'>51</span> <span class='ocrx_word' id='word_1_504' title='bbox 1175 2593 1345 2632; x_wconf 81' lang='lat' dir='ltr'>Despectat</span> <span class='ocrx_word' id='word_1_505' title='bbox 1371 2601 1486 2622; x_wconf 83' lang='lat' dir='ltr'>cornua</span> <span class='ocrx_word' id='word_1_506' title='bbox 1516 2591 1600 2632; x_wconf 82' lang='lat' dir='ltr'>Nili]</span> <span class='ocrx_word' id='word_1_507' title='bbox 1631 2592 1688 2623; x_wconf 93' lang='lat' dir='ltr'>Sic</span> <span class='ocrx_word' id='word_1_508' title='bbox 1710 2593 1773 2623; x_wconf 89' lang='lat' dir='ltr'>Lu-</span> 
     </span>
     <span class='ocr_line' id='line_1_100' title="bbox 1067 2641 1775 2683; baseline 0.001 -10"><span class='ocrx_word' id='word_1_509' title='bbox 1067 2652 1159 2674; x_wconf 82' lang='lat' dir='ltr'>eens.</span> <span class='ocrx_word' id='word_1_510' title='bbox 1177 2642 1274 2682; x_wconf 89' lang='lat' dir='ltr'>prim.</span> <span class='ocrx_word' id='word_1_511' title='bbox 1299 2641 1456 2672; x_wconf 87' lang='lat' dir='ltr'>Vatican.</span> <span class='ocrx_word' id='word_1_512' title='bbox 1482 2645 1518 2672; x_wconf 92' lang='lat' dir='ltr'>et</span> <span class='ocrx_word' id='word_1_513' title='bbox 1539 2651 1598 2672; x_wconf 89' lang='lat' dir='ltr'>sex</span> <span class='ocrx_word' id='word_1_514' title='bbox 1623 2642 1692 2683; x_wconf 86' lang='lat' dir='ltr'>alii,</span> <span class='ocrx_word' id='word_1_515' title='bbox 1708 2652 1775 2674; x_wconf 86' lang='lat' dir='ltr'>uon</span> 
     </span>
     <span class='ocr_line' id='line_1_101' title="bbox 1066 2692 1465 2734; baseline -0.003 -10"><span class='ocrx_word' id='word_1_516' title='bbox 1066 2695 1256 2734; x_wconf 70' lang='lat' dir='ltr'>despectans.</span> <span class='ocrx_word' id='word_1_517' title='bbox 1279 2694 1325 2724; x_wconf 89' lang='lat' dir='ltr'>D.</span> <span class='ocrx_word' id='word_1_518' title='bbox 1343 2692 1465 2723; x_wconf 88' lang='lat' dir='ltr'>Heius.</span> 
     </span>
    </p>

    <p class='ocr_par' dir='ltr' id='par_1_21' title="bbox 1068 2743 1776 2887">
     <span class='ocr_line' id='line_1_102' title="bbox 1110 2743 1776 2784; baseline -0.002 -8"><span class='ocrx_word' id='word_1_519' title='bbox 1110 2748 1151 2776; x_wconf 83' lang='lat'>52</span> <span class='ocrx_word' id='word_1_520' title='bbox 1188 2744 1361 2774; x_wconf 81' lang='lat' dir='ltr'>Candentes</span> <span class='ocrx_word' id='word_1_521' title='bbox 1382 2743 1520 2784; x_wconf 76' lang='lat' dir='ltr'>pruinae]</span> <span class='ocrx_word' id='word_1_522' title='bbox 1553 2743 1718 2775; x_wconf 79' lang='lat' dir='ltr'>Lucensis</span> <span class='ocrx_word' id='word_1_523' title='bbox 1739 2747 1776 2776; x_wconf 86' lang='lat' dir='ltr'>et</span> 
     </span>
     <span class='ocr_line' id='line_1_103' title="bbox 1068 2794 1775 2837; baseline -0.001 -11"><span class='ocrx_word' id='word_1_524' title='bbox 1068 2794 1206 2837; x_wconf 86' lang='lat' dir='ltr'>quintus</span> <span class='ocrx_word' id='word_1_525' title='bbox 1234 2794 1348 2825; x_wconf 86' lang='lat' dir='ltr'>Vatic.</span> <span class='ocrx_word' id='word_1_526' title='bbox 1377 2795 1539 2826; x_wconf 65' lang='lat' dir='ltr'>credentes.</span> <span class='ocrx_word' id='word_1_527' title='bbox 1570 2794 1661 2836; x_wconf 92' lang='lat' dir='ltr'>quod</span> <span class='ocrx_word' id='word_1_528' title='bbox 1693 2794 1775 2836; x_wconf 90' lang='lat' dir='ltr'>quid</span> 
     </span>
     <span class='ocr_line' id='line_1_104' title="bbox 1068 2844 1775 2887; baseline 0 -9"><span class='ocrx_word' id='word_1_529' title='bbox 1068 2846 1135 2878; x_wconf 82' lang='lat' dir='ltr'>sibi</span> <span class='ocrx_word' id='word_1_530' title='bbox 1154 2845 1237 2877; x_wconf 87' lang='lat' dir='ltr'>velit</span> <span class='ocrx_word' id='word_1_531' title='bbox 1249 2845 1376 2877; x_wconf 87' lang='lat' dir='ltr'>nescio.</span> <span class='ocrx_word' id='word_1_532' title='bbox 1390 2845 1504 2877; x_wconf 85' lang='lat' dir='ltr'>malim</span> <span class='ocrx_word' id='word_1_533' title='bbox 1518 2848 1672 2877; x_wconf 79' lang='lat' dir='ltr'>canentes.</span> <span class='ocrx_word' id='word_1_534' title='bbox 1685 2844 1775 2887; x_wconf 88' lang='lat' dir='ltr'>quod</span> 
     </span>
    </p>
   </div>
  </div>
 </body>
</html>
