1851 3213
324 187 437 228 1344

321 291 391 323 lum
416 293 470 333 qui
495 293 611 333 populi
636 301 772 333 semper
798 292 831 323 in
858 302 916 323 ore
942 290 1031 322 fuit!

322 342 377 373 El.
393 344 424 373 2.
451 344 459 359 ‘
476 343 585 374 Curru
604 343 734 374 victore
759 342 878 373 fereris
895 342 1031 382 Purpu-

323 402 402 424 reus
414 395 531 435 populi
548 395 609 426 rite
625 403 686 435 per
698 404 758 425 ora
776 394 845 426 tui!
870 395 913 424 Et
927 394 1028 425 alibi:

320 443 330 460 ⁶
349 443 390 475 In
418 445 535 485 populi
564 445 742 485 quicquam
774 444 800 474 si
832 449 946 475 tamen
971 454 1029 475 ore

321 504 432 526 meum
450 498 525 526 est.⁷
550 497 677 527 Noster
692 496 733 526 de
744 494 867 535 Apono
880 495 929 525 sic
947 496 955 511 ‘
972 505 1031 535 po-

322 546 392 586 puli
410 555 467 577 ora
485 545 676 586 pervolare’
692 545 801 576 dixit:
828 548 837 563 ‘
854 546 956 577 Hunc
972 546 1030 587 qui

322 600 374 627 tot
392 597 507 636 populi
532 596 687 636 pervolat
712 606 770 627 ora
797 596 929 627 locum.y
974 596 1031 627 Ita

321 648 410 679 enim
432 657 547 678 versus
575 647 864 688 inquinatissimus
879 646 1029 678 scriben-

322 700 404 732 dus:
430 700 488 731 ubi
507 700 613 741 plura.
639 701 683 731 D.
701 700 815 730 Heius.

363 754 425 783 271
457 751 585 781 Cunctis
607 753 662 780 tua
682 749 829 788 gentibus
859 759 923 779 esse
954 749 1030 779 Fuc-

320 804 355 832 ta
381 802 500 842 palum]
537 801 592 830 Ob
625 799 840 830 altitudinem
881 798 958 837 fati,
997 799 1029 828 in

320 862 387 893 quo
413 850 591 882 constituti
620 853 712 879 sunt.
758 848 962 888 Euripides:
986 849 1031 879 Τὰ

319 904 381 933 τῶν
394 899 551 937 βασιλέων
566 899 773 939 ἁμαρτήματα
795 898 909 930 πάντες
932 900 1029 931 ἴσασι.

319 952 468 989 Plinius,
497 950 737 990 Panegyrico:
777 949 786 966 ‘
813 950 929 981 Habet
967 951 1030 980 hoe

320 1002 456 1043 privum
483 1011 606 1041 magna
633 1001 796 1039 Fortuna,
827 1000 914 1041 quod
948 1001 1029 1031 nihil

320 1058 465 1091 tectum,
481 1051 562 1082 nihil
591 1051 761 1082 occultum
787 1059 858 1080 esse
886 1051 1029 1090 patitur.

319 1104 520 1143 Principum
539 1112 618 1133 vero
636 1112 702 1132 non
715 1102 814 1132 modo
828 1102 957 1141 domus,
970 1103 1028 1133 sed

317 1154 393 1195 ipsa
408 1154 577 1192 cubicula,
590 1153 795 1194 intimosque
810 1163 963 1184 recessus
978 1164 1029 1184 re-

319 1204 442 1243 cludit,
454 1204 632 1244 omniaque
645 1213 767 1233 arcana
779 1204 953 1234 noscenda
966 1205 1028 1235 Fa-

319 1265 384 1286 mae
401 1254 566 1295 proponit
582 1258 684 1293 atque
701 1253 875 1293 explicat!
898 1255 1016 1285 Barth.

362 1308 427 1336 272
452 1304 518 1334 Nec
546 1313 632 1343 posse
658 1304 742 1343 dari]
775 1304 865 1335 Quia
891 1305 1029 1336 minima

319 1354 421 1385 etiam
440 1353 633 1392 principum
654 1358 797 1393 peccata
815 1353 977 1385 continuo
995 1355 1028 1385 in

318 1414 377 1435 ore
392 1405 457 1434 sint
473 1404 631 1435 omnium.
671 1404 768 1435 Idem.

361 1458 424 1487 273
454 1456 526 1486 Lux
555 1455 707 1485 altissima
730 1454 815 1494 fati]
859 1454 1029 1496 Splendor

318 1505 510 1546 dignitatis,
540 1505 639 1535 Idem.

361 1559 423 1587 275
453 1557 620 1587 Abs-trusos
647 1557 789 1596 &plorat
811 1555 902 1594 fama
930 1567 1028 1588 reces-

317 1608 383 1648 sus]
418 1608 596 1646 Recessus,
623 1607 698 1637 loca
725 1613 868 1644 remota,
898 1607 1027 1640 abdita.

317 1659 444 1689 Verum
464 1663 590 1696 autem,
617 1656 740 1687 famam
763 1658 942 1697 propalare
958 1668 1027 1689 om-

318 1708 373 1738 nia
389 1709 557 1738 clarorum
571 1707 744 1738 hominum
759 1709 908 1747 negotia.
927 1709 1026 1740 Idem.

361 1758 531 1789 Abstrusos
567 1758 709 1797 explorat
746 1757 836 1795 fama
877 1760 1026 1799 recessus]

319 1809 397 1841 Non
415 1809 579 1846 obstrusos,
606 1809 659 1838 vel
676 1809 836 1848 implorat,
863 1810 941 1840 libri
959 1820 1025 1841 me-

317 1859 430 1890 liores.
464 1859 511 1889 sic
528 1862 536 1876 ‘
550 1858 582 1888 in
597 1858 755 1888 abstrusa
769 1869 880 1890 rerum
894 1860 1025 1891 ratione

318 1908 468 1947 morari,'
495 1909 596 1940 Cons.
615 1909 756 1939 Manlii:
789 1911 931 1949 explorat
952 1911 1025 1951 jam

317 1964 525 1999 occupatum
542 1969 560 1989 a
578 1959 825 1999 Raphelengio.
852 1961 898 1991 D.
915 1961 1025 1993 Heius.

361 2011 425 2039 276
448 2008 501 2039 Sis
513 2009 583 2049 pius
600 2009 630 2039 iu
653 2009 781 2049 primis]
816 2011 870 2041 De
895 2011 1025 2051 pietate

318 2057 352 2089 in
370 2059 496 2097 Deum,
524 2068 566 2088 an
594 2058 636 2088 ‹le
654 2059 838 2090 clementia
854 2060 1025 2102 loquatur,

319 2107 446 2147 ambigi
485 2108 597 2139 video.
664 2109 851 2150 Utriusque
890 2112 1025 2142 nomine

318 2162 482 2198 quantum
505 2158 697 2198 exemplum
724 2159 878 2190 Honorio
896 2161 1027 2200 praebu·

319 2207 384 2238 erit
401 2208 548 2239 monitor
567 2209 794 2247 Theodosius,
811 2210 973 2250 Epistolae
992 2217 1027 2242 et

317 2259 497 2290 Sermones
528 2260 627 2291 Beati
655 2260 826 2291 Ambrosii
861 2262 1025 2294 indicant.

321 2308 400 2339 Pius
426 2309 488 2339 hoc
516 2310 590 2340 loco
623 2320 687 2341 non
721 2312 943 2351 Religiosum,
966 2314 1025 2344 sed

319 2359 448 2398 mitem,
465 2359 660 2399 benignum,
685 2363 900 2403 elementem,
916 2364 1025 2405 desig-

319 2414 392 2447 nat,
409 2415 446 2439 ut
463 2409 543 2439 alibi
563 2410 612 2439 liis
630 2411 724 2440 libris
742 2416 907 2444 notatum.

364 2459 417 2490 Sis
430 2459 513 2499 piem,
530 2460 596 2499 elren]
616 2461 693 2491 Huc
707 2463 858 2501 pertinet
872 2463 951 2493 illud
965 2463 1026 2494 Se-

320 2519 415 2540 necae
433 2510 494 2539 sub
512 2520 658 2549 persona
675 2510 843 2550 Augusti:
868 2515 875 2528 ‘
894 2513 1024 2552 pietate

320 2559 502 2599 etjustitia
522 2560 708 2599 principes,
723 2560 767 2590 dii
788 2560 893 2592 fiunt.’
921 2564 1010 2594 Clur.

368 2610 446 2639 Cum
462 2610 618 2640 ‘vincamur
631 2610 664 2640 in
680 2611 761 2640 omni
777 2611 921 2650 Munere]
940 2613 1024 2643 Cum

320 2659 472 2690 Deorum
487 2660 726 2691 immortalium
753 2671 807 2700 ea,
833 2662 955 2703 inquit,
982 2663 1024 2693 sit

324 2715 486 2751 potestas,
510 2720 550 2741 ea
574 2711 744 2752 majestas,
768 2717 816 2752 ut,
838 2713 1026 2753 quamlibet

321 2769 451 2791 summa
466 2770 531 2802 ope
556 2760 748 2793 adnitamur
768 2771 886 2794 eorum
910 2763 1027 2795 virtuti

563 177 704 229 NOTAE
741 198 1005 229 VARIORUM
1041 197 1090 227 IN
1127 199 1201 229 CL·
1232 201 1416 232 CLAUD.
1451 201 1558 233 vill.

1082 301 1156 323 esse
1172 293 1313 333 similes,
1331 294 1562 335 relinquamur
1585 298 1700 326 tamen
1716 297 1788 327 nul-

1082 343 1122 373 lis
1154 354 1219 375 non
1247 345 1457 383 muneribus,
1484 345 1604 386 quibus
1638 345 1790 378 afficiunt

1082 392 1130 424 illi
1148 396 1304 426 mortalia
1321 401 1357 426 et
1374 401 1591 428 conservant.
1629 397 1705 427 Una
1718 397 1791 428 sola

1081 454 1141 476 nos
1158 445 1223 477 illis
1241 447 1434 478 Clementia
1458 451 1632 487 exaequat,
1646 452 1684 477 ut
1701 447 1791 487 pari-

1082 499 1135 525 ter
1152 500 1256 537 atque
1282 497 1329 527 illi
1348 497 1504 534 coelitus3
1529 497 1578 527 sic
1594 506 1653 527 nos
1670 497 1704 527 in
1721 501 1791 528 ter-

1082 546 1141 585 ris,
1159 547 1266 578 vicem
1284 557 1400 578 eorum
1425 552 1598 587 gerentes,
1625 547 1790 587 prodesse

1081 597 1143 627 hac
1163 597 1288 629 virtute
1305 599 1477 629 valeamus
1493 598 1609 639 generi
1632 597 1790 629 humano.

1081 647 1198 679 Barth.

1124 700 1186 727 277
1213 698 1285 728 Sola
1318 699 1401 729 Deos
1423 701 1525 739 oequat
1551 698 1714 730 clementia
1739 708 1792 729 no-

1082 746 1143 786 bis]
1167 748 1385 786 Comparatio
1404 749 1471 778 Dei
1489 753 1524 778 et
1539 748 1696 788 hominis,
1711 758 1788 789 quae

1083 795 1185 825 ducta
1201 796 1358 826 videatur
1382 797 1425 827 de
1447 796 1600 828 fontibus
1617 807 1790 829 sacrarum

1084 846 1292 884 Literarum,
1307 845 1431 886 quibus
1446 845 1587 878 Judices
1611 847 1790 888 Regesque

1083 896 1142 926 Dii
1183 896 1414 936 appellantur,
1452 896 1561 927 Exod.
1600 905 1694 928 xxu.
1730 898 1788 928 Ps.

1083 954 1193 976 Lxxx.
1215 947 1351 977 Marcus
1366 945 1558 977 Antoninus
1575 946 1663 987 Imp.
1678 948 1789 988 Epist.

1084 996 1126 1026 ad
1142 997 1338 1027 Faustinam
1353 1008 1361 1028 ι
1384 998 1393 1014 ⁶
1412 998 1489 1029 Non
1503 997 1592 1027 enim
1607 998 1790 1039 quicquam

1083 1048 1239 1089 estquod
1255 1048 1504 1089 Imperatorem
1519 1049 1708 1079 Romanum
1722 1057 1790 1079 me-

1081 1098 1145 1129 lius
1161 1099 1380 1129 commendet
1397 1098 1569 1139 gentibus,
1593 1108 1691 1139 quam
1714 1099 1790 1130 Cle-

1081 1150 1223 1179 mentia.
1271 1149 1357 1180 Haec
1388 1150 1544 1179 Coesarem
1570 1149 1672 1179 Deum
1693 1148 1788 1190 fecit,

1081 1200 1153 1230 haec
1176 1199 1368 1240 Augustum
1386 1200 1614 1235 consecravit,
1637 1200 1711 1230 haec
1730 1210 1786 1241 pa-

1083 1254 1168 1279 trem
1197 1254 1291 1279 tuum
1317 1249 1472 1290 inprimis
1498 1250 1554 1280 Pii
1577 1251 1713 1281 nomine
1738 1260 1789 1282 or-

1082 1299 1199 1330 navit.’
1229 1299 1329 1330 Idem.

1124 1352 1186 1380 278
1212 1350 1281 1379 Neu
1298 1349 1391 1380 dubie
1417 1353 1574 1390 suspectus
1597 1351 1689 1391 agas]
1728 1352 1788 1383 Ni-

1080 1399 1126 1430 hil
1144 1410 1241 1440 aeque
1264 1401 1434 1431 dedeceat
1449 1401 1637 1433 Heroicum
1658 1407 1693 1433 et
1720 1412 1787 1433 coe-

1080 1451 1202 1481 lestem
1234 1452 1382 1481 animum
1406 1452 1568 1492 principis
1605 1462 1706 1493 quam
1733 1454 1786 1484 vel

1081 1502 1257 1532 calumniis
1275 1501 1430 1541 credere,
1454 1502 1505 1533 vel
1524 1502 1698 1543 indulgere
1716 1514 1786 1535 sus-

1080 1553 1283 1593 picionibus.
1311 1554 1479 1594 Sprevere
1503 1554 1605 1585 etiam
1631 1561 1784 1595 apertam

1079 1605 1354 1636 maledicentiam
1367 1606 1486 1635 summi
1501 1605 1694 1646 Principes.
1729 1607 1785 1638 De

1081 1656 1214 1686 Caesare.
1227 1657 1367 1687 Suetou.
1382 1656 1425 1687 de
1439 1655 1595 1696 Augusto
1610 1658 1727 1689 Senec.
1742 1667 1784 1690 11.

1079 1705 1120 1736 de
1135 1705 1203 1743 Ira,
1218 1716 1248 1736 c.
1263 1708 1315 1736 23.

1122 1755 1233 1786 Falsus
1247 1754 1369 1794 amicis]
1407 1755 1500 1785 Nulli
1532 1765 1611 1786 vere
1643 1757 1784 1796 amicus,

1077 1803 1249 1835 simulator
1281 1805 1416 1835 amoris.
1455 1804 1582 1837 Ficc'um
1609 1806 1694 1838 dicit
1719 1808 1783 1839 Ca·

1077 1855 1240 1895 pitolinus
1270 1856 1411 1886 Marco:
1435 1858 1443 1873 ‘
1456 1857 1640 1888 Dederunt
1656 1859 1684 1888 ei
1704 1858 1783 1890 vitio

1077 1905 1165 1945 quod
1183 1910 1218 1935 et
1234 1905 1334 1935 fictus
1362 1905 1495 1946 fuisset,
1518 1917 1582 1938 nec
1610 1913 1676 1938 tam
1704 1909 1782 1940 sinr-

1077 1956 1157 1996 plex
1189 1965 1286 1996 quam
1315 1956 1499 1996 videretur,
1526 1962 1584 1988 aut
1611 1968 1711 1999 quam
1728 1960 1783 1991 vel

1078 2006 1153 2046 pius
1170 2007 1222 2036 vel
1240 2016 1338 2036 verus
1352 2005 1501 2038 fnisset!
1525 2008 1642 2040 Barth.

1120 2060 1183 2088 279
1221 2057 1427 2088 Rumorumve
1445 2059 1581 2099 uvidus]
1621 2060 1783 2092 Quotidie

1076 2107 1230 2138 videmus
1255 2108 1319 2138 hoc
1345 2117 1450 2148 genus
1471 2110 1670 2141 tumultuari
1697 2121 1782 2143 sem-

1078 2169 1152 2199 per,
1170 2168 1305 2198 semper
1321 2168 1395 2189 esse
1411 2159 1547 2190 anxium
1562 2161 1672 2192 animi.

1120 2212 1183 2240 280
1207 2208 1360 2239 Horrebit
1383 2210 1547 2250 strepitus]
1584 2210 1726 2249 Anxius,
1743 2211 1783 2242 ti-

1077 2260 1199 2290 midus.
1233 2260 1344 2300 Hujus
1361 2260 1450 2290 enim
1465 2260 1595 2300 ingenii
1610 2261 1779 2294 hominem

1077 2314 1166 2340 nota.
1204 2309 1322 2340 Barth.

1119 2363 1180 2391 281
1207 2360 1279 2390 Non
1293 2360 1338 2390 sic
1353 2360 1502 2400 excubioe]
1545 2360 1649 2392 Amor
1666 2362 1780 2393 subdi-

1078 2416 1201 2448 torum,
1216 2419 1379 2440 summum
1408 2410 1560 2450 Principi
1574 2412 1779 2451 praesidium.

1078 2462 1238 2502 Synesius
1267 2463 1309 2492 de
1337 2463 1479 2501 Regno:
1504 2462 1605 2493 εὔνοια
1629 2462 1707 2501 μόνη
1727 2463 1780 2495 καὶ

1075 2511 1215 2550 μάλιστα
1227 2510 1381 2547 βασιλέως
1394 2511 1463 2542 ἐστὶ
1477 2510 1605 2552 ἰσχυρὸν
1620 2512 1779 2552 φυλακτή-

1075 2574 1149 2604 ριῠν.

1120 2612 1288 2652 Excubiae]
1312 2613 1479 2644 Satellitia
1492 2618 1526 2644 et
1540 2614 1700 2645 excubias
1715 2614 1780 2646 Ro-

1077 2673 1251 2694 manorum
1278 2663 1478 2704 Principum
1507 2664 1591 2695 dicit
1613 2665 1780 2697 solennes.

1077 2713 1270 2744 Satellitum
1306 2713 1370 2744 hoc
1405 2723 1510 2753 genus
1539 2724 1632 2745 usum
1661 2715 1781 2746 Romae

1077 2763 1210 2796 invexit
1238 2764 1442 2806 Tarquinius
1457 2765 1644 2806 Super-hm,
1666 2769 1780 2807 tyran-

1110 2906 1131 2919 X
