1852 3182
587 213 636 243 IN
675 214 903 245 RUFINUM
941 214 1036 245 Llss.
1071 215 1123 244 11.

129 309 249 340 horum
286 316 420 349 quoque
461 305 634 345 congessit
671 305 831 336 Bai-thius

130 358 230 389 Cous.
256 358 387 395 Manlii,
414 366 461 386 VS.
477 358 551 386 247.
577 355 635 385 scd
660 356 748 396 quod
776 366 829 386 eo-

129 408 206 439 dem
240 408 341 439 trahit
368 407 425 436 illa
459 406 609 443 Horatii,
627 405 692 436 Od.
712 415 749 436 ιι.
779 410 827 436 lv.

126 460 135 474 ⁴
155 459 245 499 pacis
270 466 344 488 eras
366 455 564 495 mediusque
584 455 688 493 belli‚’
707 456 761 486 vix
778 466 828 486 as-

128 509 275 546 sentior-3
299 516 373 537 cum
390 506 488 536 aliter
510 505 732 545 intelligenda
749 507 827 538 ¹siut.

129 560 254 591 illedius
272 558 358 598 pacis
370 557 536 598 quomodo
551 562 704 597 sequester
722 559 828 598 pacis.-

125 609 168 640 de
197 618 264 650 quo
304 608 457 648 pluribus
487 608 541 647 egi
575 609 615 638 ad
659 609 826 639 Nasonem

125 660 256 690 Fastor.
280 667 305 688 1.
334 658 396 688 lioc
417 664 529 688 tamen
557 659 630 688 loco
655 659 826 697 vulgatam

122 709 301 740 lectionem
342 717 408 739 non
448 718 585 748 prorsus
626 708 826 740 damnarim.

123 758 220 790 Idem.

168 808 251 839 Orbe
282 808 324 839 Te
353 807 468 848 medio]
503 808 642 839 Graecia
669 808 827 851 meditul-

122 858 202 890 lium
220 857 292 890 fere
309 860 451 891 Romani
467 859 620 899 Imperii.
666 859 784 889 Barth.

165 911 225 940 311
253 909 345 940 Nunc
367 911 471 949 epulus
493 913 614 948 tempus
634 909 723 949 socii]
749 910 825 940 Non

122 960 230 990 solnm
260 959 303 990 de
331 960 471 999 privatis
491 960 691 1001 quibusdam
718 960 826 1000 epulis

123 1008 272 1050 loquitur
285 1010 451 1049 mastigia,
468 1009 526 1040 sed
544 1009 585 1039 de
604 1009 750 1049 publicis
770 1019 825 1048 po·

124 1061 203 1098 pulo
220 1059 357 1097 dandis;
373 1061 414 1090 ad
433 1061 522 1098 novi,
539 1069 637 1100 quem
657 1059 722 1088 sibi
739 1059 825 1089 bona

121 1108 188 1139 fide
218 1109 377 1148 spondet,
415 1109 634 1149 Principatus
674 1108 824 1139 faustum

119 1163 154 1189 et
169 1157 357 1190 favorabile
374 1159 505 1190 initium
523 1159 666 1191 scilicet.
691 1160 825 1200 Populo

119 1208 207 1239 enim
238 1209 389 1249 epulum,
424 1209 587 1240 militibus
626 1210 823 1241 donativum

120 1258 277 1298 spondet,
301 1259 409 1291 instar
436 1260 636 1300 Principum
664 1261 824 1302 priorum.

120 1308 219 1340 Idem.

162 1359 255 1390 Nunc
269 1361 358 1399 larga
372 1361 498 1401 parare]
515 1361 608 1392 Malo
620 1362 730 1402 parari
743 1373 753 1393 :
777 1367 824 1393 at-

118 1419 184 1450 que
201 1410 250 1441 ita
264 1411 433 1442 secundus
451 1413 611 1442 Vatican.
649 1413 692 1444 D.
711 1413 823 1444 Heius.

162 1463 224 1491 312
263 1461 507 1502 Doumiclunique
538 1463 624 1493 notis
653 1463 825 1501 legionibus

117 1511 242 1551 aurum]
279 1511 392 1542 Tanta
433 1513 549 1543 liorum
586 1513 822 1544 donativorum

119 1561 168 1590 vis
185 1566 289 1602 atque
311 1562 522 1593 consuetudo
544 1563 621 1603 fnit,
642 1569 679 1595 ut
696 1565 735 1595 iis
751 1564 824 1595 fere

118 1609 369 1650 Imperatorum
401 1616 436 1642 et
471 1614 656 1644 auctoritas
688 1619 724 1645 et
753 1615 824 1646 vita

117 1660 191 1699 ipsa
207 1665 419 1701 censeretur,
441 1663 605 1693 militibus
634 1665 822 1704 praesertim

119 1710 279 1752 Urbanis,
295 1717 330 1743 et
347 1712 436 1743 iuter
452 1713 511 1743 lios
533 1713 773 1755 Praetorianis,
789 1716 821 1746 in

116 1771 175 1793 eos
201 1762 392 1795 faventibus
424 1765 480 1807 qui
512 1767 683 1806 pecuniosi
707 1773 823 1799 essent

116 1817 151 1844 et
167 1813 263 1855 largi.
307 1815 423 1847 Bar-ili.

159 1866 222 1895 313
248 1865 431 1905 Opportuna
457 1866 546 1907 meis]
593 1868 748 1908 Augusto
776 1869 823 1900 ni-

116 1914 238 1945 mirum
267 1915 310 1946 de
338 1926 432 1948 more
461 1918 630 1949 exercitui
656 1930 698 1950 ex
721 1920 822 1951 Occi-

116 1964 219 1996 dente
237 1965 389 1997 redituro
405 1967 537 1999 obviam
555 1969 656 2000 ituro.
704 1970 800 2000 Idem.

158 2017 221 2046 314
246 2015 335 2050 Quod
348 2017 427 2047 nolit
450 2028 508 2048 reu:
534 2018 597 2058 ipse
624 2019 713 2059 velit]
737 2021 822 2050 'ran-

118 2069 186 2095 tum
199 2064 270 2105 jam
287 2066 350 2096 sibi
367 2067 486 2097 tribuit
502 2069 689 2099 sceleratus
712 2069 823 2107 Ιιοιιιο,

118 2119 155 2146 ut
170 2115 326 2146 exercitu
339 2116 613 2148 circumfundere
633 2119 820 2158 principem

115 2169 150 2195 et
167 2165 468 2205 participationem
486 2166 626 2207 Imperii
643 2173 824 2210 extorque-

117 2223 152 2245 re
169 2220 362 2254 praesumat.

157 2264 244 2305 Rex]
280 2265 484 2306 Imperator,
532 2267 710 2307 Princeps.
767 2267 823 2299 Ita

115 2316 220 2355 Regia
234 2317 381 2347 mandata
397 2316 486 2347 dixit
513 2327 628 2357 snpra,
645 2323 680 2349 et
697 2319 822 2358 saepius

115 2367 217 2398 alibi:
254 2367 356 2406 Regia
390 2368 473 2398 Urbs
503 2369 830 2410 Constantinopolis>

115 2426 206 2458 saepe
220 2417 430 2458 Justiniano,
451 2418 621 2459 quomodo
649 2428 715 2450 non
745 2430 822 2451 raro

114 2467 300 2509 scriptores
347 2469 652 2510 Panegyricorum.
719 2470 821 2511 Apud

115 2518 255 2550 Graecos
285 2517 499 2561 frequentius
536 2519 687 2555 βασιλεὺς
722 2530 822 2562 quam

115 2569 205 2608 apud
228 2570 368 2601 Latinos
392 2571 467 2601 Rex
492 2571 682 2612 principem
702 2573 821 2603 Roma·

117 2626 192 2648 num
220 2624 330 2651 sonat.
377 2621 526 2652 Notasse
554 2626 591 2653 et
617 2622 821 2654 abstinuisse

117 2668 229 2698 Latini
245 2669 452 2711 aliquamdiu
480 2671 651 2711 videntur,
671 2673 751 2714 quia
767 2683 822 2704 ex-

115 2717 200 2748 actis
227 2718 309 2749 urbe
335 2720 475 2760 regibus
504 2726 641 2752 cautum
667 2722 821 2764 dirisque

114 2767 352 2800 devotionibus
386 2770 566 2812 sancitum,
604 2781 646 2803 ne
678 2772 753 2814 quis
785 2782 821 2804 se

1474 205 1586 252 1289

882 306 955 345 ejus
978 308 1090 346 gentis
1116 307 1246 338 Rncmi
1270 309 1472 348 appellaret.
1503 312 1586 345 Bur.-

881 357 974 387 iliius.

923 407 1097 447 Jubcutque
1130 406 1266 446 coactns]
1313 407 1465 438 Subuctus
1499 410 1587 449 prior

880 458 1057 488 Leidensis
1086 459 1185 497 longe
1217 459 1422 498 elegantius,
1468 460 1586 500 virgil.

880 508 953 538 AEn.
980 517 1028 538 ιν.
1046 510 1055 525 ‘
1076 508 1146 539 Ant
1164 508 1222 539 lios
1250 518 1349 539 versa
1376 508 1454 549 fuga
1479 510 1586 541 victor

880 557 961 588 dare
979 562 1073 597 terga
1089 558 1244 598 subegit?
1274 559 1329 590 Sic
1347 560 1494 598 optimus
1514 561 1586 591 Me-

879 608 996 638 dicens
1015 609 1133 640 etalii.
1172 610 1305 640 Coactus
1317 620 1358 640 ex
1373 610 1494 641 Glossa
1510 616 1585 642 est:

879 658 926 689 sic
942 664 977 689 et
994 659 1051 689 lib.
1066 668 1114 689 vr.
1137 659 1145 675 ‘
1164 659 1358 701 subigitque
1375 659 1496 698 fateri‚’
1515 670 1589 701 pro,

879 708 985 745 cogit.
1004 709 1078 740 Lib.
1101 717 1183 741 vui.
1212 711 1219 726 ‘
1238 720 1313 751 quae.
1331 720 1435 741 causa
1452 710 1588 752 subegit

880 758 1020 797 Ignotus
1049 765 1182 791 tentare
1210 760 1303 792 vias.’
1337 761 1451 800 Silius,
1476 761 1534 792 lib.
1564 770 1587 793 1.

879 810 886 823 ⁴
907 809 1021 848 populi
1039 808 1130 841 ferro
1148 820 1268 850 parere
1286 810 1444 850 subacti,'
1469 821 1510 842 ex
1529 821 1587 852 op·

880 859 960 889 timo
984 860 1117 891 codice.
1160 861 1288 892 Noster
1312 861 1369 892 lib.
1395 871 1450 893 111.
1470 862 1503 892 in
1521 862 1589 893 Sti·

878 909 954 939 lieli.
972 911 980 926 ‘
1002 909 1090 950 quod
1109 910 1202 940 nullo
1227 911 1340 951 potnit
1360 917 1489 943 terrore
1508 912 1587 944 snb·

877 964 954 989 acta
985 959 1142 990 Libertas
1169 961 1323 992 Romana
1352 962 1422 1002 pati
1439 962 1458 993 :'
1483 963 1585 1004 vulgo

877 1013 912 1038 et
939 1009 996 1039 ille
1024 1009 1118 1040 locus
1141 1017 1334 1051 corruptus.
1369 1012 1510 1044 Tacitus
1537 1014 1585 1045 sic

876 1068 981 1098 stupe,
999 1060 1104 1089 etalii
1122 1070 1164 1090 ex
1184 1061 1381 1092 Historicis.
1411 1063 1455 1093 D.
1472 1063 1586 1093 Heius.

919 1112 979 1140 317
997 1110 1121 1141 Talibus
1132 1112 1297 1153 acclamat]
1312 1112 1493 1143 ,it-clamant
1513 1113 1588 1143 Pri-

876 1160 938 1191 επὶ
969 1161 1069 1192 liber.
1131 1162 1304 1192 Concilium
1332 1164 1517 1204 acclamant,
1549 1168 1588 1198 nt

875 1211 882 1227 ‘
901 1211 1021 1252 vulgus
1039 1210 1256 1242 faiuulantur'
1277 1212 1335 1243 lib.
1357 1222 1380 1243 1.
1408 1213 1452 1244 dc
1479 1214 1585 1254 Rapt.

875 1270 951 1291 narn
984 1261 1032 1292 sic
1061 1262 1254 1301 legendum,
1292 1264 1422 1295 ‘turba
1457 1264 1588 1305 ruunt‚’

874 1311 882 1326 ‘
902 1311 1021 1342 vicinia
1037 1311 1214 1343 celebrant
1231 1312 1381 1353 festum,’
1407 1319 1442 1346 et
1468 1315 1588 1347 similia

875 1361 965 1401 apud
983 1361 1170 1399 Ovidium3
1195 1362 1238 1393 de
1256 1363 1377 1403 quibus
1393 1365 1474 1396 illic.
1500 1365 1589 1397 Nos·

876 1416 929 1442 ter
953 1421 1067 1452 snpra,
1109 1413 1317 1454 ‘galeasque
1365 1415 1483 1446 solutis
1517 1415 1588 1446 Hu-

875 1469 1027 1495 niectant
1064 1464 1247 1504 lacrymis,'
1292 1467 1438 1506 scilicet,
1483 1469 1587 1507 legio.-

875 1524 951 1544 uam
969 1515 1016 1545 sic
1037 1515 1179 1546 Lucens.
1197 1525 1280 1546 unus
1302 1517 1426 1550 Petav.
1452 1524 1487 1550 et
1504 1519 1584 1549 Del-

876 1566 912 1595 rii
931 1567 1041 1597 codex
1067 1576 1142 1597 cum
1161 1573 1281 1607 quarto
1298 1569 1486 1602 Vaticano:
1514 1571 1586 1602 vul·

875 1625 929 1655 go,
949 1616 1129 1648 Humectut.
1175 1617 1285 1649 ldem.

916 1668 979 1697 318
1011 1667 1177 1707 Perpetuis
1206 1678 1326 1699 crevere
1354 1670 1488 1709 rapinis]
1529 1670 1585 1702 Ad

873 1715 1061 1756 dignitates
1091 1719 1256 1757 pertinet,
1284 1728 1367 1759 quas
1391 1720 1585 1752 vendidisse

873 1767 922 1797 sui
937 1766 1100 1797 similibus
1117 1768 1222 1799 tradit
1240 1768 1397 1800 Rufinum
1411 1771 1585 1810 superiore

873 1817 973 1849 libro.
1019 1818 1137 1849 Bur-tlt.

916 1870 979 1898 320
1003 1869 1131 1899 Delicta
1154 1868 1268 1909 ficere]
1323 1871 1459 1902 Funestu
1486 1875 1587 1903 tacere

874 1917 1020 1949 Lucens.
1053 1918 1142 1959 qnod
1168 1929 1234 1950 non
1262 1921 1381 1960 capio:
1423 1926 1458 1952 et
1493 1931 1591 1962 mox,

863 1968 991 2009 jamque
1008 1972 1038 2000 et
1054 1969 1216 2010 connubia,
1239 1975 1274 2002 et
1297 1981 1366 2012 quae
1382 1973 1512 2012 quisque
1532 1983 1586 2013 pe-

872 2021 933 2049 tat.
964 2019 1007 2049 D.
1028 2018 1150 2050 Heius.

915 2069 1040 2099 Delicta
1061 2069 1155 2105 fuere
1182 2069 1293 2100 Nemus
1315 2070 1479 2111 amicitiae]
1506 2072 1586 2103 Con-

872 2118 946 2148 nexi
977 2118 1141 2150 dicuntur
1171 2120 1290 2150 animis
1327 2121 1474 2152 maxime
1506 2131 1585 2153 con·

873 2167 1100 2199 sentientibus
1123 2169 1237 2200 amici.
1281 2169 1410 2210 Nexus,
1436 2170 1586 2202 amicitia

874 2217 957 2257 ipsa.
1004 2219 1118 2249 Barth.

916 2270 977 2298 323
998 2268 1084 2303 Quas
1095 2270 1218 2300 devoret
1232 2269 1337 2309 urbes]
1362 2270 1473 2301 Cicer.
1494 2271 1585 2302 l.111.

873 2318 904 2348 iu
914 2319 1060 2349 Verrem
1075 2331 1081 2349 :
1106 2320 1114 2335 ‘
1133 2329 1198 2350 uon
1215 2321 1398 2360 reperietis
1412 2321 1583 2353 hominem

874 2369 991 2400 timide
1016 2378 1079 2400 nec
1105 2370 1228 2401 leviter
1244 2370 1317 2401 liaec
1335 2370 1583 2411 improbissima

873 2419 969 2449 lucra
995 2419 1235 2459 ligurientem;
1265 2419 1430 2451 devorare
1448 2431 1582 2452 omnem

873 2470 1052 2511 pecuniam
1085 2471 1254 2511 publicam
1285 2481 1351 2502 uon
1386 2470 1583 2503 dubitavit.'

874 2522 989 2554 Barth.

916 2576 978 2605 324
1002 2573 1152 2614 Labores]
1176 2573 1308 2606 Quibus
1333 2573 1403 2604 siue
1422 2583 1486 2604 nou
1503 2576 1582 2604 sunt

873 2633 1020 2664 unquam
1038 2624 1198 2654 mortales
1226 2623 1286 2653 nisi
1304 2633 1377 2654 cuni
1397 2623 1581 2655 dormiunt.

873 2674 1077 2714 Exemplum
1106 2678 1159 2704 est
1191 2673 1343 2704 Maronis
1368 2672 1500 2703 AEueid.
1527 2681 1578 2705 xl.

872 2724 881 2740 ‘
900 2722 1034 2754 Aurora
1061 2723 1194 2753 interea
1220 2722 1352 2752 miseris
1377 2722 1580 2755 mortalibus

871 2774 992 2805 almam
1006 2773 1186 2805 Extulcrat
1197 2772 1319 2808 lucem,
1335 2770 1487 2804 referens
1501 2782 1581 2814 ope.
