1851 3213
228 182 340 225 1476

225 297 270 320 ex
298 285 423 318 nostris
454 285 550 317 libris
581 286 679 318 multi
707 285 929 317 confirmant:

224 338 279 370 sub
309 338 436 369 verbera
467 338 612 379 Gyraldi
651 337 762 375 liber;
802 336 929 377 probe;

222 391 373 422 nondum
403 391 492 422 enim
524 390 753 431 vapulabant:
793 389 842 420 sic
876 389 932 419 sub

222 445 340 473 noctem
357 452 431 483 pro,
447 442 647 473 imminente
661 445 776 481 nocte,
790 444 825 472 et
842 440 932 471 simi-

222 494 278 526 lia.
301 494 347 525 D.
365 494 478 525 Heius.

265 543 443 585 Adductas]
476 542 652 581 Addictus;
687 542 777 586 quod
802 553 820 574 e
841 542 930 584 juris

463 191 606 223 NOTAE
635 191 901 222 VARIORUM
934 191 984 221 IN
1023 191 1098 222 CL.
1131 191 1317 224 CLAUD.
1351 192 1464 224 XIX.

986 285 1137 318 fontibus
1154 287 1322 328 petitum:
1348 296 1426 318 nam
1451 285 1530 318 olim
1556 285 1692 328 quidam

987 337 1066 367 nexi
1086 337 1119 368 in
1138 339 1337 369 servitutem
1356 337 1580 369 creditoribus
1597 337 1693 370 addi-

987 388 1161 420 cebantur.
1207 389 1449 427 Quintilianus,
1475 388 1534 419 lib.
1549 397 1605 418 111.
1622 387 1690 419 ait:

986 437 1091 469 Aliud
1119 443 1181 478 est,
1207 449 1340 470 servum
1367 448 1466 477 esse;
1490 438 1596 477 aliud,
1622 447 1692 469 ser-

987 489 1078 529 vire3
1103 491 1211 531 qualis
1234 500 1309 522 esse
1333 489 1478 532 quaestio
1495 489 1529 520 in
1545 488 1694 521 addictis

984 541 1082 574 solet.
1109 541 1230 572 Claver.

883 818 1031 860 XIX.

355 966 434 1015 IN
469 965 906 1015 EUTROPIUM
942 965 1084 1012 LIB.
1123 964 1196 1011 ΙΙ.
1235 963 1553 1012 PRAEFAT.

263 1104 463 1138 PRAEFATm
480 1105 553 1136 haec
570 1105 655 1135 mire
673 1105 810 1144 elegans
826 1107 876 1135 est
889 1112 928 1134 ac

220 1156 297 1187 lene
313 1155 399 1192 fluit,
416 1160 454 1186 ut
477 1155 580 1186 facile
603 1159 781 1195 appareat,
798 1154 877 1194 quid
894 1153 927 1183 in

219 1206 336 1247 Elegis
363 1206 417 1236 liic
444 1205 548 1245 poeta
575 1204 744 1234 valuerit:
770 1203 825 1233 hic
846 1213 928 1233 vcro

220 1256 347 1286 acriter
373 1255 492 1292 instat,
524 1258 562 1284 ut
590 1254 714 1294 capitis
747 1253 928 1284 damnetur

219 1305 418 1345 Eutropius,
437 1304 510 1345 jam
535 1304 650 1344 capite
677 1304 849 1335 minutus:
873 1313 929 1334 ne-

221 1366 285 1398 que
300 1356 429 1397 Cyprio
446 1355 549 1386 exilio
567 1359 618 1386 tot
634 1355 779 1385 crimina
796 1354 928 1395 expiari

219 1416 320 1448 posse
332 1405 526 1437 contendit.
558 1406 636 1438 Qua
652 1405 686 1435 in
702 1413 737 1435 re
752 1404 845 1436 dicas
861 1402 940 1435 for-'

220 1457 321 1496 sitan,
352 1460 455 1487 cantu
486 1455 590 1495 ipsius
624 1455 807 1496 eloquente
837 1454 928 1485 idem

220 1517 309 1549 pene
336 1506 500 1538 effectum
528 1506 618 1547 quod
640 1506 815 1537 invectiva
831 1506 928 1537 Cice-

219 1558 311 1590 ronis
335 1559 369 1589 in
395 1558 601 1591 Catilinam:
636 1568 713 1588 nam
742 1558 928 1589 Eunuchus

219 1609 354 1640 tandem
374 1609 488 1649 periit.
514 1609 636 1639 (Ἴσι-ρι’.

263 1662 280 1690 1
307 1659 470 1700 Habcnas]
496 1659 695 1700 Imperium,
727 1659 788 1690 sub
815 1659 928 1699 Impe-

219 1714 343 1740 ratore.
387 1709 552 1739 Socordia
566 1709 766 1749 Principum
785 1709 927 1739 Univer-

219 1770 291 1792 sum
309 1764 380 1791 tum
396 1760 548 1789 Ducibus
559 1764 594 1790 et
609 1760 815 1790 Procerlbus
832 1769 928 1798 rege-

217 1811 332 1850 batur,
356 1810 481 1840 mutuis
508 1819 582 1839 sese
608 1810 740 1839 insidiis
769 1815 926 1840 everten-

217 1862 314 1900 tium,
327 1865 366 1892 ut
378 1860 481 1891 docet
493 1859 576 1890 fides
589 1859 835 1890 Historiarum.
860 1859 925 1889 His

217 1911 361 1943 inseruit
386 1920 421 1941 se
445 1910 533 1941 male
555 1909 723 1940 ominatus
740 1909 841 1939 etiam
860 1909 925 1939 iste

218 1961 403 2001 Eutropius
431 1961 627 2001 Eunuchus,
653 1970 714 2000 per
742 1959 885 1990 Gaincin
908 1969 927 1990 a

217 2013 405 2043 Stilichone
424 2012 608 2043 submotus.
655 2011 927 2042 Habenaenotant

214 2063 270 2104 jus
286 2063 500 2095 moderandi.
522 2063 638 2094 Barth.

264 2116 283 2144 2
311 2113 485 2153 Patricius]
521 2114 597 2144 Hoc
625 2114 727 2144 etiam
749 2113 926 2153 diguitatis

219 2163 283 2195 sibi
314 2165 498 2204 Eutropius
537 2164 740 2203 adsciverat,
775 2164 927 2195 Zosimus

219 2214 240 2245 l.
260 2222 294 2244 v.
312 2214 370 2244 ubi
386 2213 480 2244 finito
498 2213 699 2251 Consulatu,
722 2214 926 2254 dignitatem

221 2267 334 2296 tamen
357 2263 432 2302 ejus
455 2264 761 2295 ambitiosissimum
790 2263 926 2295 nebulo-

219 2323 297 2345 nem
315 2313 495 2344 retinuisse
514 2314 660 2345 scribit:
686 2317 695 2332 ‘
714 2315 926 2345 Patriciatus

218 2363 391 2405 dignitas‚’
420 2364 600 2403 primarius
635 2365 784 2395 Honoris
822 2365 928 2404 locus,

221 2415 264 2448 ad
282 2425 380 2456 quem
404 2424 466 2454 per
489 2414 707 2446 Consulatum
731 2416 926 2447 adscensus.

221 2465 452 2503 Cassiodorus,
467 2463 527 2495 lib.
540 2472 591 2494 xl.
607 2465 719 2504 Epist.
737 2468 768 2495 2.
793 2465 925 2495 Consti-

221 2520 298 2548 tuta
321 2515 469 2555 dignitas
495 2525 514 2545 a
538 2515 762 2545 Constantino
784 2515 925 2554 Magno,

221 2571 361 2598 auctore
390 2565 536 2596 Zosimo.
586 2566 671 2596 Erat
702 2565 804 2604 igitur
836 2575 924 2595 sum-

220 2626 311 2647 mum
342 2615 407 2646 hoc
439 2615 572 2645 culmen
604 2614 740 2654 privato
768 2624 834 2655 quo
864 2624 925 2654 per

221 2667 346 2698 merita
371 2666 537 2697 virtutum
567 2670 680 2706 posset
707 2665 925 2703 adscendere,

223 2718 265 2749 ob
280 2717 314 2748 id
329 2717 432 2748 etiam
448 2716 594 2747 maxime
617 2715 820 2756 expetitum,
835 2715 926 2756 quod

221 2777 289 2799 non
310 2766 375 2798 nisi
399 2776 475 2798 cum
496 2766 569 2798 vita
592 2766 737 2796 hominis
760 2765 928 2807 finiretur,

223 2822 261 2850 ut
277 2822 442 2850 memorat
457 2817 691 2850 Cassiodorus,
715 2816 815 2848 Idem.

1027 1106 1044 1133 3
1071 1103 1224 1134 Passurus
1233 1102 1385 1142 compedis
1398 1100 1501 1140 orbes]
1525 1099 1692 1131 Vinctum

984 1153 1072 1182 enim
1090 1162 1174 1192 opus
1191 1153 1314 1183 servile
1337 1151 1460 1182 fecisse
1486 1149 1692 1191 Eutropium

983 1211 1097 1232 rumor
1114 1206 1199 1231 erat.
1225 1202 1322 1231 Idem.

1026 1255 1046 1283 4
1068 1252 1108 1282 In
1121 1251 1274 1290 dominos]
1309 1249 1440 1283 Quibus
1454 1259 1531 1280 eum
1549 1248 1692 1280 infinitis

983 1303 1156 1339 serviisse,
1167 1302 1247 1333 etin
1260 1311 1317 1333 eos
1331 1301 1457 1341 primos
1471 1300 1600 1331 rabiem
1613 1309 1691 1331 evo-

983 1354 1122 1393 muisse,
1149 1363 1226 1384 cum
1254 1353 1296 1383 ad
1326 1352 1514 1392 potentiam
1540 1350 1694 1392 devenit,

984 1415 1087 1446 supra
1104 1404 1217 1435 inultis
1234 1402 1415 1434 dececinit.
1440 1402 1539 1433 Idem.

1026 1456 1065 1486 Ιη
1080 1455 1232 1494 dominos]
1254 1455 1357 1485 Tales
1386 1453 1540 1484 dominos
1566 1452 1692 1484 intelli-

983 1506 1044 1546 git,
1058 1506 1115 1547 qui
1132 1506 1210 1536 olim
1228 1505 1343 1536 servili
1359 1508 1510 1535 monstro
1528 1508 1692 1545 tanquam

983 1557 1152 1597 mancipio
1171 1557 1241 1595 usi;
1266 1566 1348 1597 quos
1374 1565 1489 1586 omnes
1515 1559 1552 1586 ut
1577 1553 1692 1585 condi-

985 1608 1086 1638 tionis
1104 1618 1172 1638 suae
1190 1608 1322 1638 deleret
1344 1607 1553 1645 memoriam,
1569 1604 1692 1636 crude-

983 1658 1072 1689 libus
1105 1659 1189 1689 dolis
1214 1657 1457 1689 insectabatur.
1483 1660 1541 1687 aut
1569 1656 1595 1686 si
1622 1665 1691 1686 ma-

984 1710 1031 1739 vis
1047 1709 1267 1750 interpretari
1285 1709 1448 1746 Dominos,
1467 1698 1691 1738 Stilichonem

983 1765 1018 1790 ct
1031 1761 1114 1790 alios
1132 1761 1227 1789 istius
1243 1759 1384 1797 ordinis,
1399 1768 1475 1788 cum
1491 1756 1612 1798 quibus
1629 1755 1692 1787 ini-

982 1810 1127 1840 micitias
1142 1809 1320 1845 exercuit3
1345 1809 1434 1838 viros
1457 1817 1536 1847 non,
1553 1811 1591 1838 ut
1613 1807 1691 1847 iste,

982 1860 1025 1890 ad
1048 1860 1263 1899 servitutem,
1278 1858 1337 1890 sed
1354 1859 1397 1889 ad
1412 1858 1691 1898 dominationem,

981 1916 1090 1942 natos.
1117 1911 1242 1942 Clurer.

1025 1965 1043 1992 5
1072 1960 1228 2001 Calmine]
1252 1961 1416 1991 Votorum
1439 1969 1575 1990 suorum
1601 1968 1690 1990 sum-

982 2021 1048 2050 ma,
1064 2022 1141 2052 quae
1167 2015 1242 2042 erat
1264 2011 1305 2041 ad
1333 2020 1496 2041 summum
1515 2010 1692 2050 magistra·

983 2066 1052 2092 tuin
1086 2062 1230 2093 evectio.
1292 2062 1422 2092 Culmen
1453 2070 1514 2101 pro
1546 2060 1686 2100 honore,

982 2112 1200 2143 notissimum.
1227 2112 1344 2143 Barth.

1025 2165 1045 2193 6
1067 2163 1141 2193 Jam
1157 2162 1274 2193 satiata
1293 2161 1381 2202 joco]
1411 2161 1500 2192 Vide
1527 2171 1630 2202 supra
1645 2161 1689 2193 ad

982 2212 1041 2243 lib.
1060 2221 1083 2244 1.
1101 2222 1151 2243 vs.
1169 2214 1221 2243 24.
1247 2212 1344 2243 Idem.

1025 2265 1044 2293 7
1074 2262 1252 2293 Meclitatur
1266 2262 1353 2300 ligna
1365 2261 1478 2301 securi]
1501 2261 1612 2302 Supra
1628 2261 1649 2292 l.
1662 2269 1689 2291 1.

982 2315 1054 2344 227.
1078 2313 1141 2343 hoe
1157 2318 1270 2343 autem
1288 2313 1525 2343 vilissimorum
1539 2311 1688 2348 servulo-

982 2372 1054 2393 rum
1071 2361 1230 2394 officium.
1255 2363 1354 2393 Idem.

1024 2417 1044 2444 9
1061 2415 1172 2444 luntas
1187 2415 1292 2444 consul
1301 2414 1419 2454 poenas]
1434 2413 1490 2443 Sic
1502 2411 1690 2452 Claverius‚

980 2468 1015 2495 et
1031 2465 1178 2505 quinque
1194 2474 1236 2494 ex
1249 2464 1372 2494 nostris
1388 2475 1395 2493 :
1421 2463 1522 2501 vulgo
1539 2462 1688 2493 Illicitas.

980 2514 1141 2544 Barthius
1165 2514 1318 2544 Illicitus:
1343 2513 1441 2552 paulo
1468 2516 1548 2542 aute
1562 2513 1687 2552 vapulat

979 2564 1045 2603 ipse
1060 2563 1195 2602 scripti.
1234 2563 1278 2593 D.
1301 2563 1411 2593 Heius.

1023 2613 1156 2644 Illicilas
1187 2612 1316 2651 Consul]
1353 2613 1478 2642 Consul
1512 2612 1600 2642 enim
1626 2612 1686 2644 ubi

981 2668 1229 2701 sacrosanctus,
1246 2663 1308 2692 nisi
1326 2662 1423 2694 finito
1440 2667 1499 2693 aut
1516 2663 1686 2703 abdicato,

980 2715 1201 2754 abrogatove,
1218 2714 1435 2754 magistratu,
1454 2724 1519 2745 non
1548 2714 1686 2745 suberat

981 2765 1162 2806 supplicio.
1208 2765 1311 2796 Hunc
1332 2769 1444 2795 autem
1461 2773 1589 2794 summa
1601 2764 1684 2795 acri-

981 2816 1096 2849 monia
1119 2820 1155 2848 et
1170 2814 1425 2856 ingeniositate,
1452 2814 1631 2846 Consulem
1644 2823 1684 2845 se
