<?xml version="1.0" encoding="UTF-8"?>
<!DOCTYPE html PUBLIC "-//W3C//DTD XHTML 1.0 Transitional//EN"
    "http://www.w3.org/TR/xhtml1/DTD/xhtml1-transitional.dtd">
<html xmlns="http://www.w3.org/1999/xhtml" xml:lang="en" lang="en">
 <head>
  <title>
</title>
<meta http-equiv="Content-Type" content="text/html;charset=utf-8" />
  <meta name='ocr-system' content='tesseract 3.04.00' />
  <meta name='ocr-capabilities' content='ocr_page ocr_carea ocr_par ocr_line ocrx_word'/>
</head>
<body>
  <div class='ocr_page' id='page_1' title='image "./operaomniaexedit03clauuoft_0481.png"; bbox 0 0 1852 3182; ppageno 0'>
   <div class='ocr_carea' id='block_1_1' title="bbox 520 236 1094 272">
    <p class='ocr_par' dir='ltr' id='par_1_1' title="bbox 520 236 1094 272">
     <span class='ocr_line' id='line_1_1' title="bbox 520 236 1094 272; baseline 0.009 -6"><span class='ocrx_word' id='word_1_1' title='bbox 520 236 573 267; x_wconf 84' lang='lat' dir='ltr'>IN</span> <span class='ocrx_word' id='word_1_2' title='bbox 608 236 900 269; x_wconf 78' lang='lat' dir='ltr'><strong>EU&#39;I&#39;ROPIUM</strong></span> <span class='ocrx_word' id='word_1_3' title='bbox 932 239 1029 270; x_wconf 84' lang='lat' dir='ltr'>LIB.</span> <span class='ocrx_word' id='word_1_4' title='bbox 1062 241 1094 272; x_wconf 88' lang='lat'>1.</span> 
     </span>
    </p>
   </div>
   <div class='ocr_carea' id='block_1_2' title="bbox 25 328 793 2842">
    <p class='ocr_par' dir='ltr' id='par_1_2' title="bbox 81 328 716 373">
     <span class='ocr_line' id='line_1_2' title="bbox 81 328 716 373; baseline 0.002 -11"><span class='ocrx_word' id='word_1_5' title='bbox 81 340 154 362; x_wconf 82' lang='lat' dir='ltr'>esse</span> <span class='ocrx_word' id='word_1_6' title='bbox 173 330 272 363; x_wconf 83' lang='lat' dir='ltr'>talem</span> <span class='ocrx_word' id='word_1_7' title='bbox 283 331 392 373; x_wconf 82' lang='lat' dir='ltr'>qualis</span> <span class='ocrx_word' id='word_1_8' title='bbox 405 331 483 363; x_wconf 86' lang='lat' dir='ltr'>olim</span> <span class='ocrx_word' id='word_1_9' title='bbox 499 328 575 361; x_wconf 86' lang='lat' dir='ltr'>fuit.</span> <span class='ocrx_word' id='word_1_10' title='bbox 603 331 716 363; x_wconf 75' lang='lat' dir='ltr'>Barth.</span> 
     </span>
    </p>

    <p class='ocr_par' dir='ltr' id='par_1_3' title="bbox 78 381 784 674">
     <span class='ocr_line' id='line_1_3' title="bbox 123 381 780 422; baseline -0.002 -11"><span class='ocrx_word' id='word_1_11' title='bbox 123 381 302 412; x_wconf 76' lang='lat' dir='ltr'>Damnante</span> <span class='ocrx_word' id='word_1_12' title='bbox 319 381 470 421; x_wconf 77' lang='lat' dir='ltr'>seneclus]</span> <span class='ocrx_word' id='word_1_13' title='bbox 494 382 652 412; x_wconf 75' lang='lat' dir='ltr'>Damnare</span> <span class='ocrx_word' id='word_1_14' title='bbox 665 382 780 422; x_wconf 82' lang='lat' dir='ltr'>scripti</span> 
     </span>
     <span class='ocr_line' id='line_1_4' title="bbox 79 431 784 474; baseline 0.003 -12"><span class='ocrx_word' id='word_1_15' title='bbox 79 431 253 463; x_wconf 84' lang='lat' dir='ltr'>meliores:</span> <span class='ocrx_word' id='word_1_16' title='bbox 283 433 371 474; x_wconf 81' lang='lat' dir='ltr'>quod</span> <span class='ocrx_word' id='word_1_17' title='bbox 402 438 437 464; x_wconf 89' lang='lat' dir='ltr'>et</span> <span class='ocrx_word' id='word_1_18' title='bbox 466 433 625 464; x_wconf 82' lang='lat' dir='ltr'>Barthius</span> <span class='ocrx_word' id='word_1_19' title='bbox 653 434 686 463; x_wconf 90' lang='lat' dir='ltr'>iu</span> <span class='ocrx_word' id='word_1_20' title='bbox 716 434 784 465; x_wconf 80' lang='lat' dir='ltr'>Ad-</span> 
     </span>
     <span class='ocr_line' id='line_1_5' title="bbox 78 483 784 515; baseline 0.004 -3"><span class='ocrx_word' id='word_1_21' title='bbox 78 483 235 514; x_wconf 84' lang='lat' dir='ltr'>versariis</span> <span class='ocrx_word' id='word_1_22' title='bbox 253 483 350 515; x_wconf 86' lang='lat' dir='ltr'>vidit.</span> <span class='ocrx_word' id='word_1_23' title='bbox 398 484 490 515; x_wconf 86' lang='lat' dir='ltr'>Idem</span> <span class='ocrx_word' id='word_1_24' title='bbox 513 488 626 513; x_wconf 74' lang='lat' dir='ltr'>tamen</span> <span class='ocrx_word' id='word_1_25' title='bbox 656 483 784 515; x_wconf 84' lang='lat' dir='ltr'>frustra</span> 
     </span>
     <span class='ocr_line' id='line_1_6' title="bbox 79 535 784 575; baseline 0 -10"><span class='ocrx_word' id='word_1_26' title='bbox 79 538 145 574; x_wconf 82' lang='lat' dir='ltr'>est,</span> <span class='ocrx_word' id='word_1_27' title='bbox 160 544 238 566; x_wconf 91' lang='lat' dir='ltr'>cum</span> <span class='ocrx_word' id='word_1_28' title='bbox 256 535 476 575; x_wconf 77' lang='lat' dir='ltr'>Zingerliugo</span> <span class='ocrx_word' id='word_1_29' title='bbox 489 535 685 565; x_wconf 82' lang='lat' dir='ltr'>obluctatur</span> <span class='ocrx_word' id='word_1_30' title='bbox 702 545 784 575; x_wconf 84' lang='lat' dir='ltr'>pau-</span> 
     </span>
     <span class='ocr_line' id='line_1_7' title="bbox 80 584 783 624; baseline -0.001 -9"><span class='ocrx_word' id='word_1_31' title='bbox 80 584 114 615; x_wconf 94' lang='lat' dir='ltr'>lo</span> <span class='ocrx_word' id='word_1_32' title='bbox 132 588 208 624; x_wconf 84' lang='lat' dir='ltr'>post</span> <span class='ocrx_word' id='word_1_33' title='bbox 226 594 286 624; x_wconf 82' lang='lat' dir='ltr'>pro</span> <span class='ocrx_word' id='word_1_34' title='bbox 302 585 418 615; x_wconf 73' lang='lat' dir='ltr'>retinet</span> <span class='ocrx_word' id='word_1_35' title='bbox 441 593 538 614; x_wconf 74' lang='lat' dir='ltr'>mores</span> <span class='ocrx_word' id='word_1_36' title='bbox 561 594 634 624; x_wconf 75' lang='lat' dir='ltr'>quus</span> <span class='ocrx_word' id='word_1_37' title='bbox 648 585 783 623; x_wconf 73' lang='lat' dir='ltr'>perdidit</span> 
     </span>
     <span class='ocr_line' id='line_1_8' title="bbox 79 635 784 674; baseline 0 -9"><span class='ocrx_word' id='word_1_38' title='bbox 79 637 169 674; x_wconf 74' lang='lat' dir='ltr'>aetas,</span> <span class='ocrx_word' id='word_1_39' title='bbox 183 635 318 665; x_wconf 78' lang='lat' dir='ltr'><strong><em>retinent</em></strong></span> <span class='ocrx_word' id='word_1_40' title='bbox 334 639 368 665; x_wconf 84' lang='lat' dir='ltr'>et</span> <span class='ocrx_word' id='word_1_41' title='bbox 395 636 474 674; x_wconf 80' lang='lat' dir='ltr'>qnod</span> <span class='ocrx_word' id='word_1_42' title='bbox 501 635 688 665; x_wconf 75' lang='lat' dir='ltr'><strong>scribenti:</strong></span> <span class='ocrx_word' id='word_1_43' title='bbox 708 636 784 666; x_wconf 87' lang='lat' dir='ltr'>uiti-</span> 
     </span>
    </p>

    <p class='ocr_par' dir='ltr' id='par_1_4' title="bbox 25 685 784 1020">
     <span class='ocr_line' id='line_1_9' title="bbox 79 685 784 727; baseline 0 -11"><span class='ocrx_word' id='word_1_44' title='bbox 79 690 135 716; x_wconf 86' lang='lat' dir='ltr'>tur</span> <span class='ocrx_word' id='word_1_45' title='bbox 157 685 246 715; x_wconf 90' lang='lat' dir='ltr'>euim</span> <span class='ocrx_word' id='word_1_46' title='bbox 276 685 340 716; x_wconf 78' lang='lat' dir='ltr'>ista</span> <span class='ocrx_word' id='word_1_47' title='bbox 364 685 560 716; x_wconf 70' lang='lat' dir='ltr'>emendatio</span> <span class='ocrx_word' id='word_1_48' title='bbox 580 687 784 727; x_wconf 85' lang='lat' dir='ltr'>optimorum</span> 
     </span>
     <span class='ocr_line' id='line_1_10' title="bbox 25 724 783 776; baseline 0 -10"><span class='ocrx_word' id='word_1_49' title='bbox 25 724 33 734; x_wconf 66' lang='lat'><em>⁰</em></span> <span class='ocrx_word' id='word_1_50' title='bbox 78 734 236 766; x_wconf 88' lang='lat' dir='ltr'>codicum</span> <span class='ocrx_word' id='word_1_51' title='bbox 254 735 458 766; x_wconf 82' lang='lat' dir='ltr'>auctoritate</span> <span class='ocrx_word' id='word_1_52' title='bbox 474 746 482 774; x_wconf 88' lang='grc'><strong>;</strong></span> <span class='ocrx_word' id='word_1_53' title='bbox 497 746 595 776; x_wconf 85' lang='lat' dir='ltr'>quam</span> <span class='ocrx_word' id='word_1_54' title='bbox 613 741 647 766; x_wconf 73' lang='lat' dir='ltr'>vt</span> <span class='ocrx_word' id='word_1_55' title='bbox 664 737 783 766; x_wconf 87' lang='lat' dir='ltr'>admit-</span> 
     </span>
     <span class='ocr_line' id='line_1_11' title="bbox 78 784 783 827; baseline 0.003 -12"><span class='ocrx_word' id='word_1_56' title='bbox 78 784 218 816; x_wconf 86' lang='lat' dir='ltr'><strong>tendam</strong></span> <span class='ocrx_word' id='word_1_57' title='bbox 243 795 360 816; x_wconf 81' lang='lat' dir='ltr'>sensus</span> <span class='ocrx_word' id='word_1_58' title='bbox 388 787 550 826; x_wconf 87' lang='lat' dir='ltr'>postulat.</span> <span class='ocrx_word' id='word_1_59' title='bbox 596 787 705 827; x_wconf 80' lang='lat' dir='ltr'>quue</span> <span class='ocrx_word' id='word_1_60' title='bbox 725 797 783 817; x_wconf 89' lang='lat' dir='ltr'>cu-</span> 
     </span>
     <span class='ocr_line' id='line_1_12' title="bbox 77 834 782 877; baseline 0.004 -13"><span class='ocrx_word' id='word_1_61' title='bbox 77 834 123 865; x_wconf 86' lang='lat' dir='ltr'>ris</span> <span class='ocrx_word' id='word_1_62' title='bbox 154 835 400 875; x_wconf 68' lang='lat' dir='ltr'><strong>posterioribus</strong></span> <span class='ocrx_word' id='word_1_63' title='bbox 430 836 515 866; x_wconf 88' lang='lat' dir='ltr'>vidit</span> <span class='ocrx_word' id='word_1_64' title='bbox 545 837 618 876; x_wconf 72' lang='lat' dir='ltr'>ip&lt;e</span> <span class='ocrx_word' id='word_1_65' title='bbox 650 846 782 877; x_wconf 84' lang='lat' dir='ltr'>quoque</span> 
     </span>
     <span class='ocr_line' id='line_1_13' title="bbox 77 885 782 927; baseline 0.004 -12"><span class='ocrx_word' id='word_1_66' title='bbox 77 885 252 917; x_wconf 80' lang='lat' dir='ltr'>Bartliius.</span> <span class='ocrx_word' id='word_1_67' title='bbox 271 886 339 916; x_wconf 85' lang='lat' dir='ltr'>Pro</span> <span class='ocrx_word' id='word_1_68' title='bbox 353 887 570 927; x_wconf 74' lang='lat' dir='ltr'>Dilectumqne</span> <span class='ocrx_word' id='word_1_69' title='bbox 582 888 649 925; x_wconf 73' lang='lat' dir='ltr'>diu,</span> <span class='ocrx_word' id='word_1_70' title='bbox 664 888 782 927; x_wconf 73' lang='lat' dir='ltr'>isingr.</span> 
     </span>
     <span class='ocr_line' id='line_1_14' title="bbox 78 935 781 975; baseline 0.004 -10"><span class='ocrx_word' id='word_1_71' title='bbox 78 935 178 975; x_wconf 83' lang='lat' dir='ltr'><strong>prim.</strong></span> <span class='ocrx_word' id='word_1_72' title='bbox 195 940 230 966; x_wconf 91' lang='lat' dir='ltr'>et</span> <span class='ocrx_word' id='word_1_73' title='bbox 244 940 320 967; x_wconf 74' lang='lat' dir='ltr'>tert.</span> <span class='ocrx_word' id='word_1_74' title='bbox 337 937 497 967; x_wconf 80' lang='lat' dir='ltr'>Vaticnn.</span> <span class='ocrx_word' id='word_1_75' title='bbox 512 937 618 968; x_wconf 71' lang='lat' dir='ltr'>Oisel.</span> <span class='ocrx_word' id='word_1_76' title='bbox 636 938 781 968; x_wconf 65' lang='lat' dir='ltr'>Florent.</span> 
     </span>
     <span class='ocr_line' id='line_1_15' title="bbox 77 986 783 1020; baseline 0.006 -4"><span class='ocrx_word' id='word_1_77' title='bbox 77 986 112 1017; x_wconf 87' lang='lat' dir='ltr'>S.</span> <span class='ocrx_word' id='word_1_78' title='bbox 131 986 241 1017; x_wconf 80' lang='lat' dir='ltr'>Marci</span> <span class='ocrx_word' id='word_1_79' title='bbox 257 988 464 1019; x_wconf 83' lang='lat' dir='ltr'>etMazarin.</span> <span class='ocrx_word' id='word_1_80' title='bbox 479 990 578 1019; x_wconf 78' lang='lat' dir='ltr'>semel.</span> <span class='ocrx_word' id='word_1_81' title='bbox 607 989 648 1020; x_wconf 91' lang='lat' dir='ltr'>D.</span> <span class='ocrx_word' id='word_1_82' title='bbox 664 989 783 1020; x_wconf 65' lang='lat' dir='ltr'>Heim.</span> 
     </span>
    </p>

    <p class='ocr_par' dir='ltr' id='par_1_5' title="bbox 71 1036 784 1329">
     <span class='ocr_line' id='line_1_16' title="bbox 120 1036 783 1078; baseline 0.003 -11"><span class='ocrx_word' id='word_1_83' title='bbox 120 1039 161 1068; x_wconf 81' lang='lat'>95</span> <span class='ocrx_word' id='word_1_84' title='bbox 187 1036 260 1068; x_wconf 70' lang='lat' dir='ltr'>Stat</span> <span class='ocrx_word' id='word_1_85' title='bbox 276 1039 392 1078; x_wconf 74' lang='lat' dir='ltr'>tumen]</span> <span class='ocrx_word' id='word_1_86' title='bbox 418 1039 476 1069; x_wconf 76' lang='lat' dir='ltr'>Ait</span> <span class='ocrx_word' id='word_1_87' title='bbox 490 1039 693 1071; x_wconf 76' lang='lat' dir='ltr'>Claudianus</span> <span class='ocrx_word' id='word_1_88' title='bbox 711 1039 783 1069; x_wconf 81' lang='lat' dir='ltr'>Lai-</span> 
     </span>
     <span class='ocr_line' id='line_1_17' title="bbox 78 1086 783 1129; baseline 0.001 -12"><span class='ocrx_word' id='word_1_89' title='bbox 78 1086 156 1118; x_wconf 85' lang='lat' dir='ltr'>dem</span> <span class='ocrx_word' id='word_1_90' title='bbox 168 1087 241 1127; x_wconf 89' lang='lat' dir='ltr'>jam</span> <span class='ocrx_word' id='word_1_91' title='bbox 259 1089 351 1119; x_wconf 84' lang='lat' dir='ltr'>senio</span> <span class='ocrx_word' id='word_1_92' title='bbox 364 1090 549 1129; x_wconf 81' lang='lat' dir='ltr'>voluptatis</span> <span class='ocrx_word' id='word_1_93' title='bbox 563 1100 622 1119; x_wconf 85' lang='lat' dir='ltr'>usu</span> <span class='ocrx_word' id='word_1_94' title='bbox 635 1089 783 1129; x_wconf 83' lang='lat' dir='ltr'>perdito,</span> 
     </span>
     <span class='ocr_line' id='line_1_18' title="bbox 71 1137 784 1177; baseline 0.003 -10"><span class='ocrx_word' id='word_1_95' title='bbox 71 1137 227 1177; x_wconf 83' lang='lat' dir='ltr'>juniores</span> <span class='ocrx_word' id='word_1_96' title='bbox 245 1142 358 1169; x_wconf 85' lang='lat' dir='ltr'>tamen</span> <span class='ocrx_word' id='word_1_97' title='bbox 384 1140 620 1169; x_wconf 76' lang='lat' dir='ltr'>meretriculas</span> <span class='ocrx_word' id='word_1_98' title='bbox 639 1140 784 1169; x_wconf 84' lang='lat' dir='ltr'>instrux-</span> 
     </span>
     <span class='ocr_line' id='line_1_19' title="bbox 76 1187 782 1226; baseline 0.001 -9"><span class='ocrx_word' id='word_1_99' title='bbox 76 1187 144 1218; x_wconf 82' lang='lat' dir='ltr'>isse</span> <span class='ocrx_word' id='word_1_100' title='bbox 159 1187 286 1218; x_wconf 88' lang='lat' dir='ltr'>technis</span> <span class='ocrx_word' id='word_1_101' title='bbox 299 1188 504 1218; x_wconf 79' lang='lat' dir='ltr'>meretriciis</span> <span class='ocrx_word' id='word_1_102' title='bbox 520 1193 555 1220; x_wconf 83' lang='lat' dir='ltr'>et</span> <span class='ocrx_word' id='word_1_103' title='bbox 570 1188 699 1219; x_wconf 86' lang='lat' dir='ltr'>artibus</span> <span class='ocrx_word' id='word_1_104' title='bbox 715 1198 723 1226; x_wconf 85' lang='lat'><em>3</em></span> <span class='ocrx_word' id='word_1_105' title='bbox 741 1197 782 1218; x_wconf 85' lang='lat' dir='ltr'>ne</span> 
     </span>
     <span class='ocr_line' id='line_1_20' title="bbox 78 1237 781 1278; baseline 0 -10"><span class='ocrx_word' id='word_1_106' title='bbox 78 1237 181 1278; x_wconf 84' lang='lat' dir='ltr'>plane</span> <span class='ocrx_word' id='word_1_107' title='bbox 197 1238 280 1269; x_wconf 89' lang='lat' dir='ltr'>nihil</span> <span class='ocrx_word' id='word_1_108' title='bbox 297 1243 415 1278; x_wconf 71' lang='lat' dir='ltr'>agei-ct</span> <span class='ocrx_word' id='word_1_109' title='bbox 437 1239 477 1268; x_wconf 86' lang='lat' dir='ltr'>ad</span> <span class='ocrx_word' id='word_1_110' title='bbox 503 1243 669 1278; x_wconf 76' lang='lat' dir='ltr'>qnaestum</span> <span class='ocrx_word' id='word_1_111' title='bbox 686 1248 781 1269; x_wconf 86' lang='lat' dir='ltr'>suum</span> 
     </span>
     <span class='ocr_line' id='line_1_21' title="bbox 79 1289 609 1329; baseline 0 -10"><span class='ocrx_word' id='word_1_112' title='bbox 79 1289 283 1329; x_wconf 75' lang='lat' dir='ltr'>augendum.</span> <span class='ocrx_word' id='word_1_113' title='bbox 306 1289 372 1319; x_wconf 75' lang='lat' dir='ltr'>Vel</span> <span class='ocrx_word' id='word_1_114' title='bbox 387 1291 462 1327; x_wconf 75' lang='lat' dir='ltr'>stat,</span> <span class='ocrx_word' id='word_1_115' title='bbox 479 1292 609 1328; x_wconf 78' lang='lat' dir='ltr'>perstat.</span> 
     </span>
    </p>

    <p class='ocr_par' dir='ltr' id='par_1_6' title="bbox 81 1338 783 1420">
     <span class='ocr_line' id='line_1_22' title="bbox 123 1338 783 1379; baseline 0.002 -10"><span class='ocrx_word' id='word_1_116' title='bbox 123 1338 302 1378; x_wconf 80' lang='lat' dir='ltr'>Succingit]</span> <span class='ocrx_word' id='word_1_117' title='bbox 327 1338 436 1379; x_wconf 69' lang='lat' dir='ltr'>Apias</span> <span class='ocrx_word' id='word_1_118' title='bbox 453 1338 538 1370; x_wconf 85' lang='lat' dir='ltr'>facit</span> <span class='ocrx_word' id='word_1_119' title='bbox 552 1338 674 1379; x_wconf 82' lang='lat' dir='ltr'>officio,</span> <span class='ocrx_word' id='word_1_120' title='bbox 689 1339 783 1370; x_wconf 88' lang='lat' dir='ltr'>insti-</span> 
     </span>
     <span class='ocr_line' id='line_1_23' title="bbox 81 1389 297 1420; baseline 0 0"><span class='ocrx_word' id='word_1_121' title='bbox 81 1389 156 1420; x_wconf 85' lang='lat' dir='ltr'>tuit.</span> <span class='ocrx_word' id='word_1_122' title='bbox 180 1389 297 1420; x_wconf 70' lang='lat' dir='ltr'>Barth.</span> 
     </span>
    </p>

    <p class='ocr_par' dir='ltr' id='par_1_7' title="bbox 79 1438 783 1572">
     <span class='ocr_line' id='line_1_24' title="bbox 122 1438 783 1479; baseline 0 -9"><span class='ocrx_word' id='word_1_123' title='bbox 122 1441 164 1470; x_wconf 86' lang='grc'>98</span> <span class='ocrx_word' id='word_1_124' title='bbox 190 1440 324 1479; x_wconf 79' lang='lat' dir='ltr'><strong><em>Cumque</em></strong></span> <span class='ocrx_word' id='word_1_125' title='bbox 339 1438 476 1469; x_wconf 80' lang='lat' dir='ltr'>omnibus</span> <span class='ocrx_word' id='word_1_126' title='bbox 497 1439 589 1469; x_wconf 80' lang='lat' dir='ltr'>unica</span> <span class='ocrx_word' id='word_1_127' title='bbox 605 1439 705 1470; x_wconf 80' lang='lat' dir='ltr'>virtus</span> <span class='ocrx_word' id='word_1_128' title='bbox 727 1440 783 1470; x_wconf 79' lang='lat' dir='ltr'>Es-</span> 
     </span>
     <span class='ocr_line' id='line_1_25' title="bbox 79 1489 783 1529; baseline 0 -9"><span class='ocrx_word' id='word_1_129' title='bbox 79 1492 125 1520; x_wconf 76' lang='lat' dir='ltr'>set</span> <span class='ocrx_word' id='word_1_130' title='bbox 151 1489 186 1520; x_wconf 83' lang='lat' dir='ltr'>in</span> <span class='ocrx_word' id='word_1_131' title='bbox 216 1489 377 1529; x_wconf 71' lang='lat' dir='ltr'>eunuchis]</span> <span class='ocrx_word' id='word_1_132' title='bbox 423 1490 514 1520; x_wconf 92' lang='lat' dir='ltr'>Puto</span> <span class='ocrx_word' id='word_1_133' title='bbox 542 1489 623 1520; x_wconf 81' lang='lat' dir='ltr'>Hoec</span> <span class='ocrx_word' id='word_1_134' title='bbox 652 1490 705 1520; x_wconf 72' lang='lat' dir='ltr'>sit.</span> <span class='ocrx_word' id='word_1_135' title='bbox 740 1490 783 1520; x_wconf 92' lang='lat' dir='ltr'>D.</span> 
     </span>
     <span class='ocr_line' id='line_1_26' title="bbox 82 1539 204 1572; baseline 0.016 -2"><span class='ocrx_word' id='word_1_136' title='bbox 82 1539 204 1572; x_wconf 82' lang='lat' dir='ltr'>Heins.</span> 
     </span>
    </p>

    <p class='ocr_par' dir='ltr' id='par_1_8' title="bbox 79 1590 790 2032">
     <span class='ocr_line' id='line_1_27' title="bbox 128 1590 786 1629; baseline -0.002 -8"><span class='ocrx_word' id='word_1_137' title='bbox 128 1590 228 1622; x_wconf 79' lang='lat' dir='ltr'>Unica</span> <span class='ocrx_word' id='word_1_138' title='bbox 241 1591 342 1622; x_wconf 71' lang='lat' dir='ltr'>virtus</span> <span class='ocrx_word' id='word_1_139' title='bbox 358 1591 449 1621; x_wconf 82' lang='lat' dir='ltr'><strong><em>Esset</em></strong></span> <span class='ocrx_word' id='word_1_140' title='bbox 465 1591 498 1621; x_wconf 83' lang='lat' dir='ltr'>in</span> <span class='ocrx_word' id='word_1_141' title='bbox 514 1590 670 1629; x_wconf 82' lang='lat' dir='ltr'>eunuchis,</span> <span class='ocrx_word' id='word_1_142' title='bbox 687 1590 786 1620; x_wconf 76' lang='lat' dir='ltr'>thala-</span> 
     </span>
     <span class='ocr_line' id='line_1_28' title="bbox 79 1640 786 1681; baseline 0 -10"><span class='ocrx_word' id='word_1_143' title='bbox 79 1649 145 1671; x_wconf 85' lang='lat' dir='ltr'>mos</span> <span class='ocrx_word' id='word_1_144' title='bbox 159 1640 296 1681; x_wconf 73' lang='lat' dir='ltr'>servare]</span> <span class='ocrx_word' id='word_1_145' title='bbox 319 1641 419 1672; x_wconf 84' lang='lat' dir='ltr'><strong>Unde</strong></span> <span class='ocrx_word' id='word_1_146' title='bbox 432 1651 552 1672; x_wconf 91' lang='lat' dir='ltr'>nomen</span> <span class='ocrx_word' id='word_1_147' title='bbox 565 1646 786 1681; x_wconf 87' lang='lat' dir='ltr'>acceperunt,</span> 
     </span>
     <span class='ocr_line' id='line_1_29' title="bbox 80 1691 786 1731; baseline 0.001 -10"><span class='ocrx_word' id='word_1_148' title='bbox 80 1696 117 1721; x_wconf 89' lang='lat' dir='ltr'>et</span> <span class='ocrx_word' id='word_1_149' title='bbox 139 1692 194 1722; x_wconf 90' lang='lat' dir='ltr'>cui</span> <span class='ocrx_word' id='word_1_150' title='bbox 219 1691 281 1721; x_wconf 87' lang='lat' dir='ltr'>soli</span> <span class='ocrx_word' id='word_1_151' title='bbox 308 1691 453 1731; x_wconf 88' lang='lat' dir='ltr'>primum</span> <span class='ocrx_word' id='word_1_152' title='bbox 481 1691 593 1722; x_wconf 88' lang='lat' dir='ltr'>officio</span> <span class='ocrx_word' id='word_1_153' title='bbox 624 1691 786 1722; x_wconf 83' lang='lat' dir='ltr'>destinati</span> 
     </span>
     <span class='ocr_line' id='line_1_30' title="bbox 82 1740 786 1780; baseline 0 -9"><span class='ocrx_word' id='word_1_154' title='bbox 82 1744 173 1780; x_wconf 86' lang='lat' dir='ltr'>sunt,</span> <span class='ocrx_word' id='word_1_155' title='bbox 189 1744 228 1771; x_wconf 88' lang='lat' dir='ltr'>ut</span> <span class='ocrx_word' id='word_1_156' title='bbox 243 1740 401 1772; x_wconf 90' lang='lat' dir='ltr'>nimirum</span> <span class='ocrx_word' id='word_1_157' title='bbox 418 1742 556 1772; x_wconf 79' lang='lat' dir='ltr'><strong>Venere</strong></span> <span class='ocrx_word' id='word_1_158' title='bbox 576 1741 786 1772; x_wconf 85' lang='lat' dir='ltr'>dominarum</span> 
     </span>
     <span class='ocr_line' id='line_1_31' title="bbox 81 1789 789 1832; baseline 0 -10"><span class='ocrx_word' id='word_1_159' title='bbox 81 1789 148 1822; x_wconf 88' lang='lat' dir='ltr'>frui</span> <span class='ocrx_word' id='word_1_160' title='bbox 179 1791 244 1832; x_wconf 85' lang='lat' dir='ltr'>ipsi</span> <span class='ocrx_word' id='word_1_161' title='bbox 271 1801 340 1822; x_wconf 90' lang='lat' dir='ltr'>non</span> <span class='ocrx_word' id='word_1_162' title='bbox 368 1795 542 1831; x_wconf 82' lang='lat' dir='ltr'>potentes,</span> <span class='ocrx_word' id='word_1_163' title='bbox 576 1792 789 1822; x_wconf 78' lang='lat' dir='ltr'><strong>custodirent</strong></span> 
     </span>
     <span class='ocr_line' id='line_1_32' title="bbox 81 1842 788 1884; baseline 0 -10"><span class='ocrx_word' id='word_1_164' title='bbox 81 1852 156 1874; x_wconf 87' lang='lat' dir='ltr'>eam</span> <span class='ocrx_word' id='word_1_165' title='bbox 180 1843 350 1883; x_wconf 82' lang='lat' dir='ltr'>Dominis,</span> <span class='ocrx_word' id='word_1_166' title='bbox 375 1842 540 1875; x_wconf 83' lang='lat' dir='ltr'>fidelitate</span> <span class='ocrx_word' id='word_1_167' title='bbox 557 1845 629 1874; x_wconf 87' lang='lat' dir='ltr'>sola</span> <span class='ocrx_word' id='word_1_168' title='bbox 645 1844 788 1884; x_wconf 83' lang='lat' dir='ltr'>gratiam</span> 
     </span>
     <span class='ocr_line' id='line_1_33' title="bbox 83 1893 788 1934; baseline -0.001 -10"><span class='ocrx_word' id='word_1_169' title='bbox 83 1902 201 1924; x_wconf 86' lang='lat' dir='ltr'>eorum</span> <span class='ocrx_word' id='word_1_170' title='bbox 246 1893 477 1934; x_wconf 82' lang='lat' dir='ltr'>promerituri.</span> <span class='ocrx_word' id='word_1_171' title='bbox 533 1893 644 1924; x_wconf 85' lang='lat' dir='ltr'>Utiles</span> <span class='ocrx_word' id='word_1_172' title='bbox 682 1893 788 1924; x_wconf 88' lang='lat' dir='ltr'>habiti</span> 
     </span>
     <span class='ocr_line' id='line_1_34' title="bbox 79 1942 790 1982; baseline 0 -8"><span class='ocrx_word' id='word_1_173' title='bbox 79 1942 296 1974; x_wconf 86' lang='lat' dir='ltr'>instituendis</span> <span class='ocrx_word' id='word_1_174' title='bbox 330 1942 465 1982; x_wconf 83' lang='lat' dir='ltr'>puellis,</span> <span class='ocrx_word' id='word_1_175' title='bbox 494 1947 590 1973; x_wconf 87' lang='lat' dir='ltr'>metu</span> <span class='ocrx_word' id='word_1_176' title='bbox 628 1942 790 1974; x_wconf 86' lang='lat' dir='ltr'>videlicet</span> 
     </span>
     <span class='ocr_line' id='line_1_35' title="bbox 81 1992 584 2032; baseline 0 -10"><span class='ocrx_word' id='word_1_177' title='bbox 81 2001 126 2023; x_wconf 86' lang='lat' dir='ltr'>ne</span> <span class='ocrx_word' id='word_1_178' title='bbox 142 2001 161 2022; x_wconf 92' lang='lat' dir='ltr'>a</span> <span class='ocrx_word' id='word_1_179' title='bbox 176 1992 256 2022; x_wconf 89' lang='lat' dir='ltr'>viris</span> <span class='ocrx_word' id='word_1_180' title='bbox 272 1998 584 2032; x_wconf 77' lang='lat' dir='ltr'>corrumperentur.</span> 
     </span>
    </p>

    <p class='ocr_par' dir='ltr' id='par_1_9' title="bbox 83 2042 790 2741">
     <span class='ocr_line' id='line_1_36' title="bbox 126 2042 789 2083; baseline 0.003 -11"><span class='ocrx_word' id='word_1_181' title='bbox 126 2044 168 2073; x_wconf 84' lang='lat'>99</span> <span class='ocrx_word' id='word_1_182' title='bbox 193 2042 355 2072; x_wconf 77' lang='lat' dir='ltr'>Thalamos</span> <span class='ocrx_word' id='word_1_183' title='bbox 370 2042 508 2083; x_wconf 78' lang='lat' dir='ltr'>serrare]</span> <span class='ocrx_word' id='word_1_184' title='bbox 524 2042 658 2074; x_wconf 85' lang='lat' dir='ltr'>Alludit</span> <span class='ocrx_word' id='word_1_185' title='bbox 674 2043 715 2074; x_wconf 90' lang='lat' dir='ltr'>ad</span> <span class='ocrx_word' id='word_1_186' title='bbox 732 2053 789 2074; x_wconf 91' lang='lat' dir='ltr'>no-</span> 
     </span>
     <span class='ocr_line' id='line_1_37' title="bbox 83 2092 790 2133; baseline 0.001 -10"><span class='ocrx_word' id='word_1_187' title='bbox 83 2101 182 2124; x_wconf 86' lang='lat' dir='ltr'>men:</span> <span class='ocrx_word' id='word_1_188' title='bbox 209 2102 286 2123; x_wconf 86' lang='lat' dir='ltr'>nam</span> <span class='ocrx_word' id='word_1_189' title='bbox 312 2092 509 2133; x_wconf 82' lang='lat' dir='ltr'>Eunuchus,</span> <span class='ocrx_word' id='word_1_190' title='bbox 539 2092 598 2123; x_wconf 80' lang='grc' dir='ltr'>ἀπὸ</span> <span class='ocrx_word' id='word_1_191' title='bbox 621 2095 677 2124; x_wconf 81' lang='grc' dir='ltr'>τοῦ</span> <span class='ocrx_word' id='word_1_192' title='bbox 701 2094 790 2131; x_wconf 83' lang='grc' dir='ltr'>εὐνὴν</span> 
     </span>
     <span class='ocr_line' id='line_1_38' title="bbox 84 2142 789 2182; baseline 0.003 -9"><span class='ocrx_word' id='word_1_193' title='bbox 84 2142 170 2182; x_wconf 81' lang='grc' dir='ltr'>ἔχειν</span> <span class='ocrx_word' id='word_1_194' title='bbox 196 2142 246 2173; x_wconf 77' lang='grc' dir='ltr'>καὶ</span> <span class='ocrx_word' id='word_1_195' title='bbox 263 2143 485 2182; x_wconf 77' lang='grc' dir='ltr'>ἐπιμελεῖσθαι,</span> <span class='ocrx_word' id='word_1_196' title='bbox 509 2154 528 2174; x_wconf 84' lang='grc' dir='ltr'><em>α</em></span> <span class='ocrx_word' id='word_1_197' title='bbox 553 2155 625 2174; x_wconf 77' lang='lat' dir='ltr'>curu</span> <span class='ocrx_word' id='word_1_198' title='bbox 641 2145 789 2175; x_wconf 79' lang='lat' dir='ltr'>cubilium</span> 
     </span>
     <span class='ocr_line' id='line_1_39' title="bbox 83 2193 790 2234; baseline 0.004 -11"><span class='ocrx_word' id='word_1_199' title='bbox 83 2196 115 2224; x_wconf 78' lang='lat' dir='ltr'>et</span> <span class='ocrx_word' id='word_1_200' title='bbox 125 2193 336 2233; x_wconf 76' lang='lat' dir='ltr'>gynaeciorum</span> <span class='ocrx_word' id='word_1_201' title='bbox 349 2205 358 2223; x_wconf 85' lang='lat'>.-</span> <span class='ocrx_word' id='word_1_202' title='bbox 374 2199 431 2224; x_wconf 81' lang='lat' dir='ltr'>aut</span> <span class='ocrx_word' id='word_1_203' title='bbox 450 2194 554 2224; x_wconf 81' lang='grc' dir='ltr'>εὔνουν</span> <span class='ocrx_word' id='word_1_204' title='bbox 567 2193 659 2234; x_wconf 82' lang='grc' dir='ltr'>ἔχων,</span> <span class='ocrx_word' id='word_1_205' title='bbox 682 2195 790 2226; x_wconf 79' lang='lat' dir='ltr'>bonum</span> 
     </span>
     <span class='ocr_line' id='line_1_40' title="bbox 83 2243 790 2287; baseline 0.003 -14"><span class='ocrx_word' id='word_1_206' title='bbox 83 2243 196 2274; x_wconf 82' lang='lat' dir='ltr'>habens</span> <span class='ocrx_word' id='word_1_207' title='bbox 210 2247 352 2281; x_wconf 76' lang='lat' dir='ltr'>mentem,</span> <span class='ocrx_word' id='word_1_208' title='bbox 367 2254 487 2285; x_wconf 81' lang='lat' dir='ltr'>nempe</span> <span class='ocrx_word' id='word_1_209' title='bbox 500 2246 644 2276; x_wconf 79' lang='lat' dir='ltr'>Veneris</span> <span class='ocrx_word' id='word_1_210' title='bbox 655 2256 790 2287; x_wconf 77' lang='lat' dir='ltr'>expers,</span> 
     </span>
     <span class='ocr_line' id='line_1_41' title="bbox 83 2294 788 2338; baseline 0.004 -14"><span class='ocrx_word' id='word_1_211' title='bbox 83 2298 120 2325; x_wconf 92' lang='lat' dir='ltr'>et</span> <span class='ocrx_word' id='word_1_212' title='bbox 138 2294 180 2325; x_wconf 93' lang='lat' dir='ltr'>ob</span> <span class='ocrx_word' id='word_1_213' title='bbox 196 2294 230 2324; x_wconf 87' lang='lat' dir='ltr'>id</span> <span class='ocrx_word' id='word_1_214' title='bbox 243 2295 383 2325; x_wconf 86' lang='lat' dir='ltr'>idoneus</span> <span class='ocrx_word' id='word_1_215' title='bbox 396 2296 565 2326; x_wconf 86' lang='lat' dir='ltr'>castitatis</span> <span class='ocrx_word' id='word_1_216' title='bbox 580 2296 788 2338; x_wconf 79' lang='lat' dir='ltr'>pudorisque</span> 
     </span>
     <span class='ocr_line' id='line_1_42' title="bbox 86 2345 790 2384; baseline 0.003 -9"><span class='ocrx_word' id='word_1_217' title='bbox 86 2349 213 2384; x_wconf 87' lang='lat' dir='ltr'>custos,</span> <span class='ocrx_word' id='word_1_218' title='bbox 242 2345 345 2375; x_wconf 74' lang='lat' dir='ltr'>Ovid.</span> <span class='ocrx_word' id='word_1_219' title='bbox 378 2346 437 2376; x_wconf 86' lang='lat' dir='ltr'>lib.</span> <span class='ocrx_word' id='word_1_220' title='bbox 465 2355 488 2376; x_wconf 85' lang='lat'>1.</span> <span class='ocrx_word' id='word_1_221' title='bbox 520 2346 638 2377; x_wconf 83' lang='lat' dir='ltr'>Amor.</span> <span class='ocrx_word' id='word_1_222' title='bbox 673 2347 726 2377; x_wconf 88' lang='lat' dir='ltr'>El.</span> <span class='ocrx_word' id='word_1_223' title='bbox 759 2350 790 2377; x_wconf 81' lang='lat'>2.</span> 
     </span>
     <span class='ocr_line' id='line_1_43' title="bbox 84 2396 789 2436; baseline 0.001 -10"><span class='ocrx_word' id='word_1_224' title='bbox 84 2405 190 2436; x_wconf 85' lang='lat' dir='ltr'>quare</span> <span class='ocrx_word' id='word_1_225' title='bbox 199 2396 385 2436; x_wconf 76' lang='lat' dir='ltr'>preciosior</span> <span class='ocrx_word' id='word_1_226' title='bbox 396 2397 599 2427; x_wconf 81' lang='lat' dir='ltr'>castratione</span> <span class='ocrx_word' id='word_1_227' title='bbox 612 2407 697 2436; x_wconf 86' lang='lat' dir='ltr'>puer</span> <span class='ocrx_word' id='word_1_228' title='bbox 710 2397 789 2428; x_wconf 89' lang='lat' dir='ltr'>dici-</span> 
     </span>
     <span class='ocr_line' id='line_1_44' title="bbox 85 2445 788 2488; baseline 0.004 -12"><span class='ocrx_word' id='word_1_229' title='bbox 85 2449 143 2476; x_wconf 83' lang='lat' dir='ltr'>tur</span> <span class='ocrx_word' id='word_1_230' title='bbox 166 2445 253 2485; x_wconf 86' lang='lat' dir='ltr'>fieri,</span> <span class='ocrx_word' id='word_1_231' title='bbox 286 2446 366 2486; x_wconf 90' lang='lat' dir='ltr'>Ulp.</span> <span class='ocrx_word' id='word_1_232' title='bbox 381 2448 401 2477; x_wconf 90' lang='lat' dir='ltr'>l.</span> <span class='ocrx_word' id='word_1_233' title='bbox 425 2447 453 2477; x_wconf 81' lang='lat' dir='ltr'>si</span> <span class='ocrx_word' id='word_1_234' title='bbox 478 2447 648 2488; x_wconf 72' lang='lat' dir='ltr'>servus-ff</span> <span class='ocrx_word' id='word_1_235' title='bbox 664 2449 704 2478; x_wconf 80' lang='lat' dir='ltr'>ud</span> <span class='ocrx_word' id='word_1_236' title='bbox 727 2449 788 2487; x_wconf 84' lang='lat' dir='ltr'>leg.</span> 
     </span>
     <span class='ocr_line' id='line_1_45' title="bbox 84 2494 788 2536; baseline 0.004 -10"><span class='ocrx_word' id='word_1_237' title='bbox 84 2494 190 2536; x_wconf 80' lang='lat' dir='ltr'>Aquil.</span> <span class='ocrx_word' id='word_1_238' title='bbox 206 2496 267 2526; x_wconf 85' lang='lat' dir='ltr'>sed</span> <span class='ocrx_word' id='word_1_239' title='bbox 296 2506 371 2527; x_wconf 88' lang='lat' dir='ltr'>cmn</span> <span class='ocrx_word' id='word_1_240' title='bbox 395 2498 516 2528; x_wconf 86' lang='lat' dir='ltr'>evirati</span> <span class='ocrx_word' id='word_1_241' title='bbox 539 2498 646 2527; x_wconf 86' lang='lat' dir='ltr'>minus</span> <span class='ocrx_word' id='word_1_242' title='bbox 670 2497 788 2529; x_wconf 82' lang='lat' dir='ltr'>fideles</span> 
     </span>
     <span class='ocr_line' id='line_1_46' title="bbox 85 2545 789 2586; baseline 0.003 -9"><span class='ocrx_word' id='word_1_243' title='bbox 85 2545 297 2586; x_wconf 79' lang='lat' dir='ltr'>viderentur,</span> <span class='ocrx_word' id='word_1_244' title='bbox 336 2547 487 2578; x_wconf 85' lang='lat' dir='ltr'>foemiuas</span> <span class='ocrx_word' id='word_1_245' title='bbox 513 2550 618 2579; x_wconf 86' lang='lat' dir='ltr'>etiam</span> <span class='ocrx_word' id='word_1_246' title='bbox 646 2550 789 2580; x_wconf 83' lang='lat' dir='ltr'>castrari</span> 
     </span>
     <span class='ocr_line' id='line_1_47' title="bbox 86 2595 790 2638; baseline 0.007 -13"><span class='ocrx_word' id='word_1_247' title='bbox 86 2595 229 2636; x_wconf 82' lang='lat' dir='ltr'>placuit,</span> <span class='ocrx_word' id='word_1_248' title='bbox 255 2598 349 2638; x_wconf 85' lang='lat' dir='ltr'>cujus</span> <span class='ocrx_word' id='word_1_249' title='bbox 366 2599 506 2629; x_wconf 87' lang='lat' dir='ltr'>sceleris</span> <span class='ocrx_word' id='word_1_250' title='bbox 523 2605 642 2629; x_wconf 81' lang='lat' dir='ltr'>auctor</span> <span class='ocrx_word' id='word_1_251' title='bbox 659 2599 790 2630; x_wconf 79' lang='lat' dir='ltr'>Andra-</span> 
     </span>
     <span class='ocr_line' id='line_1_48' title="bbox 86 2646 790 2690; baseline 0.007 -15"><span class='ocrx_word' id='word_1_252' title='bbox 86 2649 199 2685; x_wconf 83' lang='lat' dir='ltr'>mytes</span> <span class='ocrx_word' id='word_1_253' title='bbox 214 2646 387 2685; x_wconf 88' lang='lat' dir='ltr'>Lydorum</span> <span class='ocrx_word' id='word_1_254' title='bbox 404 2657 476 2678; x_wconf 84' lang='lat' dir='ltr'>rex.</span> <span class='ocrx_word' id='word_1_255' title='bbox 522 2648 681 2680; x_wconf 80' lang='lat' dir='ltr'>Xanthus</span> <span class='ocrx_word' id='word_1_256' title='bbox 699 2651 790 2690; x_wconf 86' lang='lat' dir='ltr'>apud</span> 
     </span>
     <span class='ocr_line' id='line_1_49' title="bbox 88 2695 769 2741; baseline 0.009 -15"><span class='ocrx_word' id='word_1_257' title='bbox 88 2695 216 2728; x_wconf 88' lang='lat' dir='ltr'>Athen.</span> <span class='ocrx_word' id='word_1_258' title='bbox 233 2697 289 2728; x_wconf 90' lang='lat' dir='ltr'>lib.</span> <span class='ocrx_word' id='word_1_259' title='bbox 313 2706 378 2730; x_wconf 78' lang='grc' dir='ltr'>ΧΠ.</span> <span class='ocrx_word' id='word_1_260' title='bbox 394 2700 608 2740; x_wconf 89' lang='lat' dir='ltr'>Dipnosoph.</span> <span class='ocrx_word' id='word_1_261' title='bbox 626 2711 701 2741; x_wconf 88' lang='lat' dir='ltr'>cap.</span> <span class='ocrx_word' id='word_1_262' title='bbox 720 2704 769 2732; x_wconf 85' lang='lat'>12.</span> 
     </span>
    </p>

    <p class='ocr_par' dir='ltr' id='par_1_10' title="bbox 90 2748 793 2842">
     <span class='ocr_line' id='line_1_50' title="bbox 134 2748 790 2790; baseline 0.008 -13"><span class='ocrx_word' id='word_1_263' title='bbox 134 2749 197 2778; x_wconf 88' lang='grc'>100</span> <span class='ocrx_word' id='word_1_264' title='bbox 220 2748 288 2779; x_wconf 83' lang='lat' dir='ltr'>Nec</span> <span class='ocrx_word' id='word_1_265' title='bbox 313 2749 438 2780; x_wconf 75' lang='lat' dir='ltr'>verbera</span> <span class='ocrx_word' id='word_1_266' title='bbox 460 2750 563 2790; x_wconf 80' lang='lat' dir='ltr'>tergo]</span> <span class='ocrx_word' id='word_1_267' title='bbox 609 2751 693 2782; x_wconf 90' lang='lat' dir='ltr'>Cum</span> <span class='ocrx_word' id='word_1_268' title='bbox 719 2750 790 2782; x_wconf 91' lang='lat' dir='ltr'>offi-</span> 
     </span>
     <span class='ocr_line' id='line_1_51' title="bbox 90 2798 793 2842; baseline 0.003 -12"><span class='ocrx_word' id='word_1_269' title='bbox 90 2798 181 2830; x_wconf 82' lang='lat' dir='ltr'>cium</span> <span class='ocrx_word' id='word_1_270' title='bbox 192 2798 363 2831; x_wconf 89' lang='lat' dir='ltr'>lenonium</span> <span class='ocrx_word' id='word_1_271' title='bbox 377 2801 498 2832; x_wconf 86' lang='lat' dir='ltr'>dextre</span> <span class='ocrx_word' id='word_1_272' title='bbox 511 2810 577 2832; x_wconf 92' lang='lat' dir='ltr'>non</span> <span class='ocrx_word' id='word_1_273' title='bbox 592 2801 793 2842; x_wconf 81' lang='lat' dir='ltr'>peregisset,</span> 
     </span>
    </p>
   </div>
   <div class='ocr_carea' id='block_1_3' title="bbox 418 2913 433 2929">
    <p class='ocr_par' dir='ltr' id='par_1_11' title="bbox 418 2913 433 2929">
     <span class='ocr_line' id='line_1_52' title="bbox 418 2913 433 2929; baseline 0 0"><span class='ocrx_word' id='word_1_274' title='bbox 418 2913 433 2929; x_wconf 62' lang='lat' dir='ltr'>Q</span> 
     </span>
    </p>
   </div>
   <div class='ocr_carea' id='block_1_4' title="bbox 1419 233 1532 274">
    <p class='ocr_par' dir='ltr' id='par_1_12' title="bbox 1419 233 1532 274">
     <span class='ocr_line' id='line_1_53' title="bbox 1419 233 1532 274; baseline 0 0"><span class='ocrx_word' id='word_1_275' title='bbox 1419 233 1532 274; x_wconf 76' lang='lat'>1-153</span> 
     </span>
    </p>
   </div>
   <div class='ocr_carea' id='block_1_5' title="bbox 832 333 1538 1785">
    <p class='ocr_par' dir='ltr' id='par_1_13' title="bbox 833 333 1531 415">
     <span class='ocr_line' id='line_1_54' title="bbox 833 333 1531 369; baseline 0.009 -6"><span class='ocrx_word' id='word_1_276' title='bbox 833 336 891 364; x_wconf 86' lang='lat' dir='ltr'>aut</span> <span class='ocrx_word' id='word_1_277' title='bbox 907 334 1073 365; x_wconf 76' lang='lat' dir='ltr'>caruisset</span> <span class='ocrx_word' id='word_1_278' title='bbox 1086 338 1212 365; x_wconf 88' lang='lat' dir='ltr'>eventu</span> <span class='ocrx_word' id='word_1_279' title='bbox 1224 333 1374 366; x_wconf 75' lang='lat' dir='ltr'>libidinis</span> <span class='ocrx_word' id='word_1_280' title='bbox 1386 336 1531 369; x_wconf 79' lang='lat' dir='ltr'>destina-</span> 
     </span>
     <span class='ocr_line' id='line_1_55' title="bbox 833 383 1035 415; baseline 0.01 -2"><span class='ocrx_word' id='word_1_281' title='bbox 833 383 892 414; x_wconf 87' lang='lat' dir='ltr'>tio.</span> <span class='ocrx_word' id='word_1_282' title='bbox 919 384 1035 415; x_wconf 72' lang='lat' dir='ltr'>Barth.</span> 
     </span>
    </p>

    <p class='ocr_par' dir='ltr' id='par_1_14' title="bbox 833 435 1533 567">
     <span class='ocr_line' id='line_1_56' title="bbox 880 435 1532 478; baseline 0.006 -14"><span class='ocrx_word' id='word_1_283' title='bbox 880 438 938 464; x_wconf 78' lang='lat'>102</span> <span class='ocrx_word' id='word_1_284' title='bbox 964 435 1153 476; x_wconf 65' lang='lat' dir='ltr'>frustraque</span> <span class='ocrx_word' id='word_1_285' title='bbox 1189 438 1361 478; x_wconf 79' lang='lat' dir='ltr'>rogantem]</span> <span class='ocrx_word' id='word_1_286' title='bbox 1409 438 1532 477; x_wconf 61' lang='lat' dir='ltr'>Nvgam-</span> 
     </span>
     <span class='ocr_line' id='line_1_57' title="bbox 833 486 1533 527; baseline 0.009 -14"><span class='ocrx_word' id='word_1_287' title='bbox 833 486 893 514; x_wconf 80' lang='lat' dir='ltr'>tem</span> <span class='ocrx_word' id='word_1_288' title='bbox 911 486 1000 524; x_wconf 71' lang='lat' dir='ltr'>prior</span> <span class='ocrx_word' id='word_1_289' title='bbox 1021 487 1166 517; x_wconf 64' lang='lat' dir='ltr'>Mureti:</span> <span class='ocrx_word' id='word_1_290' title='bbox 1199 487 1262 518; x_wconf 93' lang='lat' dir='ltr'>hoc</span> <span class='ocrx_word' id='word_1_291' title='bbox 1287 494 1349 527; x_wconf 83' lang='lat' dir='ltr'>est,</span> <span class='ocrx_word' id='word_1_292' title='bbox 1377 498 1533 520; x_wconf 76' lang='lat' dir='ltr'>recusan-</span> 
     </span>
     <span class='ocr_line' id='line_1_58' title="bbox 834 535 1109 567; baseline 0.011 -4"><span class='ocrx_word' id='word_1_293' title='bbox 834 538 913 564; x_wconf 80' lang='lat' dir='ltr'>tem.</span> <span class='ocrx_word' id='word_1_294' title='bbox 937 536 979 565; x_wconf 93' lang='lat' dir='ltr'>D.</span> <span class='ocrx_word' id='word_1_295' title='bbox 1000 535 1109 567; x_wconf 72' lang='lat' dir='ltr'>Heius.</span> 
     </span>
    </p>

    <p class='ocr_par' dir='ltr' id='par_1_15' title="bbox 834 586 1534 717">
     <span class='ocr_line' id='line_1_59' title="bbox 878 586 1534 629; baseline 0.012 -16"><span class='ocrx_word' id='word_1_296' title='bbox 878 587 937 614; x_wconf 65' lang='lat'>10⁴</span> <span class='ocrx_word' id='word_1_297' title='bbox 964 586 1248 629; x_wconf 67' lang='lat' dir='ltr'>Dotulemgmera]</span> <span class='ocrx_word' id='word_1_298' title='bbox 1288 590 1332 620; x_wconf 86' lang='lat' dir='ltr'>Hi</span> <span class='ocrx_word' id='word_1_299' title='bbox 1362 596 1458 621; x_wconf 83' lang='lat' dir='ltr'>erant</span> <span class='ocrx_word' id='word_1_300' title='bbox 1477 592 1534 621; x_wconf 86' lang='lat' dir='ltr'>ad-</span> 
     </span>
     <span class='ocr_line' id='line_1_60' title="bbox 834 633 1534 677; baseline 0.014 -14"><span class='ocrx_word' id='word_1_301' title='bbox 834 633 1010 666; x_wconf 78' lang='lat' dir='ltr'>dictissimi</span> <span class='ocrx_word' id='word_1_302' title='bbox 1047 639 1165 677; x_wconf 71' lang='lat' dir='ltr'>puellis</span> <span class='ocrx_word' id='word_1_303' title='bbox 1204 641 1237 670; x_wconf 88' lang='lat' dir='ltr'>in</span> <span class='ocrx_word' id='word_1_304' title='bbox 1276 641 1356 671; x_wconf 78' lang='lat' dir='ltr'>alias</span> <span class='ocrx_word' id='word_1_305' title='bbox 1392 642 1534 673; x_wconf 58' lang='lat' dir='ltr'>similias</span> 
     </span>
     <span class='ocr_line' id='line_1_61' title="bbox 836 686 1020 717; baseline 0.016 -3"><span class='ocrx_word' id='word_1_306' title='bbox 836 686 1020 717; x_wconf 79' lang='lat' dir='ltr'>translatis.</span> 
     </span>
    </p>

    <p class='ocr_par' dir='ltr' id='par_1_16' title="bbox 833 737 1537 828">
     <span class='ocr_line' id='line_1_62' title="bbox 877 737 1537 783; baseline 0.009 -17"><span class='ocrx_word' id='word_1_307' title='bbox 877 737 1043 778; x_wconf 71' lang='lat' dir='ltr'>Nutrilor]</span> <span class='ocrx_word' id='word_1_308' title='bbox 1075 738 1140 770; x_wconf 83' lang='lat' dir='ltr'>Qui</span> <span class='ocrx_word' id='word_1_309' title='bbox 1157 739 1188 770; x_wconf 91' lang='lat' dir='ltr'>id</span> <span class='ocrx_word' id='word_1_310' title='bbox 1205 745 1284 780; x_wconf 70' lang='lat' dir='ltr'>agat</span> <span class='ocrx_word' id='word_1_311' title='bbox 1301 742 1388 781; x_wconf 77' lang='lat' dir='ltr'>quod</span> <span class='ocrx_word' id='word_1_312' title='bbox 1408 743 1537 783; x_wconf 81' lang='lat' dir='ltr'>nutrix,</span> 
     </span>
     <span class='ocr_line' id='line_1_63' title="bbox 833 789 1410 828; baseline 0.014 -13"><span class='ocrx_word' id='word_1_313' title='bbox 833 793 980 826; x_wconf 70' lang='lat' dir='ltr'>excepto</span> <span class='ocrx_word' id='word_1_314' title='bbox 996 789 1128 828; x_wconf 83' lang='lat' dir='ltr'>quailla</span> <span class='ocrx_word' id='word_1_315' title='bbox 1141 791 1272 821; x_wconf 75' lang='lat' dir='ltr'>mulier.</span> <span class='ocrx_word' id='word_1_316' title='bbox 1296 791 1410 823; x_wconf 72' lang='lat' dir='ltr'>Barth.</span> 
     </span>
    </p>

    <p class='ocr_par' dir='ltr' id='par_1_17' title="bbox 833 837 1534 970">
     <span class='ocr_line' id='line_1_64' title="bbox 878 837 1534 880; baseline 0.011 -15"><span class='ocrx_word' id='word_1_317' title='bbox 878 839 938 866; x_wconf 80' lang='lat'>106</span> <span class='ocrx_word' id='word_1_318' title='bbox 964 837 1110 868; x_wconf 75' lang='lat' dir='ltr'>I’cctrbat</span> <span class='ocrx_word' id='word_1_319' title='bbox 1125 840 1256 870; x_wconf 65' lang='lat' dir='ltr'>domitae</span> <span class='ocrx_word' id='word_1_320' title='bbox 1274 841 1387 880; x_wconf 73' lang='lat' dir='ltr'>crim-s]</span> <span class='ocrx_word' id='word_1_321' title='bbox 1411 841 1534 873; x_wconf 67' lang='lat' dir='ltr'>Offim&#39;o</span> 
     </span>
     <span class='ocr_line' id='line_1_65' title="bbox 833 886 1533 923; baseline 0.013 -9"><span class='ocrx_word' id='word_1_322' title='bbox 833 886 989 917; x_wconf 87' lang='lat' dir='ltr'>muliebri</span> <span class='ocrx_word' id='word_1_323' title='bbox 1028 892 1063 918; x_wconf 90' lang='lat' dir='ltr'>et</span> <span class='ocrx_word' id='word_1_324' title='bbox 1094 890 1205 919; x_wconf 86' lang='lat' dir='ltr'>servili</span> <span class='ocrx_word' id='word_1_325' title='bbox 1247 891 1533 923; x_wconf 76' lang='lat' dir='ltr'>ancillariolorum</span> 
     </span>
     <span class='ocr_line' id='line_1_66' title="bbox 834 937 1180 970; baseline 0.012 -5"><span class='ocrx_word' id='word_1_326' title='bbox 834 937 1054 968; x_wconf 81' lang='lat' dir='ltr'>servulorum.</span> <span class='ocrx_word' id='word_1_327' title='bbox 1086 939 1180 970; x_wconf 78' lang='lat' dir='ltr'>Idem.</span> 
     </span>
    </p>

    <p class='ocr_par' dir='ltr' id='par_1_18' title="bbox 832 988 1538 1785">
     <span class='ocr_line' id='line_1_67' title="bbox 878 988 1533 1031; baseline 0.009 -14"><span class='ocrx_word' id='word_1_328' title='bbox 878 988 1023 1018; x_wconf 78' lang='lat' dir='ltr'>I’ectelmt</span> <span class='ocrx_word' id='word_1_329' title='bbox 1042 990 1172 1019; x_wconf 68' lang='lat' dir='ltr'>(lumime</span> <span class='ocrx_word' id='word_1_330' title='bbox 1188 991 1302 1031; x_wconf 63' lang='lat' dir='ltr'>crines]</span> <span class='ocrx_word' id='word_1_331' title='bbox 1341 992 1533 1024; x_wconf 60' lang='lat' dir='ltr'>Pet-iebant</span> 
     </span>
     <span class='ocr_line' id='line_1_68' title="bbox 834 1036 1532 1081; baseline 0.01 -15"><span class='ocrx_word' id='word_1_332' title='bbox 834 1036 1044 1068; x_wconf 87' lang='lat' dir='ltr'>dominarum</span> <span class='ocrx_word' id='word_1_333' title='bbox 1063 1040 1202 1079; x_wconf 80' lang='lat' dir='ltr'>capillos</span> <span class='ocrx_word' id='word_1_334' title='bbox 1225 1043 1369 1081; x_wconf 61' lang='lat' dir='ltr'>ancillae,</span> <span class='ocrx_word' id='word_1_335' title='bbox 1393 1044 1450 1073; x_wconf 57' lang='lat' dir='ltr'>seu</span> <span class='ocrx_word' id='word_1_336' title='bbox 1468 1053 1532 1073; x_wconf 85' lang='lat' dir='ltr'>non</span> 
     </span>
     <span class='ocr_line' id='line_1_69' title="bbox 835 1088 1532 1130; baseline 0.013 -15"><span class='ocrx_word' id='word_1_337' title='bbox 835 1096 899 1117; x_wconf 78' lang='lat' dir='ltr'>:ino</span> <span class='ocrx_word' id='word_1_338' title='bbox 913 1088 1031 1118; x_wconf 88' lang='lat' dir='ltr'>modo:</span> <span class='ocrx_word' id='word_1_339' title='bbox 1064 1099 1140 1120; x_wconf 89' lang='lat' dir='ltr'>nam</span> <span class='ocrx_word' id='word_1_340' title='bbox 1168 1091 1219 1121; x_wconf 61' lang='lat' dir='ltr'>hze</span> <span class='ocrx_word' id='word_1_341' title='bbox 1247 1093 1443 1130; x_wconf 65' lang='lat' dir='ltr'>pectebant,</span> <span class='ocrx_word' id='word_1_342' title='bbox 1467 1094 1532 1124; x_wconf 78' lang='lat' dir='ltr'>illae</span> 
     </span>
     <span class='ocr_line' id='line_1_70' title="bbox 834 1137 1534 1180; baseline 0.011 -15"><span class='ocrx_word' id='word_1_343' title='bbox 834 1137 1034 1175; x_wconf 75' lang='lat' dir='ltr'>digerebant</span> <span class='ocrx_word' id='word_1_344' title='bbox 1050 1150 1057 1175; x_wconf 89' lang='lat'>;</span> <span class='ocrx_word' id='word_1_345' title='bbox 1076 1140 1229 1179; x_wconf 77' lang='lat' dir='ltr'>quaedam</span> <span class='ocrx_word' id='word_1_346' title='bbox 1248 1143 1410 1173; x_wconf 81' lang='lat' dir='ltr'>ornabant</span> <span class='ocrx_word' id='word_1_347' title='bbox 1428 1154 1435 1180; x_wconf 86' lang='lat'>;</span> <span class='ocrx_word' id='word_1_348' title='bbox 1460 1144 1534 1174; x_wconf 79' lang='lat' dir='ltr'>aliae</span> 
     </span>
     <span class='ocr_line' id='line_1_71' title="bbox 835 1188 1533 1225; baseline 0.011 -8"><span class='ocrx_word' id='word_1_349' title='bbox 835 1197 896 1218; x_wconf 87' lang='lat' dir='ltr'>acu</span> <span class='ocrx_word' id='word_1_350' title='bbox 913 1197 970 1218; x_wconf 87' lang='lat' dir='ltr'>seu</span> <span class='ocrx_word' id='word_1_351' title='bbox 990 1188 1212 1221; x_wconf 74' lang='lat' dir='ltr'>discerniculo</span> <span class='ocrx_word' id='word_1_352' title='bbox 1233 1191 1533 1225; x_wconf 58' lang='lat' dir='ltr'>‹lincrinunalmntz</span> 
     </span>
     <span class='ocr_line' id='line_1_72' title="bbox 832 1239 1536 1275; baseline 0.01 -8"><span class='ocrx_word' id='word_1_353' title='bbox 832 1243 911 1268; x_wconf 84' lang='lat' dir='ltr'>nota</span> <span class='ocrx_word' id='word_1_354' title='bbox 927 1244 1003 1268; x_wconf 88' lang='lat' dir='ltr'>sunt</span> <span class='ocrx_word' id='word_1_355' title='bbox 1020 1239 1105 1270; x_wconf 64' lang='lat' dir='ltr'>haec.</span> <span class='ocrx_word' id='word_1_356' title='bbox 1129 1241 1214 1270; x_wconf 74' lang='lat' dir='ltr'>Vide</span> <span class='ocrx_word' id='word_1_357' title='bbox 1246 1243 1358 1273; x_wconf 86' lang='lat' dir='ltr'>Plaut.</span> <span class='ocrx_word' id='word_1_358' title='bbox 1384 1243 1536 1275; x_wconf 70' lang='lat' dir='ltr'>l&#39;oenulo.</span> 
     </span>
     <span class='ocr_line' id='line_1_73' title="bbox 835 1287 1534 1326; baseline 0.014 -10"><span class='ocrx_word' id='word_1_359' title='bbox 835 1287 935 1318; x_wconf 78' lang='lat' dir='ltr'>Ovid.</span> <span class='ocrx_word' id='word_1_360' title='bbox 949 1289 1004 1318; x_wconf 89' lang='lat' dir='ltr'>lib.</span> <span class='ocrx_word' id='word_1_361' title='bbox 1019 1298 1042 1320; x_wconf 85' lang='lat'>1.</span> <span class='ocrx_word' id='word_1_362' title='bbox 1056 1290 1169 1320; x_wconf 62' lang='lat' dir='ltr'>Amor.</span> <span class='ocrx_word' id='word_1_363' title='bbox 1187 1291 1534 1326; x_wconf 67' lang='lat' dir='ltr'>El.11.1it›.u.131.7.</span> 
     </span>
     <span class='ocr_line' id='line_1_74' title="bbox 834 1339 1534 1385; baseline 0.011 -18"><span class='ocrx_word' id='word_1_364' title='bbox 834 1342 984 1368; x_wconf 74' lang='lat' dir='ltr'>nostrum</span> <span class='ocrx_word' id='word_1_365' title='bbox 1002 1339 1148 1379; x_wconf 82' lang='lat' dir='ltr'>Epithal.</span> <span class='ocrx_word' id='word_1_366' title='bbox 1166 1342 1307 1372; x_wconf 75' lang='lat' dir='ltr'>l’alladii</span> <span class='ocrx_word' id='word_1_367' title='bbox 1333 1348 1367 1373; x_wconf 84' lang='lat' dir='ltr'>et</span> <span class='ocrx_word' id='word_1_368' title='bbox 1385 1347 1534 1385; x_wconf 49' lang='lat' dir='ltr'>Svrvnw,</span> 
     </span>
     <span class='ocr_line' id='line_1_75' title="bbox 832 1389 1534 1430; baseline 0.01 -12"><span class='ocrx_word' id='word_1_369' title='bbox 832 1389 841 1405; x_wconf 89' lang='lat'>‘</span> <span class='ocrx_word' id='word_1_370' title='bbox 859 1390 1034 1429; x_wconf 77' lang='lat' dir='ltr'>legemque</span> <span class='ocrx_word' id='word_1_371' title='bbox 1053 1391 1176 1430; x_wconf 76' lang='lat' dir='ltr'>capillo</span> <span class='ocrx_word' id='word_1_372' title='bbox 1206 1393 1331 1423; x_wconf 76' lang='lat' dir='ltr'>Reddit</span> <span class='ocrx_word' id='word_1_373' title='bbox 1348 1394 1367 1423; x_wconf 86' lang='lat'>:’</span> <span class='ocrx_word' id='word_1_374' title='bbox 1392 1394 1448 1424; x_wconf 61' lang='lat' dir='ltr'>&gt;ed</span> <span class='ocrx_word' id='word_1_375' title='bbox 1467 1405 1534 1425; x_wconf 76' lang='lat' dir='ltr'>oni-</span> 
     </span>
     <span class='ocr_line' id='line_1_76' title="bbox 835 1440 1534 1476; baseline 0.01 -7"><span class='ocrx_word' id='word_1_376' title='bbox 835 1440 925 1470; x_wconf 89' lang='lat' dir='ltr'>nium</span> <span class='ocrx_word' id='word_1_377' title='bbox 957 1441 1229 1473; x_wconf 63' lang='lat' dir='ltr'>ambitimisshuc</span> <span class='ocrx_word' id='word_1_378' title='bbox 1260 1443 1349 1474; x_wconf 87' lang='lat' dir='ltr'>idem</span> <span class='ocrx_word' id='word_1_379' title='bbox 1387 1445 1534 1476; x_wconf 66' lang='lat' dir='ltr'>officium</span> 
     </span>
     <span class='ocr_line' id='line_1_77' title="bbox 836 1490 1534 1535; baseline 0.009 -15"><span class='ocrx_word' id='word_1_380' title='bbox 836 1490 1033 1521; x_wconf 89' lang='lat' dir='ltr'>ancillarum</span> <span class='ocrx_word' id='word_1_381' title='bbox 1058 1491 1090 1522; x_wconf 91' lang='lat' dir='ltr'>in</span> <span class='ocrx_word' id='word_1_382' title='bbox 1117 1493 1262 1532; x_wconf 84' lang='lat' dir='ltr'>Epithal.</span> <span class='ocrx_word' id='word_1_383' title='bbox 1288 1494 1430 1524; x_wconf 84' lang='lat' dir='ltr'>llouorii</span> <span class='ocrx_word' id='word_1_384' title='bbox 1447 1494 1534 1535; x_wconf 61' lang='lat' dir='ltr'>Aug.</span> 
     </span>
     <span class='ocr_line' id='line_1_78' title="bbox 836 1541 1536 1585; baseline 0.007 -15"><span class='ocrx_word' id='word_1_385' title='bbox 836 1547 870 1570; x_wconf 89' lang='lat' dir='ltr'>et</span> <span class='ocrx_word' id='word_1_386' title='bbox 882 1541 1181 1582; x_wconf 74' lang='lat' dir='ltr'>Mariaedepingit.</span> <span class='ocrx_word' id='word_1_387' title='bbox 1228 1544 1272 1574; x_wconf 84' lang='lat' dir='ltr'>Et</span> <span class='ocrx_word' id='word_1_388' title='bbox 1286 1545 1363 1585; x_wconf 83' lang='lat' dir='ltr'>quia</span> <span class='ocrx_word' id='word_1_389' title='bbox 1381 1546 1442 1575; x_wconf 85' lang='lat' dir='ltr'>huc</span> <span class='ocrx_word' id='word_1_390' title='bbox 1460 1555 1536 1584; x_wconf 80' lang='lat' dir='ltr'>pro-</span> 
     </span>
     <span class='ocr_line' id='line_1_79' title="bbox 836 1592 1536 1635; baseline 0.006 -14"><span class='ocrx_word' id='word_1_391' title='bbox 836 1592 925 1622; x_wconf 87' lang='lat' dir='ltr'>vecti</span> <span class='ocrx_word' id='word_1_392' title='bbox 944 1602 1070 1631; x_wconf 77' lang='lat' dir='ltr'>sumus,</span> <span class='ocrx_word' id='word_1_393' title='bbox 1100 1598 1192 1631; x_wconf 85' lang='lat' dir='ltr'>nota,</span> <span class='ocrx_word' id='word_1_394' title='bbox 1222 1594 1379 1624; x_wconf 88' lang='lat' dir='ltr'>ditiorum</span> <span class='ocrx_word' id='word_1_395' title='bbox 1398 1596 1536 1635; x_wconf 77' lang='lat' dir='ltr'>capilla-</span> 
     </span>
     <span class='ocr_line' id='line_1_80' title="bbox 836 1644 1536 1676; baseline 0.007 -5"><span class='ocrx_word' id='word_1_396' title='bbox 836 1646 951 1673; x_wconf 87' lang='lat' dir='ltr'>menta</span> <span class='ocrx_word' id='word_1_397' title='bbox 978 1653 1059 1673; x_wconf 87' lang='lat' dir='ltr'>auro</span> <span class='ocrx_word' id='word_1_398' title='bbox 1088 1644 1200 1674; x_wconf 83' lang='lat' dir='ltr'>ornari</span> <span class='ocrx_word' id='word_1_399' title='bbox 1221 1650 1340 1675; x_wconf 76' lang='lat' dir='ltr'>sueta:</span> <span class='ocrx_word' id='word_1_400' title='bbox 1367 1650 1479 1676; x_wconf 75' lang='lat' dir='ltr'>noster</span> <span class='ocrx_word' id='word_1_401' title='bbox 1494 1646 1536 1676; x_wconf 90' lang='lat' dir='ltr'>de</span> 
     </span>
     <span class='ocr_line' id='line_1_81' title="bbox 838 1693 1538 1735; baseline 0.004 -12"><span class='ocrx_word' id='word_1_402' title='bbox 838 1702 887 1724; x_wconf 73' lang='lat' dir='ltr'>vt.</span> <span class='ocrx_word' id='word_1_403' title='bbox 906 1693 1048 1724; x_wconf 85' lang='lat' dir='ltr'>Honorii</span> <span class='ocrx_word' id='word_1_404' title='bbox 1065 1695 1271 1726; x_wconf 85' lang='lat' dir='ltr'>Consulatu:</span> <span class='ocrx_word' id='word_1_405' title='bbox 1298 1697 1306 1712; x_wconf 87' lang='lat'>‘</span> <span class='ocrx_word' id='word_1_406' title='bbox 1324 1695 1538 1735; x_wconf 60' lang='lat' dir='ltr'>subs-ningit-</span> 
     </span>
     <span class='ocr_line' id='line_1_82' title="bbox 837 1745 1537 1785; baseline 0.004 -12"><span class='ocrx_word' id='word_1_407' title='bbox 837 1754 901 1785; x_wconf 89' lang='lat' dir='ltr'>que</span> <span class='ocrx_word' id='word_1_408' title='bbox 915 1754 1042 1775; x_wconf 89' lang='lat' dir='ltr'>comam</span> <span class='ocrx_word' id='word_1_409' title='bbox 1059 1745 1220 1783; x_wconf 61' lang='lat' dir='ltr'>genimis!</span> <span class='ocrx_word' id='word_1_410' title='bbox 1267 1745 1370 1776; x_wconf 87' lang='lat' dir='ltr'>Ovid.</span> <span class='ocrx_word' id='word_1_411' title='bbox 1393 1746 1452 1776; x_wconf 90' lang='lat' dir='ltr'>lih.</span> <span class='ocrx_word' id='word_1_412' title='bbox 1481 1755 1537 1777; x_wconf 82' lang='grc' dir='ltr'><strong>ιιι.</strong></span> 
     </span>
    </p>
   </div>
   <div class='ocr_carea' id='block_1_6' title="bbox 836 1794 1588 1835">
    <p class='ocr_par' dir='ltr' id='par_1_19' title="bbox 836 1794 1588 1835">
     <span class='ocr_line' id='line_1_83' title="bbox 836 1794 1588 1835; baseline 0.005 -12"><span class='ocrx_word' id='word_1_413' title='bbox 836 1794 951 1824; x_wconf 80' lang='lat' dir='ltr'>Amor.</span> <span class='ocrx_word' id='word_1_414' title='bbox 968 1795 1019 1825; x_wconf 85' lang='lat' dir='ltr'>El.</span> <span class='ocrx_word' id='word_1_415' title='bbox 1044 1797 1094 1825; x_wconf 83' lang='lat'>12.</span> <span class='ocrx_word' id='word_1_416' title='bbox 1125 1796 1133 1811; x_wconf 87' lang='lat'>‘</span> <span class='ocrx_word' id='word_1_417' title='bbox 1153 1795 1304 1835; x_wconf 79' lang='lat' dir='ltr'>Virginei</span> <span class='ocrx_word' id='word_1_418' title='bbox 1331 1796 1439 1827; x_wconf 81' lang='lat' dir='ltr'>crines</span> <span class='ocrx_word' id='word_1_419' title='bbox 1457 1806 1537 1827; x_wconf 85' lang='lat' dir='ltr'>auro</span> <span class='ocrx_word' id='word_1_420' title='bbox 1584 1798 1588 1802; x_wconf 68' lang='grc'><strong>’</strong></span> 
     </span>
    </p>
   </div>
   <div class='ocr_carea' id='block_1_7' title="bbox 836 1845 1537 1935">
    <p class='ocr_par' dir='ltr' id='par_1_20' title="bbox 836 1845 1537 1935">
     <span class='ocr_line' id='line_1_84' title="bbox 837 1845 1537 1884; baseline 0.004 -10"><span class='ocrx_word' id='word_1_421' title='bbox 837 1854 1037 1884; x_wconf 84' lang='lat' dir='ltr'>gemmaque</span> <span class='ocrx_word' id='word_1_422' title='bbox 1085 1845 1310 1884; x_wconf 86' lang='lat' dir='ltr'>premuntur.&#39;</span> <span class='ocrx_word' id='word_1_423' title='bbox 1358 1846 1537 1877; x_wconf 83' lang='lat' dir='ltr'>Interdum</span> 
     </span>
     <span class='ocr_line' id='line_1_85' title="bbox 836 1893 1536 1935; baseline 0.009 -13"><span class='ocrx_word' id='word_1_424' title='bbox 836 1893 956 1923; x_wconf 81' lang='lat' dir='ltr'>odores</span> <span class='ocrx_word' id='word_1_425' title='bbox 972 1893 1214 1925; x_wconf 73' lang='lat' dir='ltr'>admiscebant.</span> <span class='ocrx_word' id='word_1_426' title='bbox 1259 1895 1420 1935; x_wconf 87' lang='lat' dir='ltr'>Propert.</span> <span class='ocrx_word' id='word_1_427' title='bbox 1438 1896 1493 1927; x_wconf 88' lang='lat' dir='ltr'>lib.</span> <span class='ocrx_word' id='word_1_428' title='bbox 1511 1905 1536 1928; x_wconf 86' lang='lat'>1.</span> 
     </span>
    </p>
   </div>
   <div class='ocr_carea' id='block_1_8' title="bbox 837 1943 1539 2238">
    <p class='ocr_par' dir='ltr' id='par_1_21' title="bbox 837 1943 1538 2137">
     <span class='ocr_line' id='line_1_86' title="bbox 838 1943 1537 1986; baseline 0.006 -13"><span class='ocrx_word' id='word_1_429' title='bbox 838 1943 890 1974; x_wconf 82' lang='lat' dir='ltr'>El.</span> <span class='ocrx_word' id='word_1_430' title='bbox 914 1946 944 1973; x_wconf 86' lang='lat'>2.</span> <span class='ocrx_word' id='word_1_431' title='bbox 973 1943 1084 1983; x_wconf 88' lang='lat' dir='ltr'>princ.</span> <span class='ocrx_word' id='word_1_432' title='bbox 1108 1948 1143 1974; x_wconf 84' lang='lat' dir='ltr'>at</span> <span class='ocrx_word' id='word_1_433' title='bbox 1171 1954 1337 1984; x_wconf 81' lang='lat' dir='ltr'>pauperes</span> <span class='ocrx_word' id='word_1_434' title='bbox 1356 1951 1390 1976; x_wconf 88' lang='lat' dir='ltr'>et</span> <span class='ocrx_word' id='word_1_435' title='bbox 1414 1946 1537 1986; x_wconf 85' lang='lat' dir='ltr'>plebeii</span> 
     </span>
     <span class='ocr_line' id='line_1_87' title="bbox 837 1992 1538 2033; baseline 0.004 -9"><span class='ocrx_word' id='word_1_436' title='bbox 837 1992 964 2024; x_wconf 82' lang='lat' dir='ltr'>ordinis</span> <span class='ocrx_word' id='word_1_437' title='bbox 982 1994 1116 2033; x_wconf 71' lang='lat' dir='ltr'>puellae‚</span> <span class='ocrx_word' id='word_1_438' title='bbox 1133 1994 1247 2024; x_wconf 78' lang='lat' dir='ltr'>vesica</span> <span class='ocrx_word' id='word_1_439' title='bbox 1262 1997 1372 2026; x_wconf 84' lang='lat' dir='ltr'>crines</span> <span class='ocrx_word' id='word_1_440' title='bbox 1390 1995 1538 2027; x_wconf 86' lang='lat' dir='ltr'>involve-</span> 
     </span>
     <span class='ocr_line' id='line_1_88' title="bbox 838 2044 1536 2088; baseline 0.006 -14"><span class='ocrx_word' id='word_1_441' title='bbox 838 2044 931 2075; x_wconf 83' lang='lat' dir='ltr'>bant.</span> <span class='ocrx_word' id='word_1_442' title='bbox 977 2044 1064 2075; x_wconf 84' lang='lat' dir='ltr'>Vide</span> <span class='ocrx_word' id='word_1_443' title='bbox 1081 2049 1114 2075; x_wconf 86' lang='lat' dir='ltr'>et</span> <span class='ocrx_word' id='word_1_444' title='bbox 1130 2045 1281 2076; x_wconf 81' lang='lat' dir='ltr'>Martial.</span> <span class='ocrx_word' id='word_1_445' title='bbox 1298 2046 1356 2076; x_wconf 89' lang='lat' dir='ltr'>lib.</span> <span class='ocrx_word' id='word_1_446' title='bbox 1375 2055 1455 2078; x_wconf 77' lang='lat' dir='ltr'>V111.</span> <span class='ocrx_word' id='word_1_447' title='bbox 1472 2047 1536 2088; x_wconf 85' lang='lat' dir='ltr'>Ep.</span> 
     </span>
     <span class='ocr_line' id='line_1_89' title="bbox 837 2095 1090 2137; baseline 0.004 -12"><span class='ocrx_word' id='word_1_448' title='bbox 837 2097 889 2125; x_wconf 77' lang='lat'>33.</span> <span class='ocrx_word' id='word_1_449' title='bbox 914 2095 1090 2137; x_wconf 75' lang='lat' dir='ltr'>Dempster.</span> 
     </span>
    </p>

    <p class='ocr_par' dir='ltr' id='par_1_22' title="bbox 839 2146 1539 2238">
     <span class='ocr_line' id='line_1_90' title="bbox 884 2146 1539 2186; baseline 0.005 -11"><span class='ocrx_word' id='word_1_450' title='bbox 884 2146 927 2176; x_wconf 76' lang='lat' dir='ltr'>Et</span> <span class='ocrx_word' id='word_1_451' title='bbox 943 2156 1022 2186; x_wconf 78' lang='lat' dir='ltr'>soepe</span> <span class='ocrx_word' id='word_1_452' title='bbox 1038 2146 1170 2186; x_wconf 75' lang='lat' dir='ltr'>lavanti]</span> <span class='ocrx_word' id='word_1_453' title='bbox 1205 2146 1313 2178; x_wconf 83' lang='lat' dir='ltr'>Quam</span> <span class='ocrx_word' id='word_1_454' title='bbox 1338 2150 1467 2186; x_wconf 83' lang='lat' dir='ltr'>partem</span> <span class='ocrx_word' id='word_1_455' title='bbox 1491 2147 1539 2178; x_wconf 86' lang='lat' dir='ltr'>la-</span> 
     </span>
     <span class='ocr_line' id='line_1_91' title="bbox 839 2197 1536 2238; baseline 0.003 -12"><span class='ocrx_word' id='word_1_456' title='bbox 839 2197 927 2227; x_wconf 87' lang='lat' dir='ltr'>verit</span> <span class='ocrx_word' id='word_1_457' title='bbox 938 2197 1070 2227; x_wconf 86' lang='lat' dir='ltr'>alumna</span> <span class='ocrx_word' id='word_1_458' title='bbox 1080 2198 1160 2227; x_wconf 85' lang='lat' dir='ltr'>satis</span> <span class='ocrx_word' id='word_1_459' title='bbox 1173 2197 1330 2238; x_wconf 87' lang='lat' dir='ltr'>conjicio:</span> <span class='ocrx_word' id='word_1_460' title='bbox 1351 2202 1434 2237; x_wconf 86' lang='lat' dir='ltr'>puto</span> <span class='ocrx_word' id='word_1_461' title='bbox 1447 2197 1536 2228; x_wconf 88' lang='lat' dir='ltr'>enim</span> 
     </span>
    </p>
   </div>
   <div class='ocr_carea' id='block_1_9' title="bbox 832 2247 1537 2286">
    <p class='ocr_par' dir='ltr' id='par_1_23' title="bbox 832 2247 1537 2286">
     <span class='ocr_line' id='line_1_92' title="bbox 832 2247 1537 2286; baseline 0.001 -10"><span class='ocrx_word' id='word_1_462' title='bbox 832 2255 902 2281; x_wconf 60' lang='lat' dir='ltr'>,nou</span> <span class='ocrx_word' id='word_1_463' title='bbox 920 2247 1023 2277; x_wconf 88' lang='lat' dir='ltr'>solum</span> <span class='ocrx_word' id='word_1_464' title='bbox 1042 2251 1118 2286; x_wconf 80' lang='lat' dir='ltr'>post</span> <span class='ocrx_word' id='word_1_465' title='bbox 1135 2256 1230 2286; x_wconf 75' lang='lat' dir='ltr'>opuS,</span> <span class='ocrx_word' id='word_1_466' title='bbox 1253 2247 1311 2277; x_wconf 87' lang='lat' dir='ltr'>sed</span> <span class='ocrx_word' id='word_1_467' title='bbox 1330 2252 1364 2277; x_wconf 91' lang='lat' dir='ltr'>et</span> <span class='ocrx_word' id='word_1_468' title='bbox 1382 2247 1422 2278; x_wconf 86' lang='lat' dir='ltr'>ab</span> <span class='ocrx_word' id='word_1_469' title='bbox 1439 2247 1537 2278; x_wconf 84' lang='lat' dir='ltr'>urina</span> 
     </span>
    </p>
   </div>
   <div class='ocr_carea' id='block_1_10' title="bbox 837 2296 1537 2842">
    <p class='ocr_par' dir='ltr' id='par_1_24' title="bbox 839 2296 1536 2431">
     <span class='ocr_line' id='line_1_93' title="bbox 839 2296 1536 2338; baseline 0.001 -11"><span class='ocrx_word' id='word_1_470' title='bbox 839 2307 957 2338; x_wconf 86' lang='lat' dir='ltr'>aquam</span> <span class='ocrx_word' id='word_1_471' title='bbox 970 2297 1338 2337; x_wconf 79' lang='lat' dir='ltr'>sumI‚utaitMa1·tial.</span> <span class='ocrx_word' id='word_1_472' title='bbox 1361 2298 1369 2313; x_wconf 90' lang='lat'>‘</span> <span class='ocrx_word' id='word_1_473' title='bbox 1387 2298 1462 2330; x_wconf 86' lang='lat' dir='ltr'>Qua</span> <span class='ocrx_word' id='word_1_474' title='bbox 1474 2296 1536 2328; x_wconf 87' lang='lat' dir='ltr'>tibi</span> 
     </span>
     <span class='ocr_line' id='line_1_94' title="bbox 839 2347 1536 2390; baseline 0 -12"><span class='ocrx_word' id='word_1_475' title='bbox 839 2354 936 2388; x_wconf 83' lang='lat' dir='ltr'>parte</span> <span class='ocrx_word' id='word_1_476' title='bbox 950 2358 1033 2388; x_wconf 78' lang='lat' dir='ltr'>opus</span> <span class='ocrx_word' id='word_1_477' title='bbox 1051 2353 1115 2388; x_wconf 82' lang='lat' dir='ltr'>est,</span> <span class='ocrx_word' id='word_1_478' title='bbox 1129 2348 1262 2389; x_wconf 82' lang='lat' dir='ltr'>Lesbia,</span> <span class='ocrx_word' id='word_1_479' title='bbox 1277 2349 1378 2379; x_wconf 84' lang='lat' dir='ltr'>sumis</span> <span class='ocrx_word' id='word_1_480' title='bbox 1393 2347 1536 2390; x_wconf 61' lang='lat' dir='ltr'>aquam?</span> 
     </span>
     <span class='ocr_line' id='line_1_95' title="bbox 840 2400 960 2431; baseline 0.017 -3"><span class='ocrx_word' id='word_1_481' title='bbox 840 2400 960 2431; x_wconf 78' lang='lat' dir='ltr'>Cluver.</span> 
     </span>
    </p>

    <p class='ocr_par' dir='ltr' id='par_1_25' title="bbox 837 2448 1537 2842">
     <span class='ocr_line' id='line_1_96' title="bbox 882 2448 1536 2490; baseline 0 -11"><span class='ocrx_word' id='word_1_482' title='bbox 882 2450 971 2489; x_wconf 79' lang='lat' dir='ltr'>Soepe</span> <span class='ocrx_word' id='word_1_483' title='bbox 996 2450 1114 2480; x_wconf 74' lang='lat' dir='ltr'>lavanti</span> <span class='ocrx_word' id='word_1_484' title='bbox 1139 2450 1249 2480; x_wconf 82' lang='lat' dir='ltr'>Nudus</span> <span class='ocrx_word' id='word_1_485' title='bbox 1274 2452 1306 2480; x_wconf 76' lang='lat' dir='ltr'>in</span> <span class='ocrx_word' id='word_1_486' title='bbox 1328 2450 1469 2490; x_wconf 72' lang='lat' dir='ltr'>argento]</span> <span class='ocrx_word' id='word_1_487' title='bbox 1492 2448 1536 2479; x_wconf 85' lang='grc' dir='ltr'>Α-</span> 
     </span>
     <span class='ocr_line' id='line_1_97' title="bbox 838 2501 1534 2543; baseline -0.003 -11"><span class='ocrx_word' id='word_1_488' title='bbox 838 2502 1023 2543; x_wconf 83' lang='lat' dir='ltr'>quaiiolum</span> <span class='ocrx_word' id='word_1_489' title='bbox 1054 2506 1090 2532; x_wconf 90' lang='lat' dir='ltr'>et</span> <span class='ocrx_word' id='word_1_490' title='bbox 1120 2501 1335 2532; x_wconf 86' lang='lat' dir='ltr'>Balnearium</span> <span class='ocrx_word' id='word_1_491' title='bbox 1366 2501 1534 2531; x_wconf 80' lang='lat' dir='ltr'>servulum</span> 
     </span>
     <span class='ocr_line' id='line_1_98' title="bbox 837 2550 1534 2592; baseline -0.001 -11"><span class='ocrx_word' id='word_1_492' title='bbox 837 2552 942 2582; x_wconf 82' lang='lat' dir='ltr'>fuisse</span> <span class='ocrx_word' id='word_1_493' title='bbox 957 2552 1078 2583; x_wconf 88' lang='lat' dir='ltr'>innuit.</span> <span class='ocrx_word' id='word_1_494' title='bbox 1124 2552 1275 2582; x_wconf 84' lang='lat' dir='ltr'>Eunuchi</span> <span class='ocrx_word' id='word_1_495' title='bbox 1290 2550 1443 2592; x_wconf 67' lang='lat' dir='ltr'>prat-fecti</span> <span class='ocrx_word' id='word_1_496' title='bbox 1459 2550 1534 2580; x_wconf 85' lang='lat' dir='ltr'>Bal-</span> 
     </span>
     <span class='ocr_line' id='line_1_99' title="bbox 839 2599 1536 2633; baseline -0.004 -1"><span class='ocrx_word' id='word_1_497' title='bbox 839 2602 911 2632; x_wconf 87' lang='lat' dir='ltr'>neis</span> <span class='ocrx_word' id='word_1_498' title='bbox 924 2602 1151 2633; x_wconf 65' lang='lat' dir='ltr'>muliebribus.</span> <span class='ocrx_word' id='word_1_499' title='bbox 1184 2604 1351 2632; x_wconf 68' lang='lat' dir='ltr'>Caeterum</span> <span class='ocrx_word' id='word_1_500' title='bbox 1364 2599 1536 2630; x_wconf 83' lang='lat' dir='ltr'>Balnearii</span> 
     </span>
     <span class='ocr_line' id='line_1_100' title="bbox 838 2649 1537 2689; baseline -0.004 -6"><span class='ocrx_word' id='word_1_501' title='bbox 838 2652 926 2683; x_wconf 84' lang='lat' dir='ltr'>servi</span> <span class='ocrx_word' id='word_1_502' title='bbox 965 2653 1053 2683; x_wconf 86' lang='lat' dir='ltr'>inter</span> <span class='ocrx_word' id='word_1_503' title='bbox 1088 2651 1247 2682; x_wconf 68' lang='lat' dir='ltr'>vilissima</span> <span class='ocrx_word' id='word_1_504' title='bbox 1281 2649 1537 2689; x_wconf 88' lang='lat' dir='ltr'>mancipiorum.</span> 
     </span>
     <span class='ocr_line' id='line_1_101' title="bbox 841 2699 1532 2743; baseline -0.006 -9"><span class='ocrx_word' id='word_1_505' title='bbox 841 2704 947 2734; x_wconf 89' lang='lat' dir='ltr'>Erant</span> <span class='ocrx_word' id='word_1_506' title='bbox 964 2703 1065 2743; x_wconf 88' lang='lat' dir='ltr'>quiin</span> <span class='ocrx_word' id='word_1_507' title='bbox 1087 2701 1213 2731; x_wconf 84' lang='lat' dir='ltr'>balneis</span> <span class='ocrx_word' id='word_1_508' title='bbox 1231 2700 1435 2739; x_wconf 57' lang='lat' dir='ltr'>potissimam</span> <span class='ocrx_word' id='word_1_509' title='bbox 1453 2699 1532 2730; x_wconf 83' lang='lat' dir='ltr'>vitae</span> 
     </span>
     <span class='ocr_line' id='line_1_102' title="bbox 840 2748 1536 2793; baseline -0.006 -10"><span class='ocrx_word' id='word_1_510' title='bbox 840 2753 1050 2793; x_wconf 84' lang='lat' dir='ltr'>voluptatem</span> <span class='ocrx_word' id='word_1_511' title='bbox 1066 2755 1254 2790; x_wconf 89' lang='lat' dir='ltr'>ponerent:</span> <span class='ocrx_word' id='word_1_512' title='bbox 1280 2748 1370 2789; x_wconf 85' lang='lat' dir='ltr'>quod</span> <span class='ocrx_word' id='word_1_513' title='bbox 1384 2753 1419 2780; x_wconf 86' lang='lat' dir='ltr'>et</span> <span class='ocrx_word' id='word_1_514' title='bbox 1433 2749 1536 2780; x_wconf 87' lang='lat' dir='ltr'>Sene-</span> 
     </span>
     <span class='ocr_line' id='line_1_103' title="bbox 840 2799 1363 2842; baseline -0.002 -10"><span class='ocrx_word' id='word_1_515' title='bbox 840 2811 882 2833; x_wconf 87' lang='lat' dir='ltr'>ca</span> <span class='ocrx_word' id='word_1_516' title='bbox 897 2801 977 2832; x_wconf 87' lang='lat' dir='ltr'>alibi</span> <span class='ocrx_word' id='word_1_517' title='bbox 993 2799 1223 2842; x_wconf 85' lang='lat' dir='ltr'>reprehendit.</span> <span class='ocrx_word' id='word_1_518' title='bbox 1247 2799 1363 2831; x_wconf 76' lang='lat' dir='ltr'>Barth.</span> 
     </span>
    </p>
   </div>
  </div>
 </body>
</html>
