1852 3182
520 200 570 229 IN
608 198 838 229 RUFINUM
874 198 966 227 [AB.
1002 198 1032 228 1.

45 308 187 330 excusso
215 302 312 330 sonat
331 298 450 329 Tou-tus
476 292 633 333 flagello)
678 293 747 324 Sed

47 350 136 381 aliud
163 355 215 381 est
241 349 317 380 torti
332 355 461 386 angues,
485 345 575 375 aliud
593 344 747 374 cortinia-

45 404 114 431 tus:
133 401 216 431 nihil
231 400 332 439 igitur
344 396 553 427 mutandum.
575 396 620 424 D.
637 394 748 425 Heius.

89 453 130 482 63
153 451 273 489 Anceps
287 450 386 478 mutus
401 445 484 485 erut]
510 445 560 475 Ex
579 444 722 474 Marone
738 454 744 473 :

46 502 54 518 ‘
71 500 244 531 Scinditur
269 498 437 528 incertum
462 494 575 526 studia
604 495 637 525 iu
668 504 748 525 con-

49 550 151 582 trariu
168 547 313 589 vulgus.'

87 603 130 631 69
151 596 474 636 Ditisjuratuentur]
492 596 581 629 Quia
596 596 658 626 sub
675 596 748 636 ejus

44 649 187 688 imperio
205 648 254 678 vis
270 657 386 679 eorum
404 646 594 678 constabat.
632 645 748 677 Barth.

87 699 176 729 Ditis
196 698 275 736 jura
301 697 442 737 tuentur]
478 697 533 728 Sic
563 696 746 727 Lucensis:

44 748 100 779 alii
118 748 215 778 multi
232 758 274 778 ex
291 747 485 778 melioribus
501 750 621 777 tuetur.
670 746 748 776 Vul-

44 798 114 839 gatl
132 798 240 830 minus
256 798 343 829 bene
362 801 497 837 veretur,
509 797 670 838 quicquid
684 796 750 827 dis-

43 849 145 879 sentit
161 849 213 879 vir
234 849 377 880 doctus:
404 852 549 879 verentur
577 847 750 878 Farnesia-

43 908 116 930 nus.
142 900 236 931 Naso
259 901 280 931 l.
297 909 352 931 ιιι.
370 899 485 930 Amor.
518 899 568 930 El.
585 901 616 929 l.
653 900 662 915 ‘
679 898 750 928 vul-

44 955 167 991 tusque
183 960 321 982 severos
339 951 454 981 Exue:
480 959 543 980 nec
560 949 658 989 rigidi
670 949 751 989 jura

44 1006 140 1032 tuere
170 1001 232 1031 viri
247 1001 265 1031 :’
288 1001 336 1032 sic
359 1002 456 1040 legem
481 999 646 1037 defendere
674 999 749 1029 Val.

48 1052 161 1083 Flacc.
179 1052 234 1082 lib.
254 1061 276 1082 1.
309 1053 317 1068 ‘
333 1051 518 1092 AEquorcos
546 1054 644 1080 vocat
669 1059 750 1080 ecce

44 1102 124 1132 deos
144 1103 326 1141 Neptunus
349 1107 384 1132 et
405 1102 522 1141 ingens
535 1099 724 1131 Concilium
742 1109 748 1129 :

44 1151 191 1183 fremere
209 1157 244 1182 et
261 1152 369 1192 legem
394 1150 582 1183 defendere
614 1150 751 1181 euncti.’

44 1202 87 1234 D.
106 1202 216 1233 Heius.

86 1255 128 1284 70
154 1253 367 1293 Dtssensuque
382 1253 479 1283 alitur
491 1251 610 1291 rumor]
643 1252 750 1282 Sonus

44 1304 211 1345 quispiam
247 1304 487 1341 tumultuosus,
534 1312 596 1333 nec
634 1302 751 1333 distin-

45 1354 199 1395 guendus
216 1354 352 1391 auditn;
378 1353 513 1394 qualem
539 1353 625 1383 scite
651 1353 751 1383 maris

46 1404 235 1436 tumoribus
252 1415 328 1435 mox
347 1408 470 1444 aequat.
517 1403 579 1433 Est
606 1412 684 1442 ergo
700 1412 751 1432 ru-

43 1466 110 1486 mor
136 1455 300 1486 obscurus
319 1454 454 1495 quidam
483 1454 649 1493 strepitus
677 1453 751 1484 abs-

45 1515 112 1546 que
130 1505 235 1536 certis
253 1505 392 1536 vocibus
410 1503 608 1534 andiendus.
634 1504 751 1534 Barth.

90 1558 129 1587 71
161 1556 319 1595 lmpucatu
356 1556 442 1595 quies
475 1554 607 1593 Pelagi]
648 1554 752 1586 Quies

48 1606 231 1648 quaepiam,
247 1616 346 1647 qnam
364 1611 477 1636 tamen
503 1615 635 1645 pacem,
652 1614 752 1643 paca-

47 1661 182 1697 tamque
200 1655 314 1687 dicere
332 1665 398 1686 non
415 1656 539 1696 possis,
552 1655 752 1694 ob-pelagus

45 1706 225 1746 incertum,
248 1705 340 1746 quod
358 1715 435 1736 mox
453 1704 634 1745 proverbio
656 1709 754 1735 extu-

47 1757 89 1788 lit
121 1755 241 1788 ‘flavis
272 1756 435 1787 incertius
467 1754 590 1786 undis!
633 1754 690 1786 Sic
717 1759 753 1786 et

46 1807 139 1849 apud
177 1808 301 1839 Horat.
347 1808 355 1824 ‘
372 1807 515 1847 Magnas
546 1807 636 1837 inter
672 1815 754 1847 opes

48 1858 171 1900 inops.’
219 1858 335 1890 Barth.

90 1910 234 1941 flamine
242 1909 365 1951 fracto]
398 1908 455 1939 Ita
480 1908 671 1949 Cujaciani,
701 1907 756 1939 Al·

49 1959 133 2000 diui,
146 1960 354 1999 Bentiuiani,
372 1958 685 2000 Lugdunensesque
700 1968 756 1989 au-

50 2010 145 2051 tiqui.
189 2010 270 2040 Tres
301 2019 382 2041 vero
409 2010 539 2050 Belgae,
563 2010 756 2047 Delrianus,

50 2062 247 2102 Nosterque
265 2060 413 2101 flumine.
443 2061 612 2098 Lucanus,
630 2060 716 2091 libro
733 2070 756 2092 1.

50 2111 162 2142 ‘molli
182 2116 251 2141 turn
266 2115 392 2142 caetera
406 2111 534 2152 rumpit
547 2111 660 2142 Turba
674 2111 759 2141 vado

54 2161 156 2193 fracti
194 2160 314 2192 faciles
338 2161 411 2202 jam
441 2159 589 2192 fluminis
627 2161 758 2192 undas.’

50 2212 177 2245 Nescio
194 2216 307 2243 tamen
325 2221 366 2242 an
385 2221 446 2252 pro
475 2221 636 2253 aeqnoreo
654 2210 760 2243 fluctu

50 2263 197 2295 voluerit
215 2262 338 2303 flumen
370 2262 498 2294 dicere.
545 2263 661 2295 Quare
678 2262 760 2293 alte-

52 2323 126 2345 rum
143 2314 271 2345 malim.
317 2313 416 2344 Idem.

93 2367 135 2396 72
159 2365 318 2406 Saevitque
334 2363 453 2404 tumor]
478 2363 658 2405 Relliquiae
677 2368 760 2394 tem-

53 2415 196 2456 pestatis
212 2415 245 2446 in
259 2415 422 2446 immenso
438 2424 575 2455 aequore
592 2419 670 2455 post
686 2424 760 2445 eam

51 2469 184 2497 tumore
220 2465 380 2507 quopiam
407 2465 576 2496 saevitiam
609 2466 762 2506 praeteri-

55 2520 124 2547 tam
160 2514 361 2547 referentes.
407 2516 463 2547 Sic
500 2519 601 2547 tumor
631 2517 763 2557 oequoris

54 2566 219 2606 praedixit
238 2571 494 2607 tempestatem.
533 2567 632 2597 Idem.

101 2615 300 2657 nubiumque
329 2627 386 2657 per
423 2617 549 2657 aestum]
586 2616 761 2647 Incertum

57 2663 150 2695 velut
179 2671 334 2705 resurgat
359 2675 402 2697 an
429 2666 585 2697 considat
611 2667 762 2706 penituS.

54 2714 182 2756 Virgil.
206 2715 334 2757 Geor-g.
352 2725 376 2750 1.
400 2719 408 2735 ‘
425 2717 515 2749 Hinc
538 2722 764 2759 tempestates

1387 190 1405 229 1
1416 189 1499 231 2:37

798 292 902 322 «lubio
936 300 1148 332 praenoscere
1179 293 1264 322 coelo
1293 292 1499 326 Possumus!

799 344 898 374 Idem.

841 399 881 426 73
912 395 1053 434 1'⁷estig·ia
1080 393 1178 434 venti]
1214 393 1408 434 Relliquiae,
1428 395 1503 426 ulti·

798 456 851 476 ma
869 446 1006 477 indicia.
1034 447 1130 476 Idem.

841 498 881 525 75
907 496 1017 526 Animi
1032 495 1180 535 prosumus
1196 493 1298 533 error]
1337 494 1422 523 Cum
1438 494 1505 524 ani-

798 555 870 575 mus
885 547 964 577 sede
989 557 1048 576 sna
1072 552 1180 576 motus
1198 549 1290 575 errat
1307 543 1505 582 velut,nihil

800 605 910 637 neque
928 602 1082 627 sanctum
1108 605 1216 637 neque
1246 593 1423 635 profanum
1444 603 1506 624 aes·

801 646 908 677 tinnit.
954 647 1059 677 Error
1076 647 1190 683 animi,
1208 645 1350 675 insania.
1376 644 1475 675 Idem.

841 699 883 728 76
907 697 1033 738 Spumis
1063 696 1252 736 furialibus]
1290 697 1298 712 ‘
1318 695 1372 726 Ira
1412 694 1505 726 furor

799 748 912 779 brevis
940 748 1024 786 est3'
1059 749 1101 779 ‹le
1119 758 1185 789 quo
1213 746 1310 778 iufra.
1355 745 1506 786 Spumdre

801 799 1039 830 iracundorum
1058 799 1091 830 in
1105 798 1267 830 extremis
1282 797 1388 828 furiis.
1427 797 1507 828 Gel-

800 849 874 888 lius,
909 859 933 880 1.
968 859 1068 881 xxvi.
1117 851 1250 890 ‘noque
1290 849 1322 879 in
1354 857 1506 888 spumam

802 900 1025 940 ruboremque
1062 898 1260 938 effervesco,
1298 908 1409 939 neque
1449 908 1509 938 pu-

801 950 913 981 denda
943 951 1018 981 dico
1058 955 1117 981 aut
1158 949 1365 991 poenitenda,
1395 958 1507 989 neque

801 1000 936 1031 omuino
964 1000 1098 1040 trepido
1127 1000 1176 1030 ira
1205 1005 1262 1030 aut
1290 999 1412 1039 gestio,
1435 999 1507 1029 haec

802 1050 893 1080 enim
923 1051 1046 1087 onmia,
1074 1049 1100 1079 si
1129 1050 1278 1089 ignoras,
1306 1050 1403 1089 signa
1434 1057 1509 1079 esse

801 1099 927 1130 irarum
955 1098 1089 1131 solent.'
1136 1100 1235 1130 Idem.

843 1153 884 1181 78
908 1149 1135 1190 Illicitumque]
1171 1149 1250 1181 Nou
1272 1148 1426 1179 hostilem
1450 1146 1509 1179 sed

800 1200 998 1232 amicornm.
1042 1201 1143 1232 Idem.

844 1253 886 1281 79
913 1251 1037 1282 Terruit
1066 1251 1215 1281 Herculis
1241 1250 1313 1290 ora]
1355 1249 1509 1290 Megaera

802 1301 965 1332 insaniam
980 1302 1150 1332 movebat.
1196 1301 1293 1332 Idem.

845 1356 886 1383 80
910 1353 955 1382 Et
971 1351 1159 1391 defensores]
1197 1352 1253 1382 Ita
1268 1361 1344 1382 cum
1363 1349 1510 1382 Lucensi

803 1403 891 1433 malo
916 1412 1016 1443 qnam
1044 1402 1143 1433 Hcec:
1179 1402 1220 1432 de
1248 1401 1400 1432 Hercule
1421 1400 1511 1431 enim

803 1452 914 1483 adhuc
933 1462 1056 1484 sermo.
1086 1454 1152 1483 l’ro
1175 1452 1288 1490 Taedoe,
1304 1451 1414 1482 Thebae
1431 1460 1509 1482 mox

804 1512 879 1532 cum
899 1503 1007 1542 primo
1024 1503 1190 1533 Vaticano
1209 1506 1354 1543 quatuor
1370 1500 1509 1542 scripti:

804 1553 904 1582 male.
953 1553 994 1583 D.
1010 1553 1122 1583 Heirm.

848 1602 1034 1640 Defensores
1047 1601 1218 1641 terrarum]
1236 1602 1382 1632 Omnem
1397 1601 1513 1632 orbem

806 1657 970 1683 terrarum
999 1652 1136 1692 pacavit
1156 1651 1335 1681 Hercules.
1374 1651 1492 1681 Barth.

847 1702 986 1742 Polluit]
1025 1702 1227 1733 Parricidio.
1272 1701 1361 1732 Vide
1378 1701 1517 1742 Euripi·

806 1753 883 1784 dem
900 1759 934 1784 et
949 1753 1114 1783 Senecam
1129 1752 1162 1782 in
1180 1752 1343 1783 Furente.

850 1806 889 1835 81
918 1803 1048 1844 Spicula
1072 1802 1210 1843 dextrae]
1245 1801 1409 1833 Athamas
1429 1802 1515 1833 The-

807 1854 927 1885 barum
945 1863 1019 1893 rex,
1041 1853 1159 1893 primis
1184 1853 1314 1893 nuptiis
1335 1852 1517 1893 Nephelen

809 1905 919 1944 duxit,
947 1914 990 1935 ex
1015 1914 1082 1945 qua
1111 1903 1263 1944 suscepit
1289 1903 1463 1944 Phryxum
1481 1909 1518 1934 et

810 1956 936 1987 Hellen
952 1966 959 1986 :
986 1965 1027 1986 ea
1040 1963 1122 1985 vero
1135 1953 1272 1984 dimissa
1288 1953 1352 1984 Ino
1376 1962 1518 1984 uxorem

809 2006 916 2046 cepit,
933 2015 1010 2047 quae
1036 2004 1084 2036 illi
1109 2003 1246 2045 peperit
1272 2003 1459 2034 Learchum
1483 2008 1520 2034 et

811 2057 1058 2095 Palaemonem,
1074 2065 1217 2096 quorum
1235 2054 1380 2095 primum
1401 2052 1519 2084 furens

811 2105 1008 2145 interfecit3
1032 2107 1179 2137 alterum
1206 2105 1307 2135 simili
1335 2103 1407 2135 fato
1422 2102 1520 2135 func-

812 2162 918 2197 turus,
942 2157 1005 2187 nisi
1022 2167 1097 2188 cum
1125 2166 1166 2187 eo
1194 2160 1304 2186 mater
1330 2155 1393 2186 Ino
1416 2153 1522 2195 fugis-

813 2212 884 2240 set:
910 2208 971 2239 sed
999 2208 1047 2238 nil
1071 2217 1157 2248 opus
1185 2207 1218 2237 iu
1244 2211 1380 2237 renota
1403 2205 1519 2237 immo-

812 2260 893 2290 rari.
940 2260 1029 2291 Stat.
1046 2259 1105 2290 lib.
1123 2267 1163 2290 11.
1178 2258 1272 2299 Sylv.
1291 2261 1321 2288 1.
1368 2261 1376 2274 ‘
1389 2256 1518 2288 Torvus

812 2311 922 2342 adhuc
946 2310 1109 2342 Athamas
1134 2310 1271 2341 insanos
1295 2307 1452 2340 flecteret
1469 2317 1521 2338 ar-

810 2361 905 2392 cusz'
929 2366 964 2392 et
980 2360 1039 2392 lib.
1067 2360 1170 2391 Theb.
1186 2360 1294 2401 princ.
1323 2359 1391 2392 Qui
1417 2359 1518 2400 plura

813 2411 923 2452 (iupis,
960 2411 1080 2442 evolve
1122 2410 1238 2442 Natal.
1275 2410 1372 2442 Com.
1410 2417 1456 2440 v1.
1487 2409 1521 2440 9.

814 2462 992 2502 Dempster.

856 2513 998 2554 Spicula]
1044 2513 1157 2545 Nullis
1190 2510 1389 2551 ambagibus
1423 2518 1521 2550 opuS.

813 2563 903 2594 Vide
921 2563 1098 2602 Ovidium,
1119 2563 1144 2594 l.
1162 2571 1226 2602 lv„
1239 2564 1304 2592 &m
1350 2558 1520 2598 Intelligit

814 2615 959 2654 sagittas
977 2614 1098 2656 quibus
1120 2613 1297 2655 conjugem
1322 2611 1517 2649 liberosque

815 2665 961 2706 peremit
989 2664 1166 2697 Athamas,
1211 2664 1303 2703 Lege
1330 2657 1518 2700 Apollodo-

815 2725 902 2756 rum,
933 2715 993 2747 lib.
1022 2724 1048 2746 1.
1086 2713 1275 2755 Hyginum,
1309 2709 1516 2746 Scholiastas
