1851 3213
279 161 393 203 1240

280 265 363 297 satis
380 265 423 296 ad
439 265 565 307 cultus,
586 269 651 298 διε.
664 266 777 308 jussi.‘
802 267 921 299 Barth.

324 319 385 347 104
410 317 534 354 Maiore
560 317 632 358 siti]
656 317 825 350 Avaritia.
863 319 986 349 Maro:

279 368 289 385 ⁴
303 367 377 399 auri
398 377 495 399 sacra
509 367 640 400 fames.'
675 368 792 399 Infra:
817 369 826 386 ⁴
848 369 987 400 Cresce-

277 418 338 451 bat
353 419 521 450 scelerata
545 419 634 458 sitis,
654 419 851 460 praedaeque
872 427 990 450 reccu-

279 470 324 502 tis
339 469 498 501 Incestus
514 469 684 509 flagrabat
701 469 830 501 Amor?

323 522 385 550 105
413 518 598 558 Unanimes]
623 520 776 551 Quorum
792 528 858 549 una
881 518 990 549 anima

279 570 315 601 in
327 570 460 601 duobus
476 570 675 611 corporibus
690 569 808 600 divisa.
839 569 930 600 Sane
946 569 988 600 ad

280 621 538 661 exprimendam
565 630 681 652 veram
709 619 893 652 amicitiam
922 630 989 651 uno

280 671 345 702 hoc
368 671 535 702 vocabulo
563 672 676 703 omnia
700 671 870 703 Latinitas
899 681 990 701 com-

279 722 384 762 plexa
399 727 464 762 est,
489 732 633 763 eamque
656 723 787 763 pariter
801 733 925 763 magna
942 724 990 753 vis

282 773 487 813 scriptorum
504 773 683 812 expressit.
709 773 827 803 Barth.

326 826 389 854 106
416 823 523 853 Talem
535 822 701 862 progenies
716 822 887 863 hominum]
922 823 991 853 Ho-

281 873 394 905 minem
417 872 595 904 nonnulli:
620 871 711 913 quod
736 872 898 904 Barthius
923 883 991 904 am-

284 925 404 965 plexus
419 927 484 955 est.
509 924 553 955 D.
571 923 687 955 Heius.

329 977 390 1005 107
415 974 596 1005 Pirithoum
611 973 746 1013 fugeret
765 973 908 1014 Theseus,
924 975 994 1016 ξω]

284 1026 417 1058 Horum
433 1026 617 1067 disjunctio
636 1026 931 1058 monstrosissimis
945 1028 993 1058 in-

285 1078 394 1118 geniis
424 1077 642 1108 adscribitur.
677 1077 863 1117 Martialis,
889 1079 910 1109 l.
927 1087 991 1109 vu.

287 1127 497 1168 Epigramm.
513 1131 568 1160 23.
610 1128 685 1159 ‘Te
714 1127 866 1169 fingente
892 1128 992 1160 nefas

286 1178 440 1218 Pyladen
466 1179 596 1210 odisset
617 1179 774 1220 Orestes,
789 1180 922 1211 Thesea
936 1181 993 1211 Pi-

286 1229 391 1262 ritiio'l'
408 1230 623 1261 destituisset
651 1230 779 1261 Amor?
822 1230 995 1262 Ausonius

287 1281 331 1312 ad
367 1281 528 1314 Pontium
564 1281 760 1321 Paulinum,
803 1282 915 1322 Epist.
942 1286 995 1315 24.

287 1333 296 1348 ‘
313 1331 437 1372 Impie,
453 1331 612 1362 Pirithoo
636 1331 834 1371 disjungere
860 1333 996 1364 Thesea

286 1391 417 1422 posses,
435 1382 691 1422 Euryalumque
718 1392 779 1413 suo
802 1383 929 1414 socium
946 1394 997 1415 se·

288 1441 433 1463 cernere
459 1432 556 1464 Niso.
600 1433 653 1463 Te
676 1433 844 1465 suadente
869 1432 998 1475 fugam,

287 1482 439 1525 Pylades
455 1483 611 1524 liquisset
638 1482 813 1524 Orestem,
830 1484 906 1515 Nec
923 1494 998 1515 cus-

288 1534 434 1566 todisset
459 1534 595 1566 Siculus
620 1534 814 1567 vadimonia
837 1534 998 1568 Damon:

289 1584 407 1618 Barth.

333 1637 397 1666 109
421 1634 619 1675 Rabidoque]
657 1635 887 1667 Consentiunt
917 1635 999 1667 libri

290 1694 408 1717 omues
440 1686 550 1726 rapido
586 1686 829 1718 scribendum:
869 1688 1000 1728 rapaci,

289 1734 392 1775 igneo
418 1735 524 1773 velut,
553 1740 657 1776 atque
680 1736 722 1767 ad
754 1736 1000 1776 prehendenda

289 1785 381 1820 mala
408 1785 596 1826 nimiopere
633 1786 738 1817 celeri
769 1790 873 1828 atque
905 1792 998 1828 apto.

290 1835 410 1867 Barth.
641 1858 646 1863 -

336 1886 533 1927 Rabidoque]
567 1886 781 1919 Membranae
821 1889 1000 1930 rapidoque,

291 1938 355 1969 hoc
374 1942 437 1978 est,
459 1948 592 1969 omnem
617 1938 651 1970 in
674 1943 807 1979 partem
830 1939 949 1971 mobili
963 1944 1000 1971 et

292 1989 466 2029 expedito.
490 1989 615 2020 DeIrio.

337 2042 400 2070 110
424 2040 517 2080 Plus]
540 2040 693 2080 Diutius,
707 2042 867 2083 amplius.
883 2043 1000 2075 Barth.

338 2093 397 2121 111
424 2091 516 2122 Solus
535 2091 627 2122 habet
645 2093 812 2133 scelerum]
844 2093 930 2124 Haec
958 2093 1001 2125 de

294 2141 418 2175 Rufino
448 2142 592 2183 capitali
630 2143 826 2175 Stilichonis
863 2146 1002 2186 patroni

294 2192 344 2224 s'ui
361 2192 510 2224 inimico.
533 2194 651 2226 Barth.

339 2245 402 2274 112
424 2244 642 2285 Accommoda]
685 2245 804 2287 Utilis,
841 2246 1004 2289 proficua,

296 2294 531 2333 acceptabilis.
588 2296 802 2329 Glossarium
841 2299 1004 2331 Philoxe-

296 2343 346 2374 ni:
364 2345 724 2387 accommodatissimum,
739 2347 1004 2386 ἐπιτηδειότατον.

297 2394 417 2428 Barth.

342 2447 403 2476 113
428 2445 580 2485 Regalem
592 2449 632 2479 ad
647 2448 774 2488 summi]
799 2450 927 2481 Versus
943 2450 1004 2482 mi-

298 2493 393 2527 rifice
429 2495 479 2526 rei
515 2497 729 2537 majestatem
765 2499 1003 2539 spondaeorum

300 2546 469 2587 gravitate
495 2551 531 2578 et
554 2548 787 2580 concinnitate
813 2549 906 2580 lente
930 2559 1005 2590 pro-

301 2596 496 2628 cedentium
543 2597 750 2639 syllabarum
799 2599 1005 2640 exprimens.

302 2647 398 2681 Bart.

344 2698 519 2732 Producam
537 2698 692 2740 principis
705 2700 823 2741 aulam]
846 2701 924 2732 Non
936 2711 1007 2742 per-

302 2749 433 2782 ducam:
463 2749 513 2780 ita
541 2750 621 2787 olim
651 2751 886 2791 conjeceram:
928 2762 1007 2783 con-

302 2799 440 2833 firmant
455 2799 521 2834 duo
538 2800 688 2834 Medicei
716 2812 793 2834 cum
819 2803 927 2845 primo
943 2803 1008 2836 Va-

529 172 674 203 NOTAE
707 172 976 204 VARIORUM
1009 172 1062 204 IN
1095 174 1171 207 CL.
1205 173 1388 206 CLAUD.
1421 174 1495 205 111.

1038 267 1149 299 ticano
1161 273 1195 300 et
1208 268 1533 310 Rottendorphiano.
1552 271 1741 315 Producam,

1038 320 1256 359 promovebo.
1303 320 1423 351 Cicero
1451 330 1513 361 pro
1540 322 1639 357 domo
1661 333 1742 356 sua:

1039 370 1047 385 ‘
1063 368 1171 401 Quem
1185 374 1220 400 tu
1235 379 1300 400 non
1313 380 1372 411 pro
1387 370 1475 401 illius
1486 371 1654 412 dignitate
1666 383 1744 414 pro-

1039 419 1197 462 duxeras,
1219 422 1276 452 sed
1305 432 1366 462 pro
1391 428 1449 453 tuo
1465 423 1595 454 scelere
1619 424 1745 457 subdu·

1038 469 1172 501 xer-as?
1196 476 1311 502 noster
1336 472 1395 504 lib.
1422 482 1447 504 1.
1475 474 1509 504 in
1532 474 1675 516 Eutrop.
1700 475 1745 507 de

1041 520 1283 554 Abundantioz
1318 523 1399 564 ‘qui
1433 523 1534 554 rebus
1559 525 1641 556 Eois
1667 525 1747 556 Exi-

1040 573 1123 603 tium
1140 574 1314 616 primoque
1326 575 1388 606 sibi
1403 576 1564 616 produxit
1576 577 1596 608 ι’
1615 577 1642 608 is
1655 578 1746 610 enim

1039 624 1244 664 Eutropium
1275 623 1500 666 promoverat.
1546 627 1622 659 Lib.
1653 637 1679 660 Ι.
1710 628 1746 660 in

1038 673 1170 704 Stilich.
1194 675 1308 716 ‘cujus
1324 677 1515 717 producere
1538 677 1661 710 famam
1679 678 1748 710 suf—

1039 722 1159 754 ficeret
1170 726 1442 758 natusstilicho!
1459 728 1515 759 Ita
1525 728 1595 759 illic
1606 729 1746 769 scripti:

1036 773 1177 812 proferre
1201 775 1287 806 dixit
1304 777 1392 808 alibi.
1416 780 1424 795 ‘
1438 779 1570 810 Nullius
1588 780 1748 821 Eutropi-

1040 831 1093 861 us,
1107 833 1205 864 quam
1223 825 1280 865 qui
1296 836 1332 857 se
1356 830 1513 869 protulit,
1529 834 1609 861 ante
1625 830 1749 873 Direp-

1043 877 1093 904 tas
1112 875 1268 914 possedit
1284 878 1390 917 opes.'
1413 879 1457 911 D.
1475 880 1591 912 Heius.

1087 928 1148 956 114
1174 927 1431 971 Nmnagravior]
1449 931 1640 966 Martialis:
1664 931 1750 964 ‘Ar-

1046 975 1111 1006 dua
1128 986 1182 1007 res
1199 983 1294 1009 certe
1312 984 1364 1011 est
1389 980 1509 1021 opibus
1528 992 1595 1013 non
1614 983 1751 1017 tradere

1043 1037 1171 1066 mores,
1196 1029 1242 1060 Et
1273 1039 1348 1061 cum
1376 1036 1428 1063 tot
1456 1033 1589 1065 Croesos
1615 1033 1753 1075 viceris,

1044 1087 1118 1108 esse
1138 1079 1306 1111 Numam!

1089 1129 1142 1160 Sis
1153 1131 1280 1171 (lenique
1293 1133 1413 1173 IlIinos]
1436 1133 1477 1164 Τὸ
1490 1135 1620 1176 denique
1635 1135 1750 1176 arguit

1043 1179 1125 1210 nihil
1143 1182 1296 1213 sanctius
1320 1193 1510 1224 superesse.
1557 1186 1613 1216 Sic
1629 1186 1753 1218 Marti-

1045 1231 1129 1262 alis:
1155 1232 1163 1249 ‘
1179 1233 1330 1264 Nasutus
1348 1236 1391 1266 sis
1407 1246 1513 1277 nsque
1526 1237 1623 1277 lieet,
1635 1238 1678 1269 sis
1695 1238 1753 1269 de-

1046 1281 1150 1323 nique
1177 1293 1289 1323 nasus,
1315 1286 1459 1319 Qualem
1486 1288 1637 1320 noluerit
1662 1288 1752 1321 ferre

1046 1337 1184 1371 rogatus
1200 1332 1323 1364 Atlas.'
1367 1336 1427 1366 Nil
1453 1337 1560 1377 majus
1587 1338 1621 1368 in
1639 1348 1753 1370 rerum

1047 1386 1171 1412 natura
1194 1382 1310 1414 dicere
1338 1391 1476 1425 poterat
1502 1397 1602 1428 quam
1630 1389 1754 1420 coelum

1049 1433 1264 1472 immensum,
1276 1434 1456 1467 infinitum.
1503 1439 1559 1469 De
1571 1438 1690 1470 Minoe
1707 1439 1754 1470 vi-

1050 1482 1092 1513 de
1130 1483 1270 1516 brevem
1298 1487 1358 1518 sed
1386 1488 1535 1520 divinum
1572 1489 1754 1531 Dialogum

1052 1534 1223 1567 Platonis.
1247 1537 1365 1569 Barth.

1095 1589 1155 1618 115
1182 1587 1359 1629 flectetur]
1382 1589 1423 1621 In
1440 1589 1642 1624 Avaritiam.

1095 1640 1158 1668 116
1183 1638 1335 1670 Orantem
1351 1641 1490 1681 sequitur
1505 1642 1636 1683 clamor]
1661 1643 1756 1675 Nota

1050 1688 1186 1729 probati
1202 1690 1364 1721 sermonis
1381 1693 1594 1726 acclamatio.
1619 1695 1734 1727 Barth.

1094 1741 1155 1770 117
1182 1740 1354 1772 Porrexere
1366 1744 1488 1785 manus]
1503 1744 1671 1777 Adfectus
1682 1745 1756 1778 fere

1050 1799 1165 1822 omnes
1187 1792 1342 1824 manibus
1368 1796 1539 1834 protentis
1561 1796 1757 1836 significan-

1052 1847 1118 1874 tur.
1179 1843 1350 1884 Lucanus,
1386 1845 1444 1876 lib.
1482 1843 1515 1877 1.'
1546 1846 1755 1879 Pharsaliae:

1051 1893 1061 1909 ‘
1074 1897 1206 1924 cunctae
1224 1893 1323 1924 simul
1338 1904 1514 1926 assensere
1528 1897 1697 1936 cohortes,
1712 1898 1758 1929 E-

1050 1944 1206 1986 latasque
1223 1945 1306 1985 alte‚
1322 1956 1535 1988 quaecunque
1547 1947 1581 1978 in
1598 1947 1686 1980 bella
1699 1958 1758 1980 vo-

1051 2001 1161 2036 caret,
1177 1996 1369 2028 Promisere
1382 1998 1526 2029 manus.'
1556 1998 1761 2040 Xenophon,

1052 2047 1219 2087 Anabasi,
1244 2059 1274 2079 v.
1300 2048 1411 2088 testis,
1429 2059 1547 2081 manus
1569 2051 1761 2092 protensio-

1053 2108 1132 2130 nem
1162 2099 1345 2141 injunctam
1370 2100 1413 2131 ad
1443 2101 1573 2142 signnm
1605 2101 1759 2142 probatae

1055 2150 1234 2182 sententiae
1248 2161 1254 2181 :
1284 2155 1320 2182 et
1335 2151 1514 2192 erigebant
1526 2151 1685 2184 dexteras
1700 2152 1761 2184 mi-

1054 2201 1133 2233 lites
1159 2201 1202 2232 ad
1226 2201 1382 2233 ardorem
1405 2203 1580 2243 pugnandi
1607 2202 1762 2236 indican-

1055 2252 1148 2284 dum.
1172 2253 1287 2285 Barth.

1100 2307 1163 2335 119
1187 2304 1384 2345 Nodavitque
1398 2305 1564 2336 adamante
1579 2303 1695 2344 comas]
1710 2304 1759 2336 Iis

1054 2363 1178 2394 nempe
1193 2364 1277 2395 opus
1305 2356 1432 2387 eratin
1458 2360 1594 2396 tergum
1618 2355 1760 2396 rejectis

1054 2405 1097 2437 ad
1110 2405 1366 2446 expeditionem
1377 2406 1607 2447 cujuscunque
1618 2407 1760 2447 negotii.

1056 2457 1171 2490 Quare
1197 2460 1332 2488 veteres
1366 2462 1460 2488 retro
1491 2456 1626 2488 nodatis
1657 2458 1761 2489 comis

1055 2508 1256 2548 plerumque
1280 2506 1528 2547 procedebant,
1550 2507 1607 2548 qui
1622 2507 1760 2549 quidem

1056 2556 1213 2598 pendulis
1228 2556 1427 2588 utebantur.
1448 2557 1566 2589 Barth.

1101 2606 1298 2647 Nodavitque
1326 2608 1492 2638 adamante
1515 2609 1629 2649 comas]
1654 2609 1763 2642 Nodu-

1057 2661 1179 2698 tamque
1194 2667 1310 2688 comam
1326 2658 1423 2698 prim.
1438 2659 1553 2690 Vatic.
1581 2660 1628 2691 D.
1645 2660 1761 2692 Heius.

1103 2712 1166 2743 120
1189 2709 1314 2750 Poscit]
1348 2709 1404 2740 Ab
1433 2710 1509 2750 ripa
1535 2711 1641 2751 ipsius
1664 2709 1762 2743 fune-

1059 2764 1146 2793 stam
1164 2759 1279 2800 pinum
1296 2760 1417 2800 poscit.
1440 2761 1555 2794 Barth.

1104 2814 1165 2843 122
1189 2811 1347 2853 Pigraque
1370 2811 1501 2852 veloces]
1534 2812 1612 2847 Mos
1636 2812 1762 2846 Poeta-
