1852 3182
584 222 964 254 EPlGRAMMATA.
1387 209 1498 250 1173

43 324 236 379 Virginei
260 330 450 365 tumuere
472 321 610 369 sinus,
632 320 898 372 innuptaque
918 318 1057 356 mater

43 392 220 433 Arcano
241 390 403 442 stupuit
425 387 635 440 compleri
660 386 831 426 viscera
855 387 999 437 partu,

42 458 276 498 Auctorem
293 456 481 507 paritura
504 466 648 493 suum.
713 451 928 491 Mortalia
950 448 1084 491 corda
1440 445 1494 483 10

40 523 262 564 Artificem
285 531 434 561 texere
457 521 561 573 poli,
584 519 824 571 mundique
846 521 1040 571 repertor

42 592 152 631 Pars
174 590 254 629 suit
274 588 448 627 humani
473 587 659 639 generis,
682 586 897 637 latuitque
919 584 1003 623 sub
1025 595 1112 623 uno

41 658 240 704 Pectore,
263 657 339 709 qui
357 660 497 696 totum
518 655 603 694 late
626 653 937 705 complectitur
957 651 1105 690 orbem
1125 662 1136 700 3

45 723 109 773 Et,
130 724 206 777 qui
228 736 314 764 nou
336 724 492 776 spatiis
512 724 652 769 terrae,
674 733 760 760 non
781 718 979 771 aequoris
1000 716 1133 765 unda,

42 790 144 831 Nou
166 792 338 844 capitur
360 792 492 839 coelo,
515 802 678 843 parvos
700 787 914 828 confluxit
935 787 978 826 in
1001 789 1136 826 artus.
1444 784 1500 825 15

39 856 156 907 Quin
177 862 219 898 et
237 858 449 910 mancipii
470 869 642 904 nomen,
665 866 897 907 nexusque
926 852 1097 901 subisti,

36 999 165 1038 tumuit,
187 1002 217 1030 et
234 1003 331 1030 mater
352 1000 482 1039 innupta
499 1000 614 1030 mirata
639 1002 683 1029 est
710 1002 830 1029 uterum
847 1007 942 1027 suurn
960 995 1082 1034 impleri
1098 995 1182 1032 foetu
1203 997 1332 1032 secreto,
1354 994 1500 1033 paritura

35 1045 205 1073 creatorem
220 1053 316 1074 suum.
338 1043 463 1073 Viscera
479 1043 617 1073 ntulieris
639 1041 758 1071 Maria·
773 1043 916 1080 ceperunt
934 1038 1073 1079 opificem
1092 1038 1181 1074 Coeli,
1193 1040 1222 1067 et
1238 1037 1380 1066 conditor
1394 1037 1501 1067 mundi

37 1094 114 1115 unus
132 1085 199 1122 suit
223 1096 260 1116 ex
283 1085 466 1121 hominibus,
487 1088 517 1115 et
533 1084 657 1115 delituit
674 1085 729 1114 sub
755 1084 826 1113 unis
850 1081 1016 1112 visceribus
1040 1081 1110 1117 ille,
1135 1080 1186 1118 qui
1207 1080 1340 1109 contina
1368 1081 1430 1110 late
1455 1082 1500 1109 to-

35 1130 102 1157 tum
118 1130 284 1161 mundum:
308 1131 337 1157 et
363 1130 414 1167 qui
436 1138 495 1158 non
519 1126 787 1167 comprehenditur
816 1125 963 1155 vastitate
986 1126 1091 1158 tcrroe,
1113 1132 1170 1152 non
1197 1123 1287 1161 aquis
1312 1122 1418 1159 maris,
1442 1131 1502 1151 non

32 1170 300 1210 comprehenditur
322 1172 406 1208 coelo,
421 1171 578 1201 descendit
601 1170 634 1199 in
659 1178 768 1210 corpus
792 1168 951 1207 exiguum.
997 1165 1082 1200 Quin
1096 1166 1203 1205 etium,
1220 1164 1367 1202 Christe,
1392 1173 1502 1203 passus

646 1261 881 1273 aeaeaeaeaeaeaeaeaeaeaeae

35 1340 140 1369 marg.
166 1329 282 1361 Parm.
301 1330 408 1362 Gesn.
423 1335 458 1361 et
475 1329 528 1360 ed.
547 1330 685 1370 Bipont.
725 1330 823 1364 Quem
838 1327 928 1358 rer-bo
945 1327 998 1356 vel
1018 1326 1174 1366 Quemque
1188 1328 1276 1356 utero
1293 1325 1358 1355 inc.
1379 1324 1501 1356 Heius.

33 1373 149 1404 lumine
175 1375 238 1402 tiso
266 1378 330 1404 vet.
359 1373 444 1413 Gyr.
481 1375 593 1412 angulo
624 1372 690 1402 duo
718 1372 841 1402 I'etav.
876 1370 986 1408 angelo
1001 1370 1080 1399 Vat.
1099 1378 1168 1400 sec.
1183 1368 1370 1399 Bartholin.
1387 1368 1498 1398 Oisel.

33 1416 140 1453 angele
172 1416 254 1446 Exc.
283 1416 368 1446 Lzrti
397 1421 431 1446 et
460 1416 603 1446 Lucens.
631 1424 684 1454 pr.
721 1415 785 1444 viso
815 1413 894 1443 Vat.
923 1422 972 1452 pr.
997 1411 1068 1442 l'al.
1090 1412 1180 1442 Prie.
1194 1412 1273 1442 Vat.
1290 1415 1368 1441 tert.
1382 1420 1424 1440 in.
1445 1419 1499 1450 pr.

35 1459 126 1488 misso
141 1458 217 1489 Vat.
232 1464 342 1499 quart.
359 1458 478 1489 deerat
497 1468 576 1489 vero
593 1458 646 1488 liic
666 1466 781 1487 versus
798 1455 1134 1486 Me‹l.sec.F10rent.
1149 1455 1232 1484 Exc.
1248 1454 1369 1483 Petav.
1387 1457 1499 1492 quart.

34 1506 69 1531 et
87 1501 196 1531 Oxou.
213 1504 347 1531 sem—8
371 1501 542 1531 intumuere
572 1500 689 1530 Ambr.
715 1509 764 1538 pr.
797 1502 935 1528 tumuere
963 1498 1041 1527 Put.
1070 1497 1190 1527 Petav.
1208 1506 1257 1536 pr.
1275 1496 1356 1526 Exc.
1374 1494 1498 1525 Petav.

33 1547 144 1583 quart.
184 1544 316 1573 timuere
346 1544 466 1573 Petav.
493 1552 559 1573 sec.
586 1542 705 1572 Ambr.
733 1551 782 1580 pr.
811 1551 853 1571 m.
882 1549 933 1579 pr.
952 1546 1019 1569 vet.
1039 1540 1122 1578 Gyr.
1161 1542 1285 1568 tenuere
1301 1538 1497 1567 ()x0n.sec.

31 1588 158 1625 patuere
173 1585 328 1616 Prie—9
352 1585 489 1625 compelli
505 1595 566 1624 pro
580 1584 724 1623 compleri
741 1583 825 1613 (jod.
854 1582 1131 1612 Bartholiu.—10
1155 1581 1301 1610 Actorem
1326 1581 1405 1610 Vat.
1427 1589 1497 1610 sec.

36 1627 109 1658 Pal.
135 1628 229 1658 Med.
263 1637 313 1666 pr.
346 1629 411 1658 inc.
441 1628 561 1658 Heius.
594 1627 719 1657 Moret.
748 1635 796 1665 pr.
820 1623 952 1654 Buslid.
977 1623 1123 1653 mortalia
1138 1623 1271 1652 membra
1287 1628 1356 1652 vet.
1371 1622 1499 1662 Gyn—

35 1672 70 1701 ll
97 1673 202 1701 texere
235 1670 327 1700 Med.
354 1680 403 1710 pr.
428 1671 512 1700 Exc.
540 1670 684 1700 Luceus.
712 1677 761 1707 pr.
800 1676 905 1707 cepere
937 1666 1048 1696 Oxou.
1078 1675 1147 1695 sec.
1173 1664 1288 1702 fudere
1312 1665 1393 1694 Vat.
1417 1668 1497 1694 tert.

32 1711 123 1744 Prie.
154 1713 261 1743 Oisel.
290 1714 442 1743 Floreut.
472 1712 567 1743 Med.
598 1721 664 1742 see.
694 1710 858 1749 mundique
887 1712 1004 1758 regtor
1030 1708 1163 1738 Buslid.
1201 1709 1375 1746 redemptor
1404 1706 1496 1746 conj.

36 1770 243 1802 Heins.—l2
267 1771 403 1811 lavitque
417 1770 472 1801 sub
488 1780 546 1800 uno
564 1769 676 1805 Oxou.
694 1778 762 1799 sec.
798 1767 852 1798 sub
865 1778 924 1799 uno
941 1768 1036 1799 Med.
1055 1771 1167 1808 quart.
1197 1766 1264 1796 inc.
1289 1765 1409 1795 Heius.
1433 1764 1499 1795 Pe-

36 1818 106 1845 tav.
134 1824 201 1845 sec.
234 1815 363 1845 Bonon.
385 1812 500 1844 Ambr.
531 1816 611 1843 tert.
640 1812 766 1842 Moret.
785 1821 834 1851 pr.
862 1811 992 1842 Buslid.
1021 1809 1104 1842 Cod.
1133 1809 1249 1849 Epigr.
1275 1808 1394 1838 Ambr.
1412 1807 1498 1838 Exc.

34 1856 155 1887 Petav.
172 1862 281 1898 quart.
311 1857 456 1886 Luceus.
485 1865 536 1895 pr.
569 1854 739 1885 Ald.Var.
766 1854 837 1884 LL.
866 1864 883 1883 e
904 1864 1010 1893 marg.
1039 1853 1244 1883 Parim—13
1268 1851 1500 1881 totum...latum

35 1899 253 1931 Bastia—111
276 1899 377 1939 spatio
408 1898 516 1929 Oisel.
547 1897 658 1928 Oxou.
689 1899 843 1927 see—15
869 1896 942 1927 Non
968 1897 1091 1936 cupitur
1121 1895 1273 1925 Florent.
1306 1893 1398 1924 Med.
1430 1901 1499 1923 sec.

37 1942 104 1972 Nec
135 1947 203 1973 tres
230 1943 327 1972 Vatt.
351 1942 426 1972 Pal.
463 1941 547 1972 Exc.
577 1940 677 1970 Laeti.
714 1939 846 1978 defluxit
875 1940 1008 1970 Buslitl.
1046 1939 1221 1968 construxit
1258 1936 1353 1967 Med.
1385 1944 1498 1966 sec.—

36 1987 76 2015 16
109 1985 194 2019 Quin
210 1987 240 2015 et
255 1985 440 2024 supplicium
462 1984 541 2014 Vat.
571 1988 651 2013 tert.
678 1982 826 2012 Florent.
849 1982 1032 2022 supplicium
1060 1981 1169 2011 mortis
1195 1979 1288 2010 Prie.
1312 1977 1497 2019 supplicium

33 2036 140 2058 nomen
167 2027 300 2058 Buslid.
336 2027 480 2067 supplicii
512 2026 617 2058 Gesn.
654 2034 765 2055 numen
795 2025 945 2055 Florent.
981 2033 1152 2064 nexumque
1182 2022 1312 2054 Buslid.
1344 2029 1498 2061 noxasque

689 2131 834 2163 NOTAE

75 2221 97 2249 8
120 2217 314 2259 Innuptaque
340 2219 455 2259 mater]
491 2218 589 2249 Falso
611 2217 738 2249 dicitur
793 2222 887 2249 totus
905 2227 969 2248 non
987 2217 1081 2258 capit
1095 2216 1200 2254 orbis,
1222 2215 1264 2246 In
1280 2218 1339 2246 tua
1356 2224 1391 2246 se
1408 2214 1500 2246 clau·

35 2267 189 2309 innupta,
207 2268 285 2309 quia
309 2269 442 2299 scilicet
464 2277 545 2299 vero
568 2268 737 2309 legitimo·
791 2269 836 2300 sit
852 2269 986 2299 viscera
999 2267 1110 2298 factus
1126 2265 1246 2298 homo!

33 2328 98 2360 que
114 2318 319 2350 matrimonii
343 2329 433 2350 nexu
448 2319 555 2359 Virgo
575 2318 738 2358 copulata
836 2322 878 2350 16
901 2317 1072 2358 Mancipii]
1095 2316 1166 2348 Alii
1187 2317 1306 2358 legunt
1331 2315 1498 2358 Supplicii.

35 2374 87 2402 est
113 2371 149 2402 S.
175 2370 349 2411 Joseph03
385 2369 445 2401 sed
468 2369 582 2401 forsan
608 2370 738 2410 innupta
790 2370 932 2402 Servum
963 2369 1129 2408 intellige,
1156 2368 1214 2408 qui
1239 2367 1417 2408 suppliciis
1440 2366 1498 2398 ob-

33 2420 168 2462 dicitur,
200 2423 290 2464 quod
327 2423 493 2454 intactum
520 2421 736 2463 Virginitatis
790 2421 910 2452 noxius
927 2426 993 2460 est,
1018 2423 1054 2451 et
1079 2418 1179 2459 cujus
1194 2417 1303 2449 vicem
1326 2416 1499 2455 sustinuit,

33 2471 150 2504 florem
176 2474 400 2513 conservarit,
427 2483 492 2504 non
517 2483 613 2504 secus
641 2483 680 2504 ac
708 2472 735 2504 si
791 2477 829 2504 ut
843 2482 903 2503 nos
919 2470 1054 2502 liberali
1082 2479 1184 2501 causa
1200 2472 1368 2500 assereret
1385 2477 1496 2499 manu.

34 2521 154 2555 fuisset
169 2524 324 2565 innupta.
790 2523 868 2554 Hoc
893 2530 1031 2553 carmen
1060 2520 1221 2551 Barthius
1244 2518 1404 2550 attribuit
1430 2519 1498 2549 Da-

77 2576 117 2605 10
163 2575 280 2615 Corda]
328 2573 539 2613 Praecordia,
577 2574 735 2604 viscera:
791 2583 883 2605 maso
900 2573 971 2604 viro
987 2572 1110 2610 docto;
1135 2570 1168 2601 id
1183 2569 1257 2601 fieri
1282 2578 1348 2599 non
1369 2567 1495 2599 debere

30 2617 43 2641 ⁸
65 2623 193 2655 Beatus
218 2630 340 2657 venter
365 2625 421 2666 qui
447 2624 597 2666 portavit
622 2623 735 2655 Chris·
791 2623 968 2656 Claverius
985 2626 1098 2662 negat.
1128 2620 1228 2654 Quod
1252 2619 1294 2651 ad
1313 2627 1427 2650 versus
1445 2621 1494 2647 at-

34 2673 130 2713 tum,’
145 2679 180 2706 et
195 2677 294 2716 texit,
307 2677 507 2708 occultavit.
790 2675 891 2713 tinet,
908 2674 930 2704 ii
947 2678 1042 2705 certe
1056 2671 1198 2704 Damasi
1214 2669 1366 2702 versibus
1379 2667 1494 2698 viden-

80 2727 119 2756 15
156 2725 229 2756 Non
249 2727 387 2768 cupit-ur]
422 2727 463 2758 Id
489 2736 614 2768 nempe
641 2725 735 2757 canit
792 2729 846 2757 tur
870 2734 945 2756 esse
969 2723 1217 2756 concinnior-es.
1261 2720 1303 2752 In
1318 2719 1368 2750 his
1384 2717 1493 2748 Poeta

36 2774 214 2808 Ecclesia:
235 2777 245 2794 ‘
263 2776 365 2818 Virgo
382 2777 449 2809 Dei
462 2776 624 2819 genitrix,
634 2786 734 2819 quem
789 2786 852 2816 pro
868 2775 1082 2817 Imperatore
1097 2776 1268 2815 precatur.
