1851 3213
292 200 407 243 1350
529 211 673 243 NOTAE
705 211 970 242 VAmoRUM

294 310 388 347 tone,
404 315 471 348 quo
489 306 734 347 titulojactare
755 316 790 338 se
807 307 917 338 solent
934 306 1001 337 Im-

293 361 473 398 peratores
490 356 699 388 demerendo
725 357 839 388 militi.
883 357 938 388 Sic
956 357 1003 387 vi-

295 408 410 439 cissim
444 408 572 440 milites
612 409 861 439 amantissimos
899 409 1004 440 duces

294 458 560 491 commilitonum
600 459 735 490 nomine
781 459 1004 491 honorabant.

295 509 449 549 Cui-tim,
478 509 536 540 lib.
554 518 609 540 111.
627 510 670 540 de
687 509 886 541 Alexandro
903 511 1005 541 morti

295 560 512 601 propinquo:
543 561 552 578 ‘
569 560 668 590 Illum
696 559 815 591 florem
838 561 1004 601 juveutae‚

295 612 387 643 illam
402 612 470 642 vim
498 611 615 649 animi,
645 611 790 642 eundem
819 611 951 652 Regem
969 615 1005 642 et

297 662 570 694 Commilitonem
588 661 703 691 divelli
726 671 744 691 a
771 671 806 691 se
824 665 858 691 et
875 661 1006 701 abripi.’

295 712 354 743 Sic
403 711 682 743 commendantur
720 711 899 751 Principes
937 715 1005 741 tam

297 773 358 794 suo
375 773 475 805 quam
501 763 647 793 militum
675 760 788 792 officio
814 760 1006 801 fungentes.

298 815 415 845 Barth.

341 867 403 894 351
432 864 609 903 Gratusque
621 860 764 901 feretur]
801 860 930 891 Nescio
946 870 1007 891 cur

295 917 426 953 geretur
440 913 536 943 malit
552 922 627 944 cum
645 912 782 952 scriptis
807 911 1007 952 quibusdam

299 964 575 1005 Raphelengius:
605 973 684 994 mox
714 971 777 1002 pro
806 961 889 992 subit
916 962 1007 993 idem

298 1014 400 1046 subis.-
423 1015 545 1056 probe,
561 1019 597 1046 et
612 1012 815 1046 confirmant
837 1012 915 1044 libri
932 1022 1006 1044 nos-

301 1067 358 1099 tri.
404 1067 448 1099 D.
466 1067 579 1098 Heius.

348 1117 525 1157 Gratusque
533 1116 658 1154 feretur
680 1116 746 1148 Sub
762 1120 794 1148 te
815 1119 893 1148 teste
909 1116 1009 1157 labor]

300 1167 468 1198 Minutius
485 1168 596 1206 Felix,
614 1167 782 1198 Octavio:
805 1168 814 1184 ‘
833 1167 919 1200 Quis
942 1177 1009 1197 non

300 1218 398 1250 miles
414 1218 475 1249 sub
488 1218 593 1249 oculis
605 1218 829 1258 Imperatoris
847 1218 1010 1249 audacius

301 1267 494 1309 periculum
523 1268 721 1307 provocet?
768 1267 909 1299 Infinita
933 1269 1012 1299 loca

302 1322 395 1356 sunt,
418 1317 477 1348 ubi
494 1324 700 1359 conspectus
725 1329 877 1359 praesens
900 1320 1014 1360 Impe-

303 1372 400 1399 rator
416 1368 544 1399 animos
560 1369 726 1400 militares
743 1370 866 1402 erexit.
895 1371 1014 1402 Barth.

347 1421 411 1450 352
435 1418 499 1450 Sub
515 1422 545 1450 te
560 1419 653 1460 teste]
687 1420 802 1451 Testis
827 1421 854 1451 is
871 1421 925 1462 qui
943 1431 1015 1452 rem

302 1469 410 1501 videt.
456 1469 568 1500 Nemo
584 1470 673 1501 enim
690 1471 827 1503 certior.
874 1472 972 1503 Idem.

347 1523 410 1552 353
430 1521 571 1552 Fareant
586 1522 674 1552 modo
689 1523 833 1563 numina]
856 1523 1017 1553 Formula

304 1572 429 1613 priscae
468 1572 653 1613 religionis
700 1573 767 1603 Vix
798 1573 888 1603 enim
924 1573 1016 1614 quic-

307 1631 407 1663 quam
424 1620 530 1653 fiebat
553 1626 613 1653 aut
630 1622 824 1661 dicebatur,
846 1623 912 1654 nisi
939 1633 1017 1654 con-

306 1675 436 1702 testato
453 1671 571 1702 favore
589 1672 754 1704 Deorum.
800 1674 900 1705 Idem.

353 1725 416 1753 354
442 1722 614 1762 Fratrique
635 1723 766 1764 tibique]
790 1724 913 1766 Iniqua
929 1734 1019 1756 com-

306 1772 449 1804 binatio.
495 1773 595 1805 Idem.

352 1827 414 1855 355
429 1824 660 1864 Commissaque
675 1825 786 1865 regna]
803 1824 934 1856 Eodem
951 1824 1020 1864 die,

313 1884 381 1916 quo
394 1883 568 1905 sermones
584 1875 618 1904 hi
635 1874 869 1907 conferuntur.
901 1878 998 1908 Idem.

353 1927 417 1956 358
441 1924 514 1955 Duc
531 1929 630 1955 tecum
650 1926 810 1966 comitem]
854 1927 941 1958 Sunt
963 1928 1019 1969 qui

309 1975 505 2007 adsumtum
530 1975 647 2007 dicant
670 1981 791 2007 contra
815 1978 1019 2018 Eugenium.

305 2027 415 2058 Idem.

378 2077 499 2108 Nostra
535 2077 669 2119 spicula]
713 2078 880 2119 Exemplo
916 2078 1021 2110 Asca-

309 2126 359 2157 nii
383 2127 591 2168 Maroniani,
617 2128 796 2159 Remulum
824 2128 1021 2161 occidentis

312 2178 413 2211 Idem.

356 2232 420 2260 360
444 2230 625 2271 Proedom's]
650 2230 864 2271 Arbogastis.
901 2231 999 2262 Idem.

304 2296 307 2298 -
356 2282 417 2311 361
444 2280 578 2312 Romam
592 2281 722 2321 servire]
763 2282 873 2313 Enixe
889 2283 1024 2314 laborat

311 2331 529 2372 majestatem
559 2333 740 2372 pristinam
771 2335 882 2365 veteri
907 2336 1022 2366 Romae

313 2390 464 2413 servare.
511 2382 605 2412 Finis
631 2382 721 2414 Belli
753 2384 890 2415 Getici:
914 2385 923 2401 ‘
944 2384 1024 2415 Dis-

315 2431 386 2463 cite
417 2441 555 2463 vesanae
584 2432 730 2464 Romam
768 2443 835 2465 non
873 2439 1025 2466 temnere

308 2482 463 2522 gentes?

338 2554 341 2556 v
362 2531 493 2572 Clienti]
519 2533 706 2572 Eugenium
722 2533 816 2574 dicit,
830 2534 1027 2565 Palatinum

313 2582 456 2614 militem
467 2592 576 2622 nuper
586 2583 1027 2616 etGrammaticum.Barth.

362 2635 425 2663 362
459 2634 562 2673 Usque
587 2635 702 2665 adeone
718 2633 812 2674 puer]
848 2635 1026 2666 Generosa

316 2682 520 2723 indignatio.
567 2684 689 2716 Maro:
715 2687 724 2702 ‘
751 2686 868 2727 Usque
894 2686 1025 2718 adeone

320 2733 407 2765 mori
423 2732 584 2765 miserum
596 2733 617 2763 ?'

365 2783 492 2816 Polluta
503 2784 656 2826 potestas]
681 2786 748 2818 Res
772 2790 991 2819 sacrosancta
1005 2797 1026 2818 a

1007 210 1058 240 IN
1093 210 1169 240 CL.
1200 210 1384 242 CLAUD.
1417 211 1525 243 VIII.

1053 305 1216 337 Barbaris
1228 306 1417 348 vilibusque
1427 305 1629 337 homiuibus.
1640 307 1756 338 Barth.

1097 359 1160 388 363
1189 357 1325 397 Cognati
1351 357 1484 398 cruoris]
1526 356 1758 387 Valentiniani

1054 407 1219 440 JunioriS.
1265 408 1369 448 Cujus
1406 417 1499 438 soror
1534 412 1644 447 nupta
1683 411 1759 439 erat

1054 459 1258 490 Theodosio.
1304 459 1403 489 Idem.

1099 512 1163 541 364-
1186 510 1250 540 Per
1265 512 1387 547 strages
1410 508 1549 549 equitare
1570 507 1658 547 libet]
1702 507 1759 538 De

1056 561 1173 592 eodem
1193 561 1342 591 Honorio
1359 570 1416 591 ιιι.
1429 560 1530 591 Cous.
1543 561 1552 577 ‘
1565 562 1690 600 quanto
1701 557 1761 590 fla-

1057 613 1199 653 grabant
1216 618 1356 653 pectora
1373 617 1452 643 voto
1465 612 1616 651 optatas
1643 610 1762 641 audire

1056 665 1166 703 tubas,
1182 666 1364 707 campique
1386 670 1528 696 cruenta
1539 664 1763 703 Tempestate

1056 713 1135 754 frui,
1148 716 1347 756 truncisque
1374 716 1576 755 immergere
1593 714 1727 754 plantas
1739 711 1762 743 ?'

1100 766 1154 796 Da
1169 769 1313 805 protenus
1328 766 1430 806 arma]
1454 765 1605 797 Heroica
1621 764 1764 796 indoles.

1059 814 1151 846 Alibi
1169 827 1176 846 :
1215 817 1223 832 ‘
1251 817 1408 857 ultroque
1446 825 1563 846 manus
1600 824 1763 846 mucrone

1059 872 1201 898 cruento
1217 866 1386 898 Ducitur!
1431 867 1549 898 Barth.

1102 920 1166 949 366
1208 918 1351 958 AEqualis
1386 918 1465 949 mihi
1502 917 1647 958 Pyrrhus
1682 916 1765 957 erat]

1059 968 1153 1000 AEtas
1167 968 1292 1009 Pyrrlii
1309 968 1409 999 facile
1424 968 1611 1008 colligitur.

1104 1019 1262 1058 Pergama
1278 1020 1358 1049 solus
1374 1019 1533 1059 Verteret]
1557 1017 1631 1050 Arx
1643 1017 1767 1059 Trojae,

1058 1069 1164 1100 Urbis
1181 1070 1292 1100 vicem
1310 1074 1431 1101 sumta.
1465 1069 1581 1101 Barth.

1104 1122 1166 1150 367
1192 1120 1264 1150 Non
1294 1121 1496 1159 degeneraret
1512 1119 1649 1159 Achilli]
1686 1119 1767 1160 Ipse

1060 1168 1093 1199 id
1113 1168 1155 1198 de
1171 1179 1205 1200 se
1217 1169 1331 1209 jactat
1345 1169 1478 1200 AEneid.
1495 1179 1535 1200 11.
1574 1170 1673 1200 Idem.

1105 1221 1168 1251 368
1201 1219 1322 1250 Castris
1351 1220 1485 1260 Izaerere]
1530 1219 1769 1251 Adolescentis

1064 1269 1218 1300 ardorem
1237 1271 1270 1300 in
1297 1279 1452 1301 sermone
1467 1271 1631 1311 exprimit
1655 1281 1769 1302 rerum

1064 1320 1305 1351 inconsultum.
1354 1321 1452 1352 Idem.

1109 1373 1172 1402 369
1189 1371 1318 1402 Delibat
1334 1372 1437 1402 dulcia
1452 1372 1534 1413 nati]
1550 1372 1601 1403 Ex
1616 1372 1692 1402 AEn.
1704 1381 1772 1404 ΧΠ.

1066 1421 1124 1452 ubi
1140 1421 1284 1452 AEneas:
1307 1422 1316 1438 ‘
1336 1421 1518 1452 Ascanium
1542 1421 1626 1453 fusis
1643 1422 1771 1454 circum

1067 1473 1309 1513 complectitur
1349 1473 1450 1512 ulnis,
1477 1474 1678 1514 Summaque
1709 1483 1773 1514 per

1069 1523 1199 1563 galeam
1217 1523 1370 1554 delibans
1383 1524 1510 1564 oscula,
1525 1523 1633 1555 fatur:
1652 1524 1774 1561 Disce,

1070 1583 1166 1614 puer,
1183 1573 1346 1605 virtutem
1360 1584 1403 1605 ex
1416 1584 1470 1606 me
1484 1584 1668 1615 verumque
1682 1575 1773 1605 labo-

1070 1634 1154 1665 rem,
1181 1626 1367 1657 Fortunam
1390 1635 1434 1656 ex
1459 1626 1558 1658 aliis!
1605 1627 1773 1667 Sanguine

1064 1675 1205 1716 junctos
1222 1677 1367 1708 osculari
1379 1678 1435 1708 lex
1453 1682 1527 1708 erat
1543 1678 1697 1718 quaedam
1711 1678 1776 1708 Ro-

1070 1726 1188 1757 manis.
1235 1727 1333 1758 Idem.

1113 1779 1176 1807 370
1198 1776 1371 1808 Laudanda
1385 1777 1519 1818 petisti}
1553 1778 1775 1820 Summopere

1070 1825 1169 1856 bona.
1216 1827 1421 1858 Laudandus
1438 1829 1538 1869 enim,
1551 1829 1699 1860 omnium
1714 1830 1779 1861 vir-

1071 1881 1183 1907 tutum
1197 1877 1332 1908 titulum
1346 1878 1459 1911 habet.
1506 1881 1604 1911 Idem.

1114 1929 1177 1957 372
1202 1927 1347 1958 Nondum
1360 1928 1510 1969 decimas]
1532 1929 1675 1960 Divitiae
1698 1933 1777 1960 sunt

1071 1977 1104 2007 in
1122 1978 1346 2019 Clironologis
1363 1989 1429 2021 qua
1445 1984 1549 2011 aetate
1561 1979 1664 2011 fuerit
1672 1980 1778 2011 Theo-

1072 2027 1166 2059 dosio
1179 2029 1371 2060 excedente
1384 2028 1570 2070 Honorius,
1583 2030 1648 2061 ista
1663 2035 1778 2062 autem

1073 2080 1185 2119 paullo
1203 2084 1282 2110 aute
1300 2089 1375 2111 eum
1399 2090 1577 2112 excessum
1602 2081 1697 2113 dicta
1716 2081 1780 2112 fin-

1073 2134 1211 2170 guntur.
1259 2131 1391 2161 Decem
1421 2141 1526 2162 annos
1559 2136 1598 2162 ut
1633 2131 1777 2162 multum

1072 2184 1190 2210 noster
1213 2181 1347 2219 statuit,
1373 2190 1511 2212 assensn
1528 2181 1684 2221 Zonarae,
1698 2181 1779 2212 Cas-

1072 2231 1291 2269 siodori‚&c.
1336 2231 1436 2263 Idem.

1118 2281 1272 2312 Decimus
1286 2282 1415 2322 aristas]
1437 2282 1610 2313 Honorius
1626 2281 1685 2313 vix
1700 2282 1780 2314 dum

1075 2337 1149 2363 erat
1167 2332 1339 2373 decennis,
1365 2343 1466 2374 quum
1487 2333 1692 2364 Theodosius
1720 2343 1779 2364 ex·

1075 2382 1287 2423 peditionem
1336 2384 1474 2424 paravit
1506 2383 1542 2414 in
1574 2383 1778 2423 Eugenium.

1078 2434 1199 2465 elaver.
1648 2437 1650 2439 ’

1119 2486 1181 2514 373
1204 2483 1362 2522 Vestigia]
1382 2484 1484 2514 Certa
1505 2481 1641 2513 indicia.
1664 2482 1780 2516 Barth.

1119 2536 1182 2564 374
1207 2533 1354 2572 Pellaeus]
1383 2532 1596 2572 Alexander,
1621 2543 1641 2564 a
1666 2533 1778 2574 Pella,

1077 2583 1292 2614 Macedoniae
1318 2583 1457 2623 oppido.
1501 2584 1692 2624 Juvenalis,
1708 2585 1780 2616 Sat.

1076 2643 1110 2665 x.
1128 2635 1137 2650 ⁴
1156 2634 1250 2664 Unus
1269 2635 1400 2665 Pellaeo
1421 2634 1541 2674 juveni
1567 2644 1637 2665 non
1653 2634 1781 2667 sufficit

1077 2685 1207 2717 Orbis!
1252 2686 1351 2718 Idem.

1119 2739 1180 2767 375
1208 2737 1272 2772 Qui
1291 2737 1395 2768 domui
1411 2736 1544 2777 Porum]
1567 2736 1782 2768 Domitorem

1075 2786 1158 2818 Pori
1179 2787 1345 2819 Pellaeum
1368 2787 1465 2830 dicit,
1487 2792 1526 2820 ut
1551 2792 1696 2829 tantum,
1712 2791 1782 2820 tam
