1852 3182
544 181 596 212 IN
633 181 926 215 EU'PROPlUM
962 184 1057 216 LIB.
1091 186 1123 219 1.

104 273 186 305 tiem
202 277 312 306 notat.
338 274 452 306 Barth.

100 349 103 352 ,
145 327 210 356 436
234 326 400 366 Nunquam
413 326 624 367 poscentibus]
655 327 715 359 Ait
738 330 808 361 sola

101 373 232 406 virtute
256 385 311 405 eos
336 376 534 406 Consulatui
562 376 671 417 datOS,
694 383 729 410 et
750 390 806 411 no-

99 424 212 457 lentes
228 426 258 456 ei
277 426 434 466 dignitati
453 427 576 458 illatos.
603 429 698 460 Idem.

143 477 208 506 438
235 477 374 506 Martius
402 476 544 506 Eunuchi
569 478 703 519 repetat]
728 479 805 510 Non

97 526 228 565 repetit,
243 527 400 557 meliores
413 528 533 567 scripti
548 539 556 558 :
582 528 704 559 deinde
729 539 804 560 cum

97 574 218 607 iisdem
230 576 410 616 legendum
421 580 511 607 natos
521 587 581 618 pro
591 579 684 609 natis.
703 579 805 609 Forte

97 625 199 655 etiam
225 625 486 666 emendandum,
511 638 568 668 quo
585 629 694 659 dedere
706 638 805 668 poenoe

96 674 244 712 Profuit.-
269 677 361 716 prior
378 682 473 707 certe
495 678 637 716 Morefi,
660 679 734 718 quid
749 689 803 709 ηα-

94 728 160 756 tos:
185 727 288 757 etiam
308 727 405 759 bene.
430 729 473 759 D.
493 729 605 760 Heius.

136 778 198 808 441
226 778 350 809 Dedere
363 778 476 818 poenoe]
516 780 689 812 Castrare.
735 781 803 812 Per

94 827 360 859 Eunncllismnm
380 830 496 869 igitur,
521 831 582 870 ait,
600 832 801 863 veniendum

93 878 204 909 estad
221 879 378 918 honoros,
403 885 438 911 et
454 886 597 920 paterno
622 883 727 913 amori
744 883 801 913 ho-

96 936 216 959 norum
234 939 311 969 spes
332 931 576 971 pra-ponenda,
600 937 638 962 nt
661 933 799 963 consilio

92 981 128 1009 et
144 979 322 1010 voluntate
342 980 544 1021 (ambitione
563 992 642 1013 vero
659 982 800 1023 potins),

90 1032 274 1067 parentum
303 1036 494 1060 castrentur
524 1031 632 1062 liberi.
686 1033 798 1062 Docte

91 1076 178 1109 dixit
193 1079 306 1109 dedere
318 1090 435 1119 poenoe:
459 1090 533 1111 cnm
551 1082 592 1112 ab
611 1082 799 1112 Eunuchis-

89 1137 144 1158 nio
161 1129 253 1158 nulla
270 1130 315 1159 sit
332 1130 510 1160 redemtio.
534 1131 652 1161 Barth.

130 1179 195 1207 442
214 1178 512 1218 Civemproeponere
521 1179 624 1218 patri]
643 1180 796 1209 Exsnere

90 1225 250 1258 affectum
269 1233 461 1268 paternum,
484 1228 528 1258 ob
553 1227 658 1258 filium
684 1229 796 1260 admo-

87 1277 234 1307 vendum
252 1277 484 1317 gubernandae.
503 1277 717 1318 Reipublicae
733 1289 795 1320 per

88 1328 346 1359 castrationem.
373 1329 470 1360 Idem.

128 1379 191 1408 447
217 1378 332 1408 Illersit
355 1381 385 1409 et
407 1378 591 1419 attonitum]
624 1379 793 1412 Junianus

86 1429 249 1459 Merserit.
286 1429 396 1459 Puto:
423 1428 600 1460 Illerserit?
622 1431 793 1461 attonitum

85 1478 220 1508 tranarit
247 1479 355 1509 Cloelia
375 1479 516 1519 Tybrin?
554 1480 671 1520 Tybrin
697 1487 791 1513 certe

86 1528 303 1559 Oiselianus:
330 1538 408 1559 niox
437 1539 497 1569 pro
520 1529 625 1567 fasces
649 1532 792 1562 adserva-

83 1579 197 1610 bantur
221 1579 341 1610 tertius
360 1580 545 1611 Vaticanus
568 1591 608 1612 an
629 1582 791 1613 servaban-

82 1631 154 1660 tur:
178 1630 418 1661 observabantur
443 1631 648 1672 Oiselianus,
672 1637 707 1664 et
730 1643 789 1664 un·

83 1679 196 1710 decim
214 1680 269 1710 alii
287 1690 362 1711 cuin
381 1680 480 1712 Aulo.
505 1681 552 1711 D.
569 1681 682 1713 Heius.

125 1734 189 1763 448
228 1733 380 1772 Eutropio
410 1732 530 1771 fasces]
576 1733 681 1763 Paria
709 1740 789 1765 sunt

84 1782 176 1822 apud
200 1786 355 1813 nostrum
373 1782 470 1813 Bello
488 1781 681 1823 Gildonico‚
704 1792 723 1813 a
740 1793 787 1815 vs.

84 1835 138 1864 90.

123 1887 188 1915 450
205 1884 288 1915 Socii
300 1887 456 1924 spectator
467 1883 606 1923 Averno]
621 1884 684 1914 Vir
696 1894 786 1925 mag-

81 1945 144 1966 nus
159 1935 257 1966 socci:
293 1935 393 1965 nolim
410 1934 552 1965 factum.
598 1934 705 1965 Prim.
722 1935 787 1964 Va-

82 1986 216 2016 ticanus
233 1985 349 2015 socium
363 1987 541 2015 aversatus.-
568 1984 665 2014 bene.
710 1985 785 2015 Ma-

83 2037 188 2068 zarin.
222 2037 298 2067 socii
313 2037 494 2076 speculator.
519 2036 563 2067 D.
579 2036 699 2067 Heius.

122 2091 186 2120 452
211 2089 418 2127 Animosaque
440 2088 586 2127 pauperis
602 2087 708 2117 umbra
725 2087 786 2117 Fa-

80 2139 184 2179 britz'i]
230 2138 430 2169 Animosum
461 2143 560 2169 vocat
596 2137 784 2168 Fabritium

80 2193 256 2221 contemtu
281 2189 490 2227 divitiarum,
515 2198 588 2229 quae
611 2198 663 2219 res
681 2188 784 2219 virtu-

80 2243 149 2271 tem
174 2249 248 2270 eam
274 2237 441 2270 conficere
469 2239 674 2269 credebatur
700 2239 785 2269 anti-

79 2289 154 2330 quis
170 2289 399 2330 sapientibus,¹
416 2300 491 2330 quae
510 2290 681 2330 proximos
698 2289 786 2320 face-

80 2345 136 2371 ret
163 2340 346 2371 divinitati.
392 2340 511 2380 Virgil.
535 2341 545 2357 ‘
569 2339 683 2378 Ande,
711 2340 784 2370 lios-

79 2399 153 2430 pes,
168 2395 387 2420 contemnere
409 2399 504 2430 opes,
529 2394 564 2420 et
588 2394 623 2420 te
648 2399 783 2431 qnoque

78 2440 217 2480 dignum
235 2441 341 2480 Finge
358 2439 456 2470 Deo.'
481 2440 595 2470 Barth.

121 2492 184 2521 455
209 2491 303 2521 Poeno
316 2489 475 2530 Scipiade]
497 2490 678 2530 Seipiadae;
699 2500 782 2531 quos

80 2549 214 2580 semper
231 2541 420 2580 conjungit.
467 2541 637 2572 Caeterum
655 2546 722 2572 tam
739 2551 782 2571 ex

80 2590 145 2621 hoc
161 2590 239 2620 loco
255 2599 354 2630 qnam
380 2591 523 2621 nummis
542 2596 576 2621 et
593 2591 681 2621 saxis
697 2591 782 2622 anti-

78 2641 153 2682 quis
169 2644 279 2680 patet,
307 2639 435 2670 frustra
461 2650 517 2671 eos
534 2651 619 2679 esse,
646 2643 701 2681 qui
721 2651 781 2681 pro

78 2691 207 2721 Lutatio
238 2691 423 2722 Luctatium
459 2691 553 2722 nobis
582 2691 781 2722 obtrudunt.

76 2741 190 2779 Silius,
207 2741 264 2772 lib.
282 2750 329 2772 vi.
353 2741 362 2757 ‘
379 2740 561 2772 possessor
574 2741 687 2782 pelagi
704 2750 781 2781 pro-

163 2794 277 2836 Delph.
292 2798 322 2826 et
339 2795 410 2826 Var.
428 2794 513 2826 Clas.

426 2904 442 2920 Q

1451 178 1563 222 1473

858 289 967 321 naque
986 280 1143 311 Lutatius
1158 289 1239 311 aura
1254 280 1414 322 Captivas
1430 294 1562 326 puppes

859 331 900 361 ad
930 330 1047 361 littora
1074 331 1184 362 victor
1213 331 1372 371 agebat?
1407 334 1453 364 sic
1481 343 1561 366 vere

859 380 968 420 prima
991 380 1097 411 editio
1113 384 1148 411 ct
1165 381 1295 420 scripti.
1341 383 1448 421 Vulgo
1463 394 1560 424 prona

858 431 1043 462 Luctatiux:
1068 441 1144 462 mox
1161 441 1222 472 pro
1242 432 1329 462 Curii
1347 435 1474 470 veteres,
1489 435 1560 474 ple·

858 481 954 522 rique
971 483 1101 523 antiqui
1116 482 1262 522 codices,
1284 484 1397 514 series:
1419 485 1559 525 optime,

858 541 918 571 pro
932 531 1058 562 familia
1083 537 1140 563 ant
1155 537 1267 572 gente.
1313 534 1442 564 Noster
1459 534 1558 566 laude

856 581 1013 611 Sei-eine:
1050 583 1058 598 4
1078 582 1181 612 series
1209 583 1258 612 his
1295 582 1444 614 fontibus
1472 584 1559 615 AElia

857 628 978 660 fluxit!
1014 631 1184 661 1v.Cons.
1210 632 1300 663 Hon.
1334 634 1343 649 ‘
1362 642 1423 664 nec
1451 637 1556 666 tantae

858 681 956 711 vilior
973 681 1063 711 unda
1079 681 1273 712 Promernit
1290 682 1407 712 seriem
1425 682 1559 722 gentis!

856 730 959 771 Apud
990 732 1176 769 Lucanum,
1204 731 1213 747 ‘
1231 731 1468 772 Caesareaeque
1498 733 1557 764 do-

854 791 926 811 mus
944 782 1048 812 series
1065 781 1085 812 :'
1110 786 1211 822 atque
1226 781 1273 812 ita
1290 782 1413 821 passim
1428 781 1554 823 poe'tae.

853 832 896 862 D.
917 832 1026 862 Heius.

896 885 958 912 453
983 882 1088 912 Parra
1114 881 1286 921 sepulchro]
1320 882 1406 913 Cato
1432 882 1552 915 nobilis

853 932 1020 962 tenuitate
1037 932 1219 970 sepulchri.
1243 932 1359 962 Barth.

894 985 958 1013 459
985 982 1167 1021 Eutropium
1188 981 1329 1021 passure]
1351 982 1420 1013 Sub
1437 992 1475 1013 eo
1494 993 1552 1022 pa-

851 1032 954 1063 riture
967 1033 1125 1072 Imperio.
1143 1032 1445 1072 Seneca'l'byeste:
1465 1034 1472 1048 ‘
1486 1033 1553 1063 Im-

850 1091 948 1112 mane
978 1092 1117 1121 regnum
1145 1087 1196 1112 est
1224 1092 1319 1121 posse
1348 1083 1419 1113 sine
1446 1093 1550 1123 regno

851 1131 948 1170 pati.'

896 1181 1080 1219 Eutropium
1089 1190 1218 1220 passure
1229 1182 1323 1221 Calo]
1347 1181 1484 1212 Catonis
1495 1183 1550 1214 ob-

847 1230 1000 1270 sequium
1014 1240 1073 1270 pro
1088 1240 1124 1260 re
1138 1231 1281 1260 maxima
1294 1236 1328 1260 et
1343 1231 1548 1264 incredibili.

846 1279 963 1310 Barth.

892 1328 1052 1368 Tenebris]
1077 1330 1127 1360 Ex
1151 1339 1256 1369 regno
1283 1329 1476 1371 inferorum,
1502 1342 1544 1362 ex

844 1387 922 1410 orco
941 1379 1128 1410 tenebroso.
1152 1379 1251 1410 Idem.

886 1432 949 1460 402
975 1429 1124 1468 Ambigui
1140 1430 1252 1469 mares]
1286 1430 1427 1462 Habent
1454 1432 1543 1464 enim

842 1479 994 1510 membra
1009 1479 1138 1519 horum,
1160 1484 1195 1510 et
1212 1479 1364 1517 sormam,
1380 1481 1460 1513 licet
1476 1492 1543 1514 non

843 1529 997 1570 integre;
1016 1535 1134 1561 carent
1150 1534 1262 1561 tamen
1281 1530 1418 1563 effectu.
1442 1532 1542 1564 Idem.

883 1582 947 1610 463
974 1580 1128 1620 flabella]
1166 1580 1296 1612 Quibus
1324 1582 1539 1614 ventilabant

841 1639 991 1661 somnum
1010 1632 1208 1670 puellarum.
1234 1632 1332 1663 Idem.

882 1683 944 1711 464
973 1680 1173 1720 L'mbrucala]
1206 1681 1438 1713 Defendeudo
1467 1683 1543 1715 soli.

840 1730 937 1760 Idem.

887 1780 1070 1811 Umbracula
1084 1781 1227 1820 gestant]
1269 1781 1390 1812 Tollunt
1418 1783 1539 1824 scripti

838 1827 911 1859 fere
929 1839 1058 1867 omnes,
1088 1834 1215 1870 praeter
1239 1831 1382 1870 primum
1410 1836 1446 1863 et
1471 1837 1539 1864 ter-

837 1879 919 1909 tium
952 1880 1146 1911 Vaticanus.
1192 1890 1247 1912 ιη.
1278 1881 1378 1912 Cons.
1407 1882 1538 1914 Honor.

837 1930 845 1946 ‘
863 1930 947 1960 Pars
960 1931 1111 1961 volucres
1124 1931 1247 1962 tollunt
1257 1931 1415 1972 aquilasz'
1440 1933 1536 1964 ‘tolli

836 1979 957 2012 fasces'
976 1982 1054 2012 alibi
1070 1982 1170 2013 dixit.
1194 1983 1237 2012 D.
1252 1981 1365 2012 Heius.

878 2034 939 2062 465
972 2032 1114 2072 Securos]
1150 2033 1367 2063 Consularem
1393 2032 1537 2073 dignita-

837 2086 917 2122 tem,
942 2082 1089 2113 fascibus
1114 2088 1149 2113 et
1176 2083 1350 2113 securibus
1373 2083 1535 2123 stipatam

837 2132 878 2163 ad
896 2133 1140 2164 coercitionem
1157 2138 1192 2164 et
1210 2143 1352 2173 poenam.
1376 2134 1493 2164 Barth.

877 2187 941 2214 466
965 2184 1136 2214 1⁴'oe1nineas
1149 2183 1296 2222 latebras]
1320 2183 1359 2213 In
1371 2183 1536 2214 cubiculis

834 2234 1028 2274 principum
1054 2240 1088 2265 et
1115 2235 1270 2272 divitum,
1296 2234 1352 2264 nbi
1371 2234 1535 2265 hactenus

834 2283 946 2314 fuistis
962 2284 1003 2315 ab
1031 2284 1186 2315 omnibns
1211 2284 1391 2324 despectui
1418 2288 1454 2315 et
1477 2294 1535 2325 op-

835 2334 974 2374 probrio
991 2334 1110 2365 habiti.
1134 2335 1232 2365 Idem.

877 2388 939 2416 467
965 2385 1058 2416 Alter
1078 2396 1151 2425 quas
1163 2385 1280 2425 pepulit
1298 2395 1388 2416 sexus
1402 2394 1455 2416 nec
1467 2395 1533 2415 sus-

833 2436 909 2476 cipit
924 2436 1019 2476 alter]
1054 2435 1216 2466 Ovidius:
1241 2438 1250 2451 4
1270 2435 1335 2466 Hei
1350 2435 1429 2465 milii
1444 2435 1532 2476 quod

834 2486 1011 2517 Dominam
1025 2496 1086 2517 uec
1102 2487 1151 2517 vir
1166 2495 1228 2518 nec
1245 2485 1381 2517 foemina
1395 2485 1532 2516 servas!

834 2535 1029 2567 Alexander
1068 2537 1214 2568 Severus
1242 2536 1434 2575 Imperator
1464 2539 1530 2565 ter-

834 2587 916 2617 tium
933 2587 1103 2617 hominum
1127 2595 1231 2626 genus
1256 2583 1451 2624 appellabat
1467 2585 1532 2614 Eu-

833 2638 975 2676 nuchos,
998 2647 1059 2668 nee
1084 2637 1118 2666 in
1146 2646 1207 2666 usu
1231 2634 1418 2666 babendum
1437 2634 1531 2673 viris,

831 2689 896 2719 imo
935 2688 991 2719 vix
1039 2686 1256 2719 nobilioribus
1303 2685 1529 2716 foeminarum.

831 2740 931 2770 Idem.

742 2794 856 2825 Claud.
1367 2793 1386 2820 5
1410 2789 1442 2820 A
