1851 3213
265 193 379 235 1444

264 298 451 339 Imperium
475 309 557 331 vero
582 299 692 340 ipsum
719 298 803 330 nulli
830 297 980 330 fatorum

265 349 468 382 Deorumve
481 350 629 382 delebile
642 351 839 382 censebant.
853 350 981 389 [Et-um,

264 406 365 433 notat
381 402 626 433 aeternitatem.
652 402 838 440 Procedere,
850 400 892 430 ad
906 409 980 440 gra-

265 453 409 485 vitatem
439 458 475 486 et
504 453 726 485 sanctitatem
753 451 839 484 facit
870 451 980 492 Virgi-

264 503 350 535 lius:
397 505 407 521 ‘
431 505 599 545 incipiant
635 504 750 545 magni
789 503 979 545 procedere

263 556 419 588 menses!
441 556 559 587 Barth.

481 204 624 235 NOTAE
657 203 926 235 VARIORUM
960 203 1012 234 IN
1047 203 1123 234 (311.
1155 203 1340 234 CLAUD.
1374 204 1522 235 XVIII.

1075 301 1138 330 338
1178 298 1334 331 Trabeam
1369 296 1494 337 domus]
1538 296 1741 329 Consulibus

1032 353 1201 390 perpetuo
1218 348 1433 380 venerabilis.
1457 348 1555 379 Idem,

1078 402 1140 432 339
1164 400 1355 440 Servatoque
1368 398 1568 439 ordinefati]
1592 398 1647 431 Ne
1664 398 1743 430 Filii

1031 452 1220 484 moriantur
1233 457 1311 483 ante
1326 452 1465 491 Patres,
1479 461 1545 492 quo
1558 450 1658 482 modo
1673 455 1744 481 tur·

1031 503 1106 536 bari
1134 505 1287 536 ordinem
1315 503 1467 535 fatorum
1497 503 1675 544 dicebant,
1701 506 1742 534 ut

1030 556 1268 597 notatumjam
1285 555 1370 587 aliis.
1395 554 1495 587 Idem.
1716 550 1719 553 ’

910 776 1106 819 XVIII.

590 900 670 949 IN
713 900 1153 950 EUTROPIUM
1196 900 1338 948 LIB.
1370 901 1418 948 I.

308 1020 352 1052 IN
371 1020 489 1052 codice
511 1021 697 1063 Cujaciano
722 1026 878 1053 notatum
902 1024 978 1053 erat

263 1072 389 1103 librum
404 1072 545 1103 tertium
568 1073 695 1114 injuria
720 1073 886 1114 temporis
903 1083 978 1104 esse

263 1123 445 1154 amissum:
471 1127 507 1153 et
523 1133 603 1153 sane
627 1124 662 1153 in
679 1124 792 1163 primo
808 1124 977 1154 Vaticano

266 1171 328 1203 sub
357 1171 460 1203 finem
489 1172 569 1203 libri
602 1173 744 1204 secundi
772 1173 977 1213 habebatur,

265 1223 274 1240 ‘
293 1223 336 1254 In
353 1222 561 1262 Eutropium
578 1222 637 1253 lib.
655 1232 713 1253 111.
729 1223 883 1262 explicit.
922 1223 978 1253 In-

264 1274 350 1314 cipit
365 1273 634 1314 Epithalamium
653 1274 854 1307 Laurentii.'
878 1274 978 1307 Quod

265 1334 414 1364 carmen,
432 1327 484 1356 87.
503 1325 656 1356 versibus
679 1330 854 1366 constans,
871 1326 979 1366 indig-

262 1385 344 1406 num
363 1374 595 1415 judicavimus
619 1375 768 1418 proferri
794 1376 828 1408 in
856 1377 980 1408 lucem.

265 1425 312 1457 D.
330 1425 444 1457 Heius.

309 1476 397 1508 Erat
413 1476 600 1517 Eutropius
616 1487 659 1508 ex
676 1477 805 1509 aemnlis
822 1477 979 1509 Stilicho-

264 1525 330 1566 nis,
371 1525 468 1567 cujus
499 1530 577 1557 astu
608 1528 915 1559 Senatusconsulto
944 1528 979 1558 in

265 1576 411 1607 insulam
428 1577 578 1617 Cyprum
596 1578 769 1619 relegatus
787 1577 865 1609 fnit.
910 1578 980 1609 Sed

265 1630 388 1658 contra
404 1626 550 1658 Poetam
566 1633 720 1659 nostruin
734 1632 803 1659 stat
818 1627 981 1660 historica

264 1675 407 1707 veritas.
431 1677 578 1716 Dempst.

312 1729 330 1757 1
364 1725 534 1764 Semiferos
557 1727 682 1767 partus]
716 1728 894 1769 Prodigia,
917 1729 981 1760 hoc

267 1779 334 1818 est,
362 1776 524 1818 quicquid
562 1782 831 1809 monstrosarum
866 1788 981 1809 rerum

268 1826 460 1865 accideret,
476 1831 662 1868 contraque
679 1837 891 1859 communem
907 1838 982 1859 cur-

267 1887 342 1908 sum
355 1881 458 1919 atque
474 1877 629 1908 ordinem
648 1882 793 1918 naturae,
814 1879 982 1909 iratorum

267 1928 443 1959 numinum
468 1927 608 1967 indicia,
625 1932 660 1959 et
676 1928 838 1969 monitus,
861 1934 897 1960 et
923 1929 982 1959 im-

266 1978 493 2019 pendentium
506 1978 769 2010 infortuniorum
779 1984 982 2020 argumenta

268 2029 437 2060 credebat
453 2032 608 2060 veterum
626 2030 838 2070 superstitio.
862 2031 981 2062 Barth.

312 2079 483 2118 Semiferos
511 2080 638 2121 partus]
668 2080 829 2112 Semiferi
861 2086 980 2122 partus

269 2135 347 2162 sunt
357 2130 506 2162 humana
519 2131 736 2173 belluinaque
752 2137 875 2163 natura
888 2132 982 2163 coitu

269 2182 467 2222 commixta,
479 2183 593 2224 quales
607 2184 820 2224 putabantur
833 2184 912 2215 olim
927 2185 983 2214 Sa-

269 2233 352 2273 tyri,
368 2233 492 2272 Fauni,
516 2234 695 2274 Centauri,
712 2236 759 2267 D.
779 2235 982 2275 Hieronym.

269 2281 313 2312 de
332 2282 403 2312 vita
426 2283 545 2314 Pauli:
570 2285 648 2315 vide
677 2284 768 2316 Piin.
795 2295 860 2316 vu.
888 2288 919 2316 3.
946 2291 982 2316 et

271 2341 367 2364 xxn.
381 2334 434 2363 24.
452 2333 592 2365 Lucret.
609 2335 631 2366 l.
648 2344 699 2366 1v.
717 2340 838 2366 contra
855 2335 983 2376 opinio-

270 2392 349 2413 nem
364 2383 541 2422 vulgarem
563 2384 677 2414 multis
704 2384 980 2426 disceptantem:

270 2432 479 2463 monstruosi
505 2442 585 2463 sane
613 2433 646 2463 hi
678 2438 807 2474 partus,
836 2435 983 2475 publicis

272 2482 476 2514 ceremoniis
515 2483 755 2523 expiabantur,
787 2486 865 2525 quia
901 2495 982 2515 nun-

272 2542 374 2574 quam
391 2533 464 2563 sine
480 2531 606 2564 futurae
624 2534 729 2564 cladis
747 2536 887 2574 augurio
904 2545 983 2566 con-

272 2582 472 2622 tingebant:
497 2583 574 2614 hinc
596 2584 721 2614 Lucan.
745 2585 753 2601 ‘
768 2589 982 2625 matremque

275 2642 355 2663 snus
372 2633 562 2664 conterruit
588 2633 734 2665 infans:'
760 2634 802 2665 de
829 2636 982 2666 omnibus

273 2683 341 2715 illis
377 2684 542 2725 prodigiis
587 2685 816 2716 consulendus
856 2686 984 2727 Livius,

275 2744 377 2777 quem
393 2736 483 2766 vide.
510 2737 652 2777 Dempst.

318 2786 454 2827 Partus]
476 2787 606 2818 Talium
622 2792 848 2820 monstrorum
863 2787 984 2819 nativi-

278 2839 370 2869 tates
407 2837 530 2871 crebro
566 2839 772 2881 observatae,
811 2849 984 2882 nunquam

1028 1033 1094 1055 non
1112 1023 1334 1064 perculerunt
1349 1020 1522 1054 hominum
1544 1023 1689 1061 mentes,
1705 1023 1743 1052 et

1029 1085 1106 1106 raro
1132 1074 1236 1105 etiam
1254 1083 1319 1104 non
1344 1073 1541 1104 indicarunt
1570 1071 1682 1102 tristia
1696 1071 1746 1102 in·

1028 1124 1192 1156 fortunia.
1237 1125 1292 1155 Sic
1324 1124 1441 1154 Romae
1470 1121 1637 1153 infantem
1665 1130 1744 1152 cum

1028 1173 1199 1205 Anubidis
1212 1174 1334 1205 canino
1351 1174 1468 1214 capite
1485 1173 1616 1204 editum
1629 1182 1648 1203 a
1661 1172 1744 1204 Cor·

1030 1224 1111 1254 nelii
1129 1224 1300 1254 Gallicani
1325 1224 1472 1263 conjuge
1496 1223 1616 1254 scribit
1640 1223 1745 1254 Phle-

1032 1283 1099 1313 gon
1116 1274 1313 1304 Trallianus
1332 1273 1364 1303 in
1382 1273 1544 1304 Historiis
1561 1273 1743 1305 Admiran-

1031 1323 1093 1355 dis.
1117 1324 1175 1354 Sic
1192 1323 1305 1354 infans
1332 1334 1408 1355 cum
1431 1323 1662 1364 Elephantino
1688 1333 1743 1355 ca-

1032 1375 1106 1414 pite
1124 1373 1215 1414 apud
1233 1374 1306 1405 Liv.
1322 1374 1344 1404 l.
1359 1382 1445 1405 xxv.
1468 1374 1514 1405 Et
1529 1373 1651 1405 eodem
1668 1383 1747 1414 por-

1033 1433 1092 1455 cus
1108 1423 1254 1454 humano
1272 1424 1386 1464 capite
1408 1424 1563 1464 proditus
1578 1433 1746 1455 memora-

1032 1479 1100 1513 tur,
1118 1478 1156 1505 ut
1180 1479 1215 1505 et
1230 1474 1288 1506 lib.
1308 1483 1404 1505 xxx.
1428 1475 1553 1506 dimidii
1577 1475 1746 1516 homines,

1031 1526 1194 1566 ambigui,
1233 1525 1325 1566 apud
1349 1525 1520 1566 Tacitum,
1547 1525 1674 1556 Annal.
1702 1534 1744 1556 Π.

1032 1579 1096 1608 &c.

1075 1627 1307 1667 IIIetuendaque
1329 1627 1465 1667 pignora
1491 1625 1602 1666 matri]
1628 1626 1745 1658 Metu-

1032 1677 1131 1717 enda,
1156 1678 1238 1718 quia
1267 1688 1332 1709 nec
1358 1678 1529 1708 communi
1550 1677 1745 1709 -infortunio

1032 1733 1169 1758 exemta
1186 1732 1261 1758 erat
1276 1732 1400 1767 mater,
1428 1732 1463 1758 et
1488 1732 1658 1768 praeterea
1687 1738 1745 1759 no-

1032 1779 1143 1808 cuisse
1160 1778 1323 1808 matribus
1345 1778 1427 1808 talia
1444 1782 1607 1817 portenta
1624 1788 1643 1808 a
1658 1778 1746 1809 nati-

1034 1828 1154 1867 vitate,
1170 1828 1224 1858 vel
1240 1828 1399 1858 Lucanus
1417 1827 1531 1858 testis:
1550 1829 1559 1844 ‘
1572 1828 1746 1859 Monstro-

1033 1879 1127 1919 sique
1165 1879 1337 1909 hominum
1365 1883 1497 1919 partus,
1534 1888 1743 1920 numeroque

1032 1928 1203 1969 modoque
1240 1927 1488 1967 Membrorum,
1533 1934 1745 1972 matremque

1034 1988 1114 2009 suus
1131 1978 1323 2009 conterruit
1339 1977 1476 2009 infans.’
1499 1979 1614 2011 Barth.

1076 2032 1096 2060 2
1138 2028 1295 2059 Moenibus
1324 2028 1358 2059 in
1387 2029 1514 2069 mediis]
1552 2030 1597 2060 Et
1633 2030 1746 2062 mediis

1034 2080 1175 2121 scripti:
1211 2090 1291 2111 mox
1318 2089 1381 2120 pro
1407 2079 1547 2120 visasque
1572 2079 1681 2112 Aldus
1708 2085 1745 2113 et

1033 2142 1134 2163 manu
1150 2132 1282 2163 exarati
1305 2132 1563 2173 quatuordecim
1580 2132 1746 2174 binasque‚·

1034 2184 1094 2215 sed
1111 2184 1194 2214 nihil
1210 2194 1310 2224 opus:
1334 2185 1421 2214 diras
1445 2184 1548 2215 etiam
1572 2194 1635 2225 pro
1650 2185 1745 2215 duras

1034 2244 1120 2265 unus
1137 2235 1329 2266 Mediceus.
1346 2234 1397 2265 .D.
1413 2235 1526 2266 Heins.

1077 2286 1233 2316 Moenibus
1261 2286 1294 2315 in
1321 2285 1444 2325 mediis]
1484 2285 1539 2316 Ab
1569 2286 1742 2317 hominum

1035 2335 1201 2375 prodigiis
1227 2335 1268 2366 ad
1286 2336 1472 2366 bestiarum
1490 2341 1652 2376 portenta
1668 2343 1743 2376 gra-

1036 2387 1115 2417 dum
1146 2386 1239 2419 facit.
1284 2388 1341 2418 Sic
1368 2387 1488 2418 iisdem
1517 2387 1742 2427 temporibus,

1036 2447 1055 2468 a
1079 2443 1189 2468 morte
1217 2438 1331 2468 statim
1358 2437 1498 2476 Alarici,
1516 2437 1572 2477 qui
1597 2437 1742 2468 Romam

1035 2489 1257 2529 spoliaverat,
1274 2489 1307 2518 in
1333 2488 1508 2528 Hispaniis
1532 2488 1650 2518 bestiae
1666 2487 1742 2518 irri-

1035 2543 1117 2570 tata·
1135 2539 1347 2579 pestilentia,
1359 2542 1569 2568 mortuorum
1586 2543 1742 2568 caterva-

1036 2590 1095 2620 tim
1112 2589 1283 2619 hominum
1298 2592 1411 2628 pastu,
1427 2587 1530 2618 etiam
1545 2587 1628 2617 vivis
1647 2587 1744 2619 velut

1035 2639 1160 2669 bellum
1176 2639 1335 2669 intulere.
1379 2637 1436 2668 Sic
1466 2638 1592 2678 Lupos,
1608 2643 1644 2668 et
1660 2637 1742 2669 alias

1034 2688 1164 2719 belluas
1182 2688 1213 2718 in
1237 2688 1374 2719 urbibus
1396 2693 1614 2729 conspectas,
1631 2688 1743 2728 prodi-

1035 2738 1165 2778 giorum
1203 2740 1278 2770 loco
1316 2744 1437 2770 notant
1468 2739 1576 2772 mulii.
1634 2739 1744 2771 Luca-

1034 2799 1117 2820 nus:
1143 2791 1152 2808 ‘
1170 2790 1331 2832 silvisque
1357 2790 1446 2822 feras
1476 2790 1538 2821 sub
1566 2794 1667 2822 nocte
1690 2799 1742 2822 re-

1035 2841 1124 2873 lictis
1143 2840 1305 2873 Audaces
1331 2841 1447 2874 media
1467 2841 1623 2883 posuisse
1645 2839 1741 2872 cubi-
