1852 3182
544 222 604 250 Du
640 220 796 249 mcum
829 222 853 248 G
865 220 875 248 l
888 220 1116 249 LDONICO.

101 317 336 355 ctu-‘tzjm-enis:
354 315 412 346 sed
425 314 581 345 secundis
600 313 804 354 palinodiam

101 368 205 399 canit.
232 367 275 398 D.
300 367 411 397 Heius.

147 421 206 448 113
241 418 353 448 Altera
385 415 506 456 Nilum]
532 414 679 451 Aurora,
707 424 804 455 quam

101 468 202 499 modo
219 467 416 506 nominavit,
428 471 485 496 aut
502 466 621 503 altera,
636 465 707 495 sive
724 464 808 495 adeo

102 520 210 551 Roma
227 528 325 557 nova,
339 527 438 560 quam
451 517 591 558 AEgypti
608 522 808 556 proventum

103 580 290 611 occupasse
306 570 396 600 (lixit
411 578 526 608 supra.
550 567 664 598 Barth.

146 621 258 652 Altera
274 618 400 659 Nilum]
434 618 476 649 Id
493 621 558 656 est,
574 616 720 655 Aurora,
738 616 809 647 sive

104 670 260 701 Orientis
291 669 379 710 Imp.
407 669 511 700 habet
535 668 597 700 sibi
623 667 810 709 AEgyptum

104 719 288 751 subditam.
314 720 435 750 (laver.

147 773 209 802 114
235 770 314 806 Quae
339 773 440 800 terras
465 769 601 800 humeris
626 771 811 809 pontumque

102 822 226 863 subegi]
243 822 285 853 Id
301 827 365 861 est,
382 821 538 853 omnibus
554 820 695 859 viribus,
712 829 811 851 cona-

105 878 156 913 tu,
182 879 221 905 ut
250 874 307 915 qui
333 873 482 904 humeris
518 872 684 903 adnititur
715 871 810 911 gravi

105 924 201 965 operi
216 924 367 955 tollendo
385 928 444 954 aut
460 922 640 954 movendo.
665 921 780 953 Barth.

150 978 210 1007 115
244 974 400 1014 Senectae]
435 976 520 1008 Quae
547 974 621 1014 ipsa
648 973 740 1012 mibi,
764 973 811 1003 in-

105 1026 193 1068 quit,
208 1026 316 1057 instar
333 1024 522 1056 affectionis
538 1028 602 1055 est.
629 1024 706 1054 Hoc
723 1022 811 1054 enim

105 1081 158 1107 est
175 1076 371 1107 Senectutis
390 1075 542 1115 Elogium
561 1073 651 1114 apud
668 1074 813 1114 antiqni-

107 1131 226 1159 tatem.
244 1125 332 1155 Vide
349 1126 549 1156 Ciceronem
566 1124 624 1155 lib.
641 1122 814 1164 singulari.

108 1177 208 1208 Idem.

154 1228 216 1257 116
234 1224 354 1261 Quibus
367 1224 461 1254 iratis
475 1222 572 1263 crevi]
596 1222 697 1253 Dixit
713 1231 816 1263 snpra

107 1277 266 1308 laborare
283 1285 319 1307 se
334 1276 436 1313 mole,
452 1279 487 1305 et
504 1274 694 1304 breviorem
711 1271 816 1303 fuisse

106 1327 308 1359 feliciorem.
353 1326 431 1358 Jam
449 1325 496 1356 ait
511 1325 593 1355 iram
616 1325 649 1355 in
675 1334 710 1354 se
728 1324 819 1354 Deo-

110 1387 183 1409 rum
200 1377 374 1417 expletam
391 1376 466 1416 ipsa
492 1375 735 1415 prosperitate,
750 1384 817 1414 qua

110 1428 249 1459 inducta
281 1427 327 1458 sit
353 1427 385 1457 in
413 1425 552 1457 fatalem
579 1426 677 1456 istam
706 1424 818 1465 perui-

111 1479 210 1510 ciem.
256 1478 360 1508 Iratis
388 1477 459 1507 Diis
483 1477 556 1507 nati
582 1476 757 1515 dicuntur,
775 1475 817 1505 ad

111 1528 225 1560 omnia
241 1528 456 1558 infortunati.
485 1528 583 1558 Idem.

155 1581 217 1609 117
241 1577 386 1617 Patrem]
409 1578 542 1609 Joveni.

158 1629 262 1669 Tuque
290 1628 322 1667 o]
360 1627 576 1658 Exclamatio
613 1626 822 1666 enei-getica,

114 1679 218 1710 animi
234 1679 477 1710 excitationem
495 1678 661 1709 indicans.

156 1729 194 1760 Si
225 1733 334 1769 sponte
365 1738 420 1768 per
456 1729 552 1758 altum
590 1727 699 1766 Vecta]
744 1726 822 1761 Quoe

112 1782 201 1811 vecta
212 1789 271 1820 per
285 1779 384 1810 ultum
410 1782 527 1819 sponte,
554 1778 651 1818 prim.
680 1782 716 1808 et
740 1782 822 1808 tert.

114 1830 227 1861 Vatic.
259 1834 407 1870 quatuor
438 1829 507 1869 alii,
536 1839 605 1869 quae
634 1831 741 1869 sponte
768 1837 824 1868 per

113 1880 211 1911 altum
232 1880 336 1911 Vecta.
363 1880 408 1910 D.
427 1879 547 1910 Heius.

160 1930 277 1971 Sponte
312 1939 367 1970 per
400 1931 498 1961 altum
533 1929 642 1969 Vecta]
676 1928 824 1959 Matrem

117 1981 302 2021 Phrygiam
331 1982 484 2015 Deorum
514 1979 708 2020 alloquitur.
760 1979 825 2009 Ro-

117 2042 205 2063 mam
229 2031 308 2062 inde
337 2031 516 2061 advectam
541 2030 647 2060 ductu
672 2029 826 2059 Claudite

117 2082 371 2122 vestalis‚quae
396 2080 538 2111 adverso
563 2079 679 2110 Tiberi
706 2089 826 2110 navem

119 2132 225 2163 traxit
241 2131 368 2172 injecta
385 2140 497 2170 manu,
512 2129 707 2161 testimonio
729 2129 827 2169 pudi-

119 2183 210 2214 citiae
227 2186 383 2213 servatae.
408 2181 524 2212 Barth.

165 2235 227 2263 119
265 2230 480 2271 Praelatoque]
518 2231 686 2268 Romano,
726 2238 826 2270 quem

123 2283 274 2324 Phrygio
291 2283 426 2314 Almoni
444 2281 638 2323 praetulisti.
663 2282 784 2312 Delrio.

163 2333 309 2374 Almone]
346 2334 431 2364 Cum
463 2333 612 2364 venisset
642 2333 683 2363 atl
716 2332 830 2363 Almo-

123 2395 214 2425 nem,
240 2385 385 2416 adverso
410 2384 537 2422 Tiberi,
563 2385 779 2415 simulacrum
811 2392 828 2413 e

123 2435 275 2476 Phrygia
291 2435 508 2473 accersitum,
532 2434 578 2465 ibi
603 2435 708 2465 lotum
734 2438 787 2464 est
813 2443 831 2463 a

121 2485 350 2523 Sacrificulis3
368 2485 457 2516 uude
474 2494 545 2515 mos
561 2494 690 2515 annuus
706 2484 833 2515 mansit

124 2545 232 2577 sacer,
244 2546 284 2567 eo
301 2536 356 2567 die
373 2540 557 2576 exportare
582 2537 693 2567 Deam
712 2535 755 2566 ad
771 2533 832 2566 flu-

126 2588 229 2625 vium,
245 2590 280 2617 et
295 2586 365 2617 illic
379 2585 547 2616 enitidare
564 2595 712 2617 saxeam.
748 2585 832 2616 Dies

125 2641 201 2667 erat
227 2636 338 2676 pridie
354 2636 408 2666 Id.
426 2635 538 2676 April.
564 2637 630 2667 iter
651 2640 753 2676 porta
769 2636 833 2666 Ca-

127 2696 226 2728 pena.
258 2687 341 2727 Ipsa
356 2687 432 2717 Dea
447 2687 532 2717 adeo
548 2687 756 2719 credebatur
770 2687 833 2718 hac

128 2737 302 2768 ablutione
317 2737 478 2777 mitigari,
494 2742 531 2768 ut
547 2737 660 2768 omnia
681 2738 776 2769 velut
792 2736 834 2767 de

128 2789 264 2829 integro
279 2786 391 2818 felicia
419 2786 643 2827 portenderet
661 2787 837 2828 Reipubli-

422 2928 437 2944 Q

1447 209 1557 250 1309

856 324 918 343 cm.
966 312 1084 342 Retlux
1103 311 1135 341 in
1153 311 1269 342 urbem
1288 310 1422 351 publiea
1438 312 1560 344 laetitia

857 363 1072 393 simulacrum
1090 361 1340 402 excipiebatur,
1353 361 1473 392 ablutis
1491 372 1560 393 om-

858 414 956 445 nibus
974 413 1070 443 malis
1085 412 1263 443 ominibus-

903 463 1032 503 Leones]
1066 463 1203 504 Ubique
1243 461 1396 493 Comites
1431 470 1561 501 magnae

860 516 1009 546 Deorum
1027 514 1136 545 matri.
1161 513 1278 545 Barth.

906 568 963 597 121
1001 566 1058 596 Sin
1089 565 1251 605 prohibent
1279 563 1403 604 Parcoe]
1437 561 1565 593 Harum

861 617 949 647 enim
966 616 1149 656 Imperium
1168 615 1201 645 in
1219 616 1330 655 ipsum
1351 617 1404 644 est
1419 612 1552 644 Jovem.

907 667 1009 698 Falsis
1023 666 1181 706 auguriis]
1203 666 1398 696 Vulturum.
1430 663 1546 694 Barth.

905 722 967 750 124
1005 719 1090 750 Allia
1119 716 1230 757 coedes]
1269 717 1396 756 Pugnas
1425 714 1568 754 Gyrald.

862 770 986 810 Isingr.
1002 770 1100 810 prim.
1116 769 1228 800 Vatic.
1255 772 1290 799 et
1316 777 1375 798 sex
1401 766 1469 797 alii.
1509 767 1569 797 Se-

862 821 979 862 quenti
994 829 1090 851 versu
1106 829 1166 860 pro
1179 817 1482 859 prosternite‚quod
1495 817 1570 857 jam

863 874 1101 911 praecesserat,
1112 867 1476 909 permittitelegendum
1493 876 1569 898 cum

864 921 983 951 eodem
1009 920 1169 961 Isingrin.
1195 919 1307 949 Vatic.
1341 917 1506 948 Mazarin.
1536 921 1571 948 et

864 970 1062 1003 Florentino
1080 971 1112 1003 S.
1131 970 1253 1001 Marci.
1269 968 1373 999 etiam
1391 968 1571 998 Pricaeano

865 1027 967 1063 atque
996 1021 1182 1053 Oiseliano.
1221 1019 1408 1050 l’atavinus
1435 1018 1573 1049 comittit-

865 1073 934 1103 tite.
959 1072 1047 1103 Stat.
1062 1071 1166 1102 Theb.
1184 1079 1224 1101 n.
1249 1072 1257 1086 ‘
1278 1070 1406 1100 utinam
1428 1069 1477 1099 his
1503 1078 1572 1098 ma-

865 1122 965 1152 nibus
980 1121 1179 1161 permittere
1195 1124 1314 1159 gentes
1326 1119 1466 1159 Jupiter
1478 1127 1573 1158 aeque

867 1171 982 1203 velisz’
1006 1175 1123 1202 noster
1136 1170 1243 1202 infra:
1266 1170 1275 1186 ‘
1295 1169 1489 1201 turbinibus
1506 1177 1574 1198 me-

868 1222 931 1253 diis
947 1223 1109 1263 permitte
1126 1220 1284 1252 carinas!
1306 1221 1329 1251 l.
1349 1229 1390 1251 11.
1407 1219 1439 1249 in
1459 1218 1575 1249 Rufin.

869 1274 877 1290 ‘
895 1274 1055 1304 miserum
1082 1272 1243 1312 permitto
1270 1270 1406 1301 casibus
1435 1267 1576 1300 orbem.'

867 1325 981 1363 Silius,
997 1325 1019 1355 l.
1039 1332 1105 1355 x11.
1120 1323 1128 1339 ‘
1143 1322 1295 1363 permisit
1311 1320 1456 1352 flammis
1474 1324 1576 1361 atque

869 1375 1005 1406 ensibus
1034 1372 1183 1405 urbem:’
1208 1373 1256 1404 sic
1278 1376 1314 1403 et
1337 1373 1346 1389 ‘
1367 1371 1477 1411 gladio
1501 1379 1577 1410 per-

869 1427 1007 1457 mittere
1038 1424 1222 1464 mundum‚’
1261 1424 1388 1455 Lucan.
1420 1422 1479 1453 lib.
1510 1429 1577 1451 vn.

870 1477 914 1508 D.
936 1476 1046 1507 Heins.

915 1531 974 1558 125
1015 1526 1100 1557 Soevi
1130 1524 1264 1565 Pyrrhi]
1301 1523 1397 1554 Inter
1431 1528 1578 1551 summos

871 1576 1193 1617 potentissimosque
1216 1574 1328 1604 hostes
1346 1572 1395 1603 rei
1414 1571 1578 1602 Romanae

873 1631 1072 1658 numeratur
1088 1626 1163 1655 Rex
1176 1625 1252 1654 iste.
1277 1623 1394 1653 Barth.

917 1680 979 1708 129
1003 1677 1185 1715 Sanctaeque
1200 1683 1314 1705 memor
1327 1672 1485 1712 Tritonia]
1502 1671 1580 1701 Pal-

873 1728 1000 1759 ladium
1014 1727 1102 1758 enim
1117 1730 1204 1763 erat,
1218 1723 1306 1764 quod
1321 1722 1410 1763 apud
1425 1722 1582 1762 Virgines

874 1780 1034 1810 Vestales
1066 1775 1335 1815 custodiebatur,
1360 1772 1512 1805 Palladis
1542 1772 1595 1818 εἰ(

875 1830 1073 1860 mulacrum.
1099 1826 1195 1857 Idem.

922 1882 980 1910 131
1008 1878 1182 1917 Indigetes]
1216 1876 1394 1916 Indigetes
1421 1873 1582 1905 dicuntur

877 1930 933 1971 qui
950 1939 992 1959 ex
1010 1918 1215 1958 mortalibus
1236 1926 1269 1956 in
1297 1926 1446 1956 Deorum
1468 1932 1583 1954 nume-

877 1990 950 2011 rum
968 1979 1077 2010 relati.

921 2031 958 2061 Si
975 2039 1047 2069 qnos
1074 2028 1173 2059 Roma
1188 2026 1319 2067 recepit]
1343 2026 1428 2058 Quae
1445 2022 1583 2064 quidem

879 2090 994 2112 omnes
1011 2078 1154 2119 recepit,
1168 2077 1274 2108 instar
1286 2075 1375 2114 coeli,
1392 2084 1458 2115 quo
1474 2072 1584 2113 recipi

878 2132 1039 2161 dicuntur
1067 2128 1122 2169 qui
1153 2126 1394 2158 mortalitatem
1424 2124 1584 2164 migrant.

879 2181 1018 2213 Nullum
1049 2179 1138 2210 enim
1170 2186 1294 2208 numen
1331 2175 1483 2215 gentium
1517 2182 1584 2204 non

880 2235 1056 2271 receptum
1077 2228 1252 2259 Romanis.
1297 2226 1475 2266 Quotquot
1496 2224 1585 2255 enim

839 2293 841 2295 ·
880 2281 1081 2322 provincias,
1113 2279 1271 2320 populos,
1307 2276 1418 2315 urbes,
1447 2283 1585 2315 supera-

882 2334 978 2371 bant,
1008 2341 1124 2362 eorum
1152 2329 1300 2359 omnium
1330 2327 1425 2358 Deos
1457 2325 1583 2365 partim

882 2384 1019 2425 publice
1036 2379 1298 2417 consecrabant,
1321 2377 1444 2418 partim
1462 2383 1522 2415 per
1537 2372 1585 2403 fa-

882 2434 989 2465 milias
1017 2431 1236 2473 spargebant.
1281 2428 1372 2460 Hinc
1398 2426 1524 2457 factum
1547 2427 1584 2453 ut

883 2484 1030 2517 omnium
1046 2481 1327 2523 superstitionum
1342 2476 1504 2509 colluvies
1522 2475 1585 2505 Ro-

883 2546 970 2568 mam
988 2532 1189 2566 conflueret.
1212 2531 1328 2562 Barth.

927 2589 988 2618 132
1011 2585 1076 2616 Aut
1103 2584 1190 2614 dedit
1217 2582 1283 2622 ipsa
1307 2579 1405 2618 Deos]
1433 2577 1585 2607 Caesares

884 2643 919 2668 et
935 2637 1050 2677 Reges
1067 2633 1245 2673 intelligit,
1270 2628 1461 2662 solennibus
1484 2624 1584 2655 rebus

883 2687 916 2718 in
933 2685 1179 2718 Deostrelatos.

930 2738 1033 2768 Corda
1060 2732 1194 2772 remitti]
1227 2731 1280 2762 Sic
1310 2728 1417 2768 major
1443 2725 1587 2765 scripto·

886 2797 957 2819 rum
986 2795 1064 2826 pars
1089 2780 1240 2822 eleganti
1265 2778 1463 2811 Graecismo.
1486 2775 1589 2815 vulgo
