1851 3213
308 215 422 258 1:220
583 226 724 258 No‘rAE

303 320 484 361 legendum
502 330 543 351 ex
562 320 720 351 Leidensi
748 319 834 350 libro
861 319 948 350 bene
965 319 1011 350 vi-

303 371 356 402 dit
375 371 426 402 Cl.
445 370 639 401 Gronovius
655 381 661 400 :
687 380 749 400 uec
769 371 870 400 aliter
892 370 1011 401 Aldus.

303 423 358 453 Sic
377 427 413 453 et
430 432 532 463 supra
544 422 720 459 Bardulis,
735 422 743 437 ‘
759 422 927 461 Coepistis‚
945 431 1012 461 qua

303 471 378 503 finis
395 472 491 503 erat!
537 472 634 503 Infra
651 473 754 502 etiam
769 480 846 501 cum
869 471 1010 509 scriptis

302 523 555 563 corrigendum,
581 523 589 539 ‘
609 532 673 563 qua
690 521 757 552 fine
782 521 843 552 sub
860 521 924 551 imo
942 521 1012 551 An-

303 577 442 613 gustant
474 573 605 604 aditum
644 572 756 604 curvis
796 570 1009 603 anfractibus

302 623 435 665 Alpes)
460 625 558 654 Idem.

348 674 493 705 Possidet
508 674 642 713 oetlzera]
677 673 768 706 Quia
795 677 1011 711 consecrata,

301 723 459 765 interque
491 725 582 755 Deos
613 724 687 755 illos
718 725 871 763 egregios
902 724 1012 754 relata

303 778 390 813 erat,
422 784 499 805 cum
524 774 663 805 Venere
691 783 870 804 commune
895 772 1011 803 fanum

302 824 437 856 sortita.

351 872 579 913 Triumphalis]
617 872 786 903 Omnibus
820 872 880 903 sub
910 882 1011 903 unum

301 924 466 955 redactis.
493 924 610 954 Barth.

344 977 386 1005 84
413 974 507 1004 Ritus
531 974 657 1004 imitata
685 974 854 1014 Minervae]
892 973 1012 1005 Arma-

301 1026 428 1062 turam,
442 1024 606 1055 habitum.

344 1076 385 1104 85
412 1074 596 1113 Csesnrz'em]
622 1074 761 1105 Incusat
785 1074 836 1104 vir
862 1084 1010 1105 summus

299 1124 455 1164 Scaliger
488 1125 522 1154 in
558 1124 695 1156 fiumina
733 1126 901 1156 Coesariem
932 1125 1011 1163 dici,

301 1183 538 1215 quamcunque
563 1175 665 1206 etiam
683 1185 824 1207 comam.
870 1176 910 1206 In
927 1186 1011 1216 nup-

303 1225 359 1256 tiis
370 1225 512 1256 Honorii
527 1230 639 1256 tamen
652 1227 699 1256 sic
713 1227 865 1267 loquitur
881 1237 888 1257 :
915 1228 923 1243 ‘
938 1227 1010 1258 Cae-

306 1275 430 1306 sariem
458 1281 528 1306 tum
552 1275 639 1306 forte
656 1277 771 1307 Venus
798 1277 943 1308 subnixa
957 1287 1011 1308 co-

303 1335 404 1356 rusco
422 1326 596 1365 Piugebat
612 1325 719 1356 solio!
746 1327 863 1357 Barth.

345 1379 387 1406 86
413 1376 535 1406 Ornata
555 1377 688 1415 retorto]
717 1377 889 1417 Torquem
913 1376 1011 1408 intel-

301 1425 393 1465 ligit,
410 1430 524 1466 etymo
541 1426 659 1457 allnso.
686 1427 782 1458 Idem.

346 1478 386 1506 87
420 1476 557 1507 Exserta
586 1477 729 1517 lacertos]
767 1476 864 1507 Talis
894 1477 1010 1509 Romae

301 1525 422 1566 figura.
466 1527 565 1556 Tales
582 1526 623 1556 ad
648 1525 846 1558 conflictum
863 1533 1010 1568 paratos,

301 1575 434 1607 inducit
449 1586 512 1606 non
530 1586 596 1607 uno
615 1577 690 1607 loco
706 1576 884 1617 Papinius.
910 1578 1012 1609 Idem.

345 1629 387 1658 88
396 1627 554 1657 Audacem
563 1627 678 1666 retegit
689 1628 866 1667 mammam]
880 1627 1009 1658 Habitu

303 1678 536 1709 Heroinarum
550 1677 590 1707 ad
607 1678 761 1717 praelium
775 1679 939 1715 euntium,
953 1683 1012 1709 aut

302 1733 518 1759 armatarum.
543 1727 704 1758 Sidonius
717 1729 759 1759 de
771 1729 908 1759 eadem:
934 1731 942 1746 ‘
954 1730 1012 1760 Se·

302 1779 403 1810 derat
434 1784 551 1809 exerto
582 1778 743 1809 bellatrix
772 1783 912 1819 pectore
946 1780 1011 1811 Ro-

301 1829 381 1861 ma.'

346 1883 388 1912 92
412 1882 565 1912 Armatur
589 1885 708 1912 terrore
729 1882 842 1922 pudor]
876 1882 1013 1913 Palladi

302 1931 440 1973 propria
471 1931 717 1972 descriptione,
756 1937 794 1963 ut
824 1932 1011 1973 viraginem

303 1982 470 2022 virginem
488 1992 664 2023 agnoscas.

349 2034 513 2073 Gulaeque
528 2033 657 2073 minaci]
682 2034 771 2065 Nam
789 2037 940 2064 monstra
956 2044 1010 2066 co-

300 2083 353 2115 nis
372 2085 544 2125 galearum
559 2084 749 2125 infigebant
763 2089 909 2123 veteres,
922 2086 1011 2115 Dra-

302 2144 416 2172 eones,
434 2135 580 2170 Leones,
599 2135 772 2175 GryphOS,
787 2135 847 2165 ἃς.
872 2135 990 2166 Barth.

345 2187 386 2215 94
413 2186 456 2215 Et
465 2185 655 2225 formidato]
679 2185 884 2216 Terrificum
898 2186 1011 2226 clypei

295 2234 411 2276 jubar.
439 2236 534 2265 Idem.

346 2289 388 2317 96
416 2288 456 2316 Et
480 2287 602 2326 patrius
628 2288 786 2319 Mavortis
811 2288 911 2328 amor]
933 2288 1011 2320 Quo

302 2341 439 2377 patrem
457 2338 588 2368 Romuli
601 2342 636 2369 et
650 2338 749 2369 Remi
765 2339 858 2368 Mars
870 2337 1011 2369 fsstetur.

304 2387 437 2417 Patrius
454 2388 542 2417 enim
562 2398 649 2418 amor·
664 2389 833 2428 Mavortis,
861 2388 918 2429 qui
935 2399 1010 2419 eum

303 2441 437 2478 patrem
455 2436 537 2469 fecit
556 2445 621 2469 tam
639 2439 800 2470 nobilium
816 2449 1012 2479 puerorum,

303 2497 474 2529 quemque
489 2488 544 2518 ille
561 2489 691 2520 fatetur
711 2490 843 2520 Romuli
862 2494 897 2520 et
914 2490 1012 2520 Remi

303 2537 449 2578 glorians
466 2548 540 2568 esse
559 2544 667 2578 pater.
694 2540 790 2570 Idem.

348 2590 389 2618 97
415 2587 580 2619 Romulei.-
608 2589 680 2629 pius
709 2590 809 2620 amnis
838 2590 932 2629 inest]
957 2591 1012 2621 Sic

307 2636 463 2678 plerique
482 2639 614 2678 scripti.
661 2640 789 2670 Moreti
816 2639 916 2677 liber,
941 2641 1013 2680 pius

304 2698 422 2719 annus:
453 2699 537 2719 unus
570 2689 759 2727 Mefflcens,
790 2690 878 2729 prius
894 2690 1012 2721 amnis:

307 2739 462 2779 proxime
489 2749 617 2770 verum.
662 2740 776 2780 Vulgo
803 2744 873 2780 post
900 2741 1011 2772 amnis.

307 2790 386 2820 Pius
409 2789 522 2831 amnis,
553 2790 645 2831 quod
661 2790 777 2831 pueris
795 2790 1011 2832 pepercerit:

758 225 1025 256 VAIUORUM
1060 225 1111 255 ΙΝ
1146 225 1219 255 CL.
1253 224 1439 255 CLAUD.
1472 224 1503 253 Ι.

1063 323 1166 360 atque
1196 320 1245 350 ita
1274 319 1365 350 curis
1404 316 1563 349 secundis
1594 315 1772 349 Barthius.

1065 371 1107 401 D.
1125 370 1236 401 Heius.

1106 421 1186 450 Pius
1198 419 1313 459 amnis]
1339 418 1441 450 Ovid.
1453 419 1540 449 Fast.
1552 426 1607 448 111.
1637 417 1646 434 ‘
1661 416 1772 448 Amne

1057 469 1161 509 jubet
1176 470 1282 507 mergi
1295 469 1465 509 geminos:
1492 469 1603 499 scelus
1618 467 1710 498 unda
1722 476 1775 497 re·

1062 519 1168 559 fugit:
1209 520 1250 550 In
1279 521 1372 551 sicca
1407 519 1502 559 pueri
1538 518 1774 549 destituuntur

1063 570 1187 601 humo!
1234 571 1332 601 Hanc
1360 570 1525 611 pietatem
1553 571 1774 609 expresserat

1064 621 1251 661 Vulcanus,
1267 622 1422 652 Tiberim
1435 621 1614 653 cedentem
1628 619 1772 660 fingens.

1062 671 1178 702 Bru-tle.

1105 721 1221 752 Bellua
1238 723 1364 762 nutrix]
1390 723 1496 764 Lupa.

1106 774 1148 801 99
1173 772 1204 802 F
1207 773 1318 811 ingunt
1333 783 1397 803 oera
1410 773 1528 814 lupum]
1552 773 1641 804 Haec
1659 772 1773 813 magni

1062 821 1227 861 Scaligeri
1256 823 1472 862 conjectura,
1503 833 1604 864 quam
1638 823 1773 863 Raphe-

1063 870 1194 910 longius
1226 876 1262 901 et
1301 881 1376 902 cum
1418 872 1576 903 Claverio
1607 873 1770 904 Barthius

1063 921 1185 951 merito
1201 921 1402 961 probarunt.
1439 921 1581 962 Gyraldi
1596 922 1682 952 liber
1695 931 1772 953 cum

1064 970 1266 1011 Petaviano,
1294 972 1445 1011 Pingunt.
1473 972 1595 1011 Vulgo,
1623 972 1774 1011 Tingunt.

1062 1022 1121 1053 lib.
1138 1032 1161 1053 1.
1187 1023 1229 1054 de
1244 1024 1346 1063 Rapt.
1364 1033 1408 1053 vs.
1425 1025 1499 1054 265.
1532 1023 1541 1038 ‘
1560 1022 1635 1053 Nec
1652 1032 1719 1053 non
1736 1026 1774 1054 et

1063 1073 1175 1112 patrui
1192 1072 1291 1113 fingit
1306 1073 1454 1105 sacraria
1470 1072 1573 1104 ditis!
1607 1073 1665 1104 Sic
1683 1072 1773 1104 enim

1061 1124 1181 1163 scripti
1194 1124 1330 1165 quidam
1347 1136 1353 1155 :
1379 1129 1460 1155 ante
1478 1123 1605 1154 ibidem
1622 1124 1774 1163 dixerat,

1062 1175 1070 1190 ‘
1086 1180 1204 1205 tenero
1245 1174 1444 1205 clementior
1482 1183 1556 1204 aevo
1594 1174 1772 1213 Fingiturf

1062 1225 1155 1255 Vera
1167 1225 1342 1265 scriptura
1354 1230 1407 1256 est
1424 1225 1456 1255 in
1471 1224 1582 1265 primo
1592 1224 1771 1257 Vaticano.

1063 1275 1107 1305 D.
1127 1275 1238 1305 Heins.

1108 1327 1169 1354 100
1201 1325 1278 1355 Jam
1307 1325 1400 1355 simul
1428 1323 1562 1363 emissis]
1599 1324 1706 1355 Simul
1731 1333 1772 1356 ac

1063 1374 1239 1414 Zephyros
1257 1375 1371 1405 aerem
1387 1375 1609 1414 sereniorem,
1631 1375 1771 1406 minime

1064 1424 1222 1464 gravibus
1238 1424 1347 1455 ventis
1363 1424 1551 1464 turbatum,
1563 1424 1772 1465 intelligunt.

1065 1474 1128 1505 His
1146 1473 1228 1506 ferri
1247 1475 1394 1514 numina,
1421 1480 1459 1506 ut
1485 1479 1522 1506 et
1546 1475 1620 1506 aliis
1637 1476 1770 1508 ventis:

1063 1525 1186 1566 Papin.
1202 1526 1261 1557 lib.
1280 1535 1302 1557 1.
1323 1525 1427 1556 Theb.
1450 1526 1459 1543 ‘
1479 1526 1667 1557 Portantes
1688 1536 1774 1566 prae-

1063 1575 1146 1606 cede
1164 1576 1287 1615 Notos,
1303 1575 1461 1615 Cyllenia
1479 1574 1615 1616 proles!
1655 1576 1772 1608 Barth.

1108 1629 1167 1656 101
1197 1627 1357 1666 Cursuque
1372 1630 1511 1657 rotarum
1526 1626 1649 1666 saucia]
1673 1627 1772 1659 Idem

1064 1674 1148 1705 dicit
1167 1675 1290 1715 Papin.
1319 1676 1376 1707 lib.
1393 1685 1420 1708 1.
1453 1677 1462 1692 ‘
1479 1676 1555 1707 Nec
1573 1686 1679 1717 mora,
1693 1676 1771 1708 sub-

1062 1727 1156 1757 limes
1173 1727 1296 1767 raptim
1314 1737 1375 1767 per
1391 1728 1490 1758 inane
1504 1729 1636 1759 volatus
1653 1728 1774 1769 Carpit

1062 1783 1097 1809 et
1112 1778 1242 1818 ingenti
1256 1778 1424 1818 dissignat
1435 1778 1552 1809 nubila
1563 1779 1670 1820 gyro?
1694 1780 1773 1811 Hoc

1062 1833 1125 1868 est,
1142 1828 1321 1868 dispescit,
1350 1833 1387 1859 ut
1410 1828 1521 1860 orbita
1545 1830 1578 1865 in
1606 1830 1646 1861 iis
1664 1839 1771 1870 appa-

1063 1884 1147 1910 reat.
1172 1880 1270 1910 Idem.

1107 1932 1168 1960 102
1207 1931 1390 1960 Clurescunt
1440 1929 1561 1970 nubila]
1608 1931 1770 1963 Semitam

1062 1980 1151 2010 euim
1174 1980 1373 2011 lucidiorem
1391 1979 1474 2011 facit
1497 1986 1575 2012 rota
1592 1982 1771 2022 perlabens

1062 2035 1121 2061 aut
1137 2030 1329 2070 pervolans.
1353 2030 1451 2061 Idem.

1109 2084 1169 2112 104
1211 2082 1309 2116 Quem
1334 2085 1476 2121 poscunt,
1507 2081 1657 2122 tetigere]
1691 2082 1772 2114 Sola

1064 2132 1265 2162 voluntate:
1302 2132 1390 2162 uude
1419 2133 1506 2163 scite
1537 2133 1639 2163 etiam
1669 2133 1770 2174 dixit,

1063 2183 1150 2222 lapsu
1164 2185 1312 2221 protenus
1321 2192 1392 2221 uno,
1404 2184 1493 2222 quod
1509 2183 1616 2223 ipsum
1634 2183 1771 2214 omniuo

1063 2237 1199 2274 tempus
1231 2233 1494 2264 considerationi
1523 2234 1654 2265 eximit.
1709 2234 1770 2265 Dii

1063 2290 1176 2314 autem
1196 2283 1285 2324 quod
1304 2284 1444 2323 vellent,
1467 2285 1632 2316 continuo
1648 2284 1684 2315 id
1699 2283 1770 2316 fac-

1065 2339 1136 2365 tum
1162 2333 1290 2365 habere
1308 2334 1524 2375 dicebantur,
1549 2334 1710 2367 effectum
1730 2335 1769 2366 il-

1062 2384 1129 2414 lico
1145 2389 1247 2414 nacta
1264 2384 1452 2424 voluntate,
1467 2385 1494 2416 si
1512 2385 1592 2426 quid
1608 2384 1682 2417 fieri
1697 2385 1770 2426 pla-

1063 2435 1203 2466 cuisset.

1107 2485 1249 2523 Tetigere
1266 2484 1378 2523 locum]
1403 2485 1474 2525 Ipsi
1500 2485 1666 2518 videlicet
1680 2485 1769 2528 requi

1063 2540 1230 2566 noverant
1249 2545 1314 2576 quo
1329 2535 1475 2566 eundum
1491 2535 1592 2566 foret.

1108 2585 1189 2616 Fine
1204 2585 1259 2615 sub
1280 2585 1355 2625 uno]
1391 2584 1432 2615 Τὸ
1457 2596 1516 2616 uno
1543 2591 1770 2626 praecesserat

1064 2636 1230 2676 proxime,
1258 2636 1345 2675 lapsu
1371 2636 1512 2676 protinus
1537 2646 1608 2668 uno.
1654 2637 1769 2670 Quare

1064 2686 1281 2717 scribendum
1303 2686 1373 2727 fine
1401 2687 1456 2717 sub
1482 2688 1552 2718 imo.
1608 2688 1769 2721 Barthius

1063 2736 1238 2778 lualitflne
1252 2737 1374 2777 supino.
1420 2738 1550 2768 Statius
1566 2738 1634 2769 Via
1649 2738 1769 2770 Domi-

1064 2788 1169 2829 tiana,
1191 2789 1201 2805 ‘
1217 2787 1285 2820 Sed
1310 2798 1410 2830 quam
1436 2787 1504 2820 fine
1528 2789 1592 2822 viae
1617 2788 1767 2823 recentis
