<?xml version="1.0" encoding="UTF-8"?>
<!DOCTYPE html PUBLIC "-//W3C//DTD XHTML 1.0 Transitional//EN"
    "http://www.w3.org/TR/xhtml1/DTD/xhtml1-transitional.dtd">
<html xmlns="http://www.w3.org/1999/xhtml" xml:lang="en" lang="en">
 <head>
  <title>
</title>
<meta http-equiv="Content-Type" content="text/html;charset=utf-8" />
  <meta name='ocr-system' content='tesseract 3.04.00' />
  <meta name='ocr-capabilities' content='ocr_page ocr_carea ocr_par ocr_line ocrx_word'/>
</head>
<body>
  <div class='ocr_page' id='page_1' title='image "./operaomniaexedit03clauuoft_0069.png"; bbox 0 0 1852 3182; ppageno 0'>
   <div class='ocr_carea' id='block_1_1' title="bbox 548 220 1498 267">
    <p class='ocr_par' dir='ltr' id='par_1_1' title="bbox 548 220 1498 267">
     <span class='ocr_line' id='line_1_1' title="bbox 548 220 1498 267; baseline 0.018 -19"><span class='ocrx_word' id='word_1_1' title='bbox 548 220 980 255; x_wconf 71' lang='lat' dir='ltr'>GiGANToiuAcnrA.</span> <span class='ocrx_word' id='word_1_2' title='bbox 1390 227 1498 267; x_wconf 71' lang='grc'>1043</span> 
     </span>
    </p>
   </div>
   <div class='ocr_carea' id='block_1_2' title="bbox 36 310 1498 1181">
    <p class='ocr_par' dir='ltr' id='par_1_2' title="bbox 45 310 1048 368">
     <span class='ocr_line' id='line_1_2' title="bbox 45 310 1048 368; baseline 0.01 -18"><span class='ocrx_word' id='word_1_3' title='bbox 45 310 228 352; x_wconf 81' lang='lat' dir='ltr'>Lethaeo</span> <span class='ocrx_word' id='word_1_4' title='bbox 251 312 420 353; x_wconf 88' lang='lat' dir='ltr'>vehitur</span> <span class='ocrx_word' id='word_1_5' title='bbox 434 323 575 359; x_wconf 87' lang='lat' dir='ltr'>curru,</span> <span class='ocrx_word' id='word_1_6' title='bbox 598 313 826 368; x_wconf 84' lang='lat' dir='ltr'>lucemque</span> <span class='ocrx_word' id='word_1_7' title='bbox 844 318 1048 360; x_wconf 86' lang='lat' dir='ltr'>timentes</span> 
     </span>
    </p>

    <p class='ocr_par' dir='ltr' id='par_1_3' title="bbox 45 376 1098 437">
     <span class='ocr_line' id='line_1_3' title="bbox 45 376 1098 437; baseline 0.01 -20"><span class='ocrx_word' id='word_1_8' title='bbox 45 376 275 419; x_wconf 84' lang='lat' dir='ltr'>Insolitam</span> <span class='ocrx_word' id='word_1_9' title='bbox 295 380 500 420; x_wconf 84' lang='lat' dir='ltr'>mirantur</span> <span class='ocrx_word' id='word_1_10' title='bbox 521 381 640 434; x_wconf 84' lang='lat' dir='ltr'>equi,</span> <span class='ocrx_word' id='word_1_11' title='bbox 663 383 922 437; x_wconf 84' lang='lat' dir='ltr'>trepidoque</span> <span class='ocrx_word' id='word_1_12' title='bbox 952 387 1098 428; x_wconf 78' lang='lat' dir='ltr'>volatu</span> 
     </span>
    </p>

    <p class='ocr_par' dir='ltr' id='par_1_4' title="bbox 43 444 1100 498">
     <span class='ocr_line' id='line_1_4' title="bbox 43 444 1100 498; baseline 0.009 -14"><span class='ocrx_word' id='word_1_13' title='bbox 43 444 224 498; x_wconf 85' lang='lat' dir='ltr'>Spissas</span> <span class='ocrx_word' id='word_1_14' title='bbox 248 446 447 486; x_wconf 83' lang='lat' dir='ltr'>coeruleis</span> <span class='ocrx_word' id='word_1_15' title='bbox 470 449 670 489; x_wconf 83' lang='lat' dir='ltr'>tenebras</span> <span class='ocrx_word' id='word_1_16' title='bbox 691 463 713 489; x_wconf 87' lang='lat' dir='ltr'>e</span> <span class='ocrx_word' id='word_1_17' title='bbox 734 451 913 493; x_wconf 83' lang='lat' dir='ltr'>naribus</span> <span class='ocrx_word' id='word_1_18' title='bbox 938 454 1100 496; x_wconf 84' lang='lat' dir='ltr'>efflant.</span> 
     </span>
    </p>

    <p class='ocr_par' dir='ltr' id='par_1_5' title="bbox 41 511 1135 571">
     <span class='ocr_line' id='line_1_5' title="bbox 41 511 1135 571; baseline 0.013 -22"><span class='ocrx_word' id='word_1_19' title='bbox 41 512 110 551; x_wconf 88' lang='lat' dir='ltr'>Ac</span> <span class='ocrx_word' id='word_1_20' title='bbox 132 511 250 552; x_wconf 81' lang='lat' dir='ltr'>velut</span> <span class='ocrx_word' id='word_1_21' title='bbox 269 512 442 553; x_wconf 84' lang='lat' dir='ltr'>hostilis</span> <span class='ocrx_word' id='word_1_22' title='bbox 463 526 560 554; x_wconf 85' lang='lat' dir='ltr'>cum</span> <span class='ocrx_word' id='word_1_23' title='bbox 582 517 783 558; x_wconf 83' lang='lat' dir='ltr'>machina</span> <span class='ocrx_word' id='word_1_24' title='bbox 805 521 951 561; x_wconf 84' lang='lat' dir='ltr'>terruit</span> <span class='ocrx_word' id='word_1_25' title='bbox 972 523 1135 571; x_wconf 90' lang='lat' dir='ltr'>urbem,</span> 
     </span>
    </p>

    <p class='ocr_par' dir='ltr' id='par_1_6' title="bbox 42 577 1498 700">
     <span class='ocr_line' id='line_1_6' title="bbox 43 577 1498 639; baseline 0.012 -23"><span class='ocrx_word' id='word_1_26' title='bbox 43 577 251 630; x_wconf 84' lang='lat' dir='ltr'>Undique</span> <span class='ocrx_word' id='word_1_27' title='bbox 268 586 525 621; x_wconf 86' lang='lat' dir='ltr'>concurrunt</span> <span class='ocrx_word' id='word_1_28' title='bbox 548 594 691 623; x_wconf 82' lang='lat' dir='ltr'>arcem</span> <span class='ocrx_word' id='word_1_29' title='bbox 714 584 944 627; x_wconf 80' lang='lat' dir='ltr'>defendere</span> <span class='ocrx_word' id='word_1_30' title='bbox 966 588 1086 629; x_wconf 80' lang='lat' dir='ltr'>cives</span> <span class='ocrx_word' id='word_1_31' title='bbox 1104 603 1115 639; x_wconf 89' lang='lat'>;</span> <span class='ocrx_word' id='word_1_32' title='bbox 1444 595 1498 634; x_wconf 78' lang='lat'>50</span> 
     </span>
     <span class='ocr_line' id='line_1_7' title="bbox 42 643 1207 700; baseline 0.013 -17"><span class='ocrx_word' id='word_1_33' title='bbox 42 643 176 684; x_wconf 82' lang='lat' dir='ltr'>Haud</span> <span class='ocrx_word' id='word_1_34' title='bbox 198 658 326 686; x_wconf 87' lang='lat' dir='ltr'>secus</span> <span class='ocrx_word' id='word_1_35' title='bbox 348 649 590 700; x_wconf 84' lang='lat' dir='ltr'>omnigenis</span> <span class='ocrx_word' id='word_1_36' title='bbox 610 649 816 693; x_wconf 73' lang='lat' dir='ltr'>co&#39;eimtia</span> <span class='ocrx_word' id='word_1_37' title='bbox 840 653 1035 696; x_wconf 85' lang='lat' dir='ltr'>Numina</span> <span class='ocrx_word' id='word_1_38' title='bbox 1056 656 1207 698; x_wconf 82' lang='lat' dir='ltr'>formis</span> 
     </span>
    </p>

    <p class='ocr_par' dir='ltr' id='par_1_7' title="bbox 41 709 1175 775">
     <span class='ocr_line' id='line_1_8' title="bbox 41 709 1175 775; baseline 0.013 -25"><span class='ocrx_word' id='word_1_39' title='bbox 41 709 112 751; x_wconf 86' lang='lat' dir='ltr'>Ad</span> <span class='ocrx_word' id='word_1_40' title='bbox 132 714 300 765; x_wconf 80' lang='lat' dir='ltr'>patrias</span> <span class='ocrx_word' id='word_1_41' title='bbox 323 727 479 755; x_wconf 85' lang='lat' dir='ltr'>venere</span> <span class='ocrx_word' id='word_1_42' title='bbox 500 715 670 758; x_wconf 86' lang='lat' dir='ltr'>domos.</span> <span class='ocrx_word' id='word_1_43' title='bbox 731 718 844 760; x_wconf 86' lang='lat' dir='ltr'>Tum</span> <span class='ocrx_word' id='word_1_44' title='bbox 865 720 1040 775; x_wconf 86' lang='lat' dir='ltr'>Jupiter</span> <span class='ocrx_word' id='word_1_45' title='bbox 1060 723 1175 765; x_wconf 86' lang='lat' dir='ltr'>infit:</span> 
     </span>
    </p>

    <p class='ocr_par' dir='ltr' id='par_1_8' title="bbox 42 776 1146 844">
     <span class='ocr_line' id='line_1_9' title="bbox 42 776 1146 844; baseline 0.014 -28"><span class='ocrx_word' id='word_1_46' title='bbox 42 776 80 815; x_wconf 86' lang='grc'>0</span> <span class='ocrx_word' id='word_1_47' title='bbox 102 791 324 832; x_wconf 83' lang='lat' dir='ltr'>nunquam</span> <span class='ocrx_word' id='word_1_48' title='bbox 343 782 536 834; x_wconf 85' lang='lat' dir='ltr'>peritura</span> <span class='ocrx_word' id='word_1_49' title='bbox 557 785 730 835; x_wconf 84' lang='lat' dir='ltr'>cohors,</span> <span class='ocrx_word' id='word_1_50' title='bbox 752 800 778 827; x_wconf 88' lang='lat' dir='ltr'>o</span> <span class='ocrx_word' id='word_1_51' title='bbox 801 787 953 841; x_wconf 79' lang='lat' dir='ltr'>debita</span> <span class='ocrx_word' id='word_1_52' title='bbox 973 803 1146 844; x_wconf 86' lang='lat' dir='ltr'><strong>semper</strong></span> 
     </span>
    </p>

    <p class='ocr_par' dir='ltr' id='par_1_9' title="bbox 40 843 1031 908">
     <span class='ocr_line' id='line_1_10' title="bbox 40 843 1031 908; baseline 0.014 -24"><span class='ocrx_word' id='word_1_53' title='bbox 40 843 163 886; x_wconf 88' lang='lat' dir='ltr'>Coelo</span> <span class='ocrx_word' id='word_1_54' title='bbox 183 849 425 900; x_wconf 84' lang='lat' dir='ltr'>progenies,</span> <span class='ocrx_word' id='word_1_55' title='bbox 448 851 665 905; x_wconf 80' lang='lat' dir='ltr'>nullisque</span> <span class='ocrx_word' id='word_1_56' title='bbox 682 854 883 899; x_wconf 12' lang='lat' dir='ltr'>‘obnoxia</span> <span class='ocrx_word' id='word_1_57' title='bbox 903 857 1003 897; x_wconf 74' lang='lat' dir='ltr'>fatis</span> <span class='ocrx_word' id='word_1_58' title='bbox 1021 871 1031 908; x_wconf 81' lang='lat'>3</span> 
     </span>
    </p>

    <p class='ocr_par' dir='ltr' id='par_1_10' title="bbox 38 911 1495 1044">
     <span class='ocr_line' id='line_1_11' title="bbox 39 911 1495 975; baseline 0.014 -24"><span class='ocrx_word' id='word_1_59' title='bbox 39 911 237 962; x_wconf 71' lang='lat' dir='ltr'>Comitis,</span> <span class='ocrx_word' id='word_1_60' title='bbox 260 918 306 955; x_wconf 88' lang='lat' dir='ltr'>ut</span> <span class='ocrx_word' id='word_1_61' title='bbox 325 920 518 957; x_wconf 80' lang='lat' dir='ltr'>nostrum</span> <span class='ocrx_word' id='word_1_62' title='bbox 538 918 687 959; x_wconf 81' lang='lat' dir='ltr'>Tellus</span> <span class='ocrx_word' id='word_1_63' title='bbox 710 922 908 975; x_wconf 87' lang='lat' dir='ltr'>conjuret</span> <span class='ocrx_word' id='word_1_64' title='bbox 925 924 967 963; x_wconf 92' lang='lat' dir='ltr'>in</span> <span class='ocrx_word' id='word_1_65' title='bbox 988 927 1137 967; x_wconf 89' lang='lat' dir='ltr'>orbem</span> <span class='ocrx_word' id='word_1_66' title='bbox 1439 931 1495 970; x_wconf 83' lang='lat'>55</span> 
     </span>
     <span class='ocr_line' id='line_1_12' title="bbox 38 978 1151 1044; baseline 0.015 -26"><span class='ocrx_word' id='word_1_67' title='bbox 38 978 169 1020; x_wconf 91' lang='lat' dir='ltr'>Prole</span> <span class='ocrx_word' id='word_1_68' title='bbox 186 993 315 1031; x_wconf 83' lang='lat' dir='ltr'>nova,</span> <span class='ocrx_word' id='word_1_69' title='bbox 338 982 592 1037; x_wconf 84' lang='lat' dir='ltr'>dederitque</span> <span class='ocrx_word' id='word_1_70' title='bbox 613 987 726 1027; x_wconf 84' lang='lat' dir='ltr'>alios</span> <span class='ocrx_word' id='word_1_71' title='bbox 749 988 943 1031; x_wconf 84' lang='lat' dir='ltr'>interrita</span> <span class='ocrx_word' id='word_1_72' title='bbox 964 998 1115 1044; x_wconf 82' lang='lat' dir='ltr'>partus</span> <span class='ocrx_word' id='word_1_73' title='bbox 1133 995 1151 1034; x_wconf 69' lang='grc' dir='ltr'>Τ</span> 
     </span>
    </p>

    <p class='ocr_par' dir='ltr' id='par_1_11' title="bbox 37 1045 1040 1103">
     <span class='ocr_line' id='line_1_13' title="bbox 37 1045 1040 1103; baseline 0.015 -18"><span class='ocrx_word' id='word_1_74' title='bbox 37 1045 165 1099; x_wconf 84' lang='lat' dir='ltr'>Ergo,</span> <span class='ocrx_word' id='word_1_75' title='bbox 189 1054 293 1101; x_wconf 85' lang='lat' dir='ltr'>quot</span> <span class='ocrx_word' id='word_1_76' title='bbox 311 1049 475 1091; x_wconf 85' lang='lat' dir='ltr'>dederit</span> <span class='ocrx_word' id='word_1_77' title='bbox 495 1056 633 1103; x_wconf 80' lang='lat' dir='ltr'>natos,</span> <span class='ocrx_word' id='word_1_78' title='bbox 655 1058 722 1094; x_wconf 86' lang='lat' dir='ltr'>tot</span> <span class='ocrx_word' id='word_1_79' title='bbox 743 1054 897 1097; x_wconf 84' lang='lat' dir='ltr'>funera</span> <span class='ocrx_word' id='word_1_80' title='bbox 913 1061 1040 1100; x_wconf 82' lang='lat' dir='ltr'>matri</span> 
     </span>
    </p>

    <p class='ocr_par' dir='ltr' id='par_1_12' title="bbox 36 1111 1181 1181">
     <span class='ocr_line' id='line_1_14' title="bbox 36 1111 1181 1181; baseline 0.014 -28"><span class='ocrx_word' id='word_1_81' title='bbox 36 1111 310 1156; x_wconf 80' lang='lat' dir='ltr'>Reddamus.</span> <span class='ocrx_word' id='word_1_82' title='bbox 373 1116 526 1170; x_wconf 82' lang='lat' dir='ltr'>Longo</span> <span class='ocrx_word' id='word_1_83' title='bbox 547 1124 724 1161; x_wconf 82' lang='lat' dir='ltr'>maneat</span> <span class='ocrx_word' id='word_1_84' title='bbox 743 1136 821 1175; x_wconf 90' lang='lat' dir='ltr'>per</span> <span class='ocrx_word' id='word_1_85' title='bbox 843 1125 1015 1167; x_wconf 83' lang='lat' dir='ltr'>saecula</span> <span class='ocrx_word' id='word_1_86' title='bbox 1034 1127 1181 1181; x_wconf 82' lang='lat' dir='ltr'>luctu3</span> 
     </span>
    </p>
   </div>
   <div class='ocr_carea' id='block_1_3' title="bbox 21 1215 1498 1574">
    <p class='ocr_par' dir='ltr' id='par_1_13' title="bbox 21 1215 1498 1574">
     <span class='ocr_line' id='line_1_15' title="bbox 34 1215 1497 1267; baseline 0.014 -21"><span class='ocrx_word' id='word_1_87' title='bbox 34 1215 96 1253; x_wconf 72' lang='lat' dir='ltr'>eius</span> <span class='ocrx_word' id='word_1_88' title='bbox 110 1221 279 1250; x_wconf 79' lang='lat' dir='ltr'>metuentes</span> <span class='ocrx_word' id='word_1_89' title='bbox 302 1220 384 1251; x_wconf 76' lang='lat' dir='ltr'>diem</span> <span class='ocrx_word' id='word_1_90' title='bbox 410 1221 563 1254; x_wconf 79' lang='lat' dir='ltr'>insuetum</span> <span class='ocrx_word' id='word_1_91' title='bbox 587 1225 814 1267; x_wconf 82' lang='lat' dir='ltr'>obstupescunt,</span> <span class='ocrx_word' id='word_1_92' title='bbox 839 1232 868 1259; x_wconf 82' lang='lat' dir='ltr'>et</span> <span class='ocrx_word' id='word_1_93' title='bbox 898 1231 1002 1261; x_wconf 77' lang='lat' dir='ltr'>volatu</span> <span class='ocrx_word' id='word_1_94' title='bbox 1028 1232 1138 1262; x_wconf 75' lang='lat' dir='ltr'>timido</span> <span class='ocrx_word' id='word_1_95' title='bbox 1154 1234 1301 1265; x_wconf 82' lang='lat' dir='ltr'>emittunt</span> <span class='ocrx_word' id='word_1_96' title='bbox 1315 1245 1355 1266; x_wconf 67' lang='lat' dir='ltr'>es·</span> <span class='ocrx_word' id='word_1_97' title='bbox 1370 1236 1497 1267; x_wconf 74' lang='lat' dir='ltr'>naribus</span> 
     </span>
     <span class='ocr_line' id='line_1_16' title="bbox 34 1258 1498 1310; baseline 0.015 -22"><span class='ocrx_word' id='word_1_98' title='bbox 34 1258 134 1298; x_wconf 81' lang='lat' dir='ltr'>nigris</span> <span class='ocrx_word' id='word_1_99' title='bbox 162 1261 327 1301; x_wconf 77' lang='lat' dir='ltr'>caliginem</span> <span class='ocrx_word' id='word_1_100' title='bbox 353 1265 489 1296; x_wconf 78' lang='lat' dir='ltr'>densam.</span> <span class='ocrx_word' id='word_1_101' title='bbox 537 1268 581 1297; x_wconf 80' lang='lat' dir='ltr'>Et</span> <span class='ocrx_word' id='word_1_102' title='bbox 606 1271 857 1308; x_wconf 78' lang='lat' dir='ltr'>quemadmodum</span> <span class='ocrx_word' id='word_1_103' title='bbox 884 1282 952 1303; x_wconf 86' lang='lat' dir='ltr'>cum</span> <span class='ocrx_word' id='word_1_104' title='bbox 975 1277 1160 1306; x_wconf 79' lang='lat' dir='ltr'>tormentum</span> <span class='ocrx_word' id='word_1_105' title='bbox 1183 1277 1340 1308; x_wconf 83' lang='lat' dir='ltr'>bellicum</span> <span class='ocrx_word' id='word_1_106' title='bbox 1366 1279 1498 1310; x_wconf 76' lang='lat' dir='ltr'>hostium</span> 
     </span>
     <span class='ocr_line' id='line_1_17' title="bbox 33 1302 1497 1354; baseline 0.015 -23"><span class='ocrx_word' id='word_1_107' title='bbox 33 1302 216 1342; x_wconf 61' lang='lat' dir='ltr'>terrificat-it</span> <span class='ocrx_word' id='word_1_108' title='bbox 232 1304 346 1343; x_wconf 83' lang='lat' dir='ltr'>urbem,</span> <span class='ocrx_word' id='word_1_109' title='bbox 371 1307 452 1338; x_wconf 64' lang='lat' dir='ltr'>cii-es</span> <span class='ocrx_word' id='word_1_110' title='bbox 479 1310 677 1350; x_wconf 74' lang='lat' dir='ltr'>undequaque</span> <span class='ocrx_word' id='word_1_111' title='bbox 693 1312 850 1352; x_wconf 82' lang='lat' dir='ltr'>confluunt</span> <span class='ocrx_word' id='word_1_112' title='bbox 867 1315 909 1345; x_wconf 84' lang='lat' dir='ltr'>ad</span> <span class='ocrx_word' id='word_1_113' title='bbox 927 1318 1072 1347; x_wconf 76' lang='lat' dir='ltr'>tutandus</span> <span class='ocrx_word' id='word_1_114' title='bbox 1086 1321 1206 1354; x_wconf 81' lang='lat' dir='ltr'>turres;</span> <span class='ocrx_word' id='word_1_115' title='bbox 1235 1330 1294 1350; x_wconf 79' lang='lat' dir='ltr'>mm</span> <span class='ocrx_word' id='word_1_116' title='bbox 1318 1321 1411 1351; x_wconf 79' lang='lat' dir='ltr'>aliter</span> <span class='ocrx_word' id='word_1_117' title='bbox 1437 1323 1497 1353; x_wconf 84' lang='lat' dir='ltr'>Dii</span> 
     </span>
     <span class='ocr_line' id='line_1_18' title="bbox 32 1345 1498 1403; baseline 0.015 -30"><span class='ocrx_word' id='word_1_118' title='bbox 32 1345 215 1385; x_wconf 79' lang='lat' dir='ltr'>confluentes</span> <span class='ocrx_word' id='word_1_119' title='bbox 232 1347 352 1386; x_wconf 82' lang='lat' dir='ltr'>figuris</span> <span class='ocrx_word' id='word_1_120' title='bbox 380 1351 551 1390; x_wconf 71' lang='lat' dir='ltr'>ornraigenis</span> <span class='ocrx_word' id='word_1_121' title='bbox 573 1355 763 1385; x_wconf 75' lang='lat' dir='ltr'>advenerunt</span> <span class='ocrx_word' id='word_1_122' title='bbox 788 1357 827 1386; x_wconf 82' lang='lat' dir='ltr'>ud</span> <span class='ocrx_word' id='word_1_123' title='bbox 843 1358 994 1396; x_wconf 80' lang='lat' dir='ltr'>palatium</span> <span class='ocrx_word' id='word_1_124' title='bbox 1017 1360 1180 1398; x_wconf 81' lang='lat' dir='ltr'>putrium:</span> <span class='ocrx_word' id='word_1_125' title='bbox 1204 1365 1270 1392; x_wconf 81' lang='lat' dir='ltr'>tum</span> <span class='ocrx_word' id='word_1_126' title='bbox 1296 1364 1425 1403; x_wconf 80' lang='lat' dir='ltr'>Jupiter</span> <span class='ocrx_word' id='word_1_127' title='bbox 1449 1365 1498 1396; x_wconf 89' lang='lat' dir='ltr'>sic</span> 
     </span>
     <span class='ocr_line' id='line_1_19' title="bbox 32 1386 1497 1447; baseline 0.015 -32"><span class='ocrx_word' id='word_1_128' title='bbox 32 1386 170 1426; x_wconf 81' lang='lat' dir='ltr'>loquitur</span> <span class='ocrx_word' id='word_1_129' title='bbox 184 1399 194 1418; x_wconf 92' lang='lat'>.·</span> <span class='ocrx_word' id='word_1_130' title='bbox 220 1390 249 1419; x_wconf 87' lang='grc'>0</span> <span class='ocrx_word' id='word_1_131' title='bbox 264 1393 359 1420; x_wconf 78' lang='lat' dir='ltr'>coetus</span> <span class='ocrx_word' id='word_1_132' title='bbox 384 1401 534 1431; x_wconf 81' lang='lat' dir='ltr'>nunquam</span> <span class='ocrx_word' id='word_1_133' title='bbox 560 1396 741 1435; x_wconf 84' lang='lat' dir='ltr'>moriturus,</span> <span class='ocrx_word' id='word_1_134' title='bbox 767 1408 783 1427; x_wconf 90' lang='grc' dir='ltr'><em>ο</em></span> <span class='ocrx_word' id='word_1_135' title='bbox 805 1400 906 1437; x_wconf 84' lang='lat' dir='ltr'>proles</span> <span class='ocrx_word' id='word_1_136' title='bbox 918 1410 1009 1440; x_wconf 79' lang='lat' dir='ltr'>usque</span> <span class='ocrx_word' id='word_1_137' title='bbox 1021 1403 1129 1432; x_wconf 72' lang='lat' dir='ltr'>devota</span> <span class='ocrx_word' id='word_1_138' title='bbox 1148 1404 1244 1441; x_wconf 81' lang='lat' dir='ltr'>Coelo,</span> <span class='ocrx_word' id='word_1_139' title='bbox 1261 1408 1291 1435; x_wconf 80' lang='lat' dir='ltr'>et</span> <span class='ocrx_word' id='word_1_140' title='bbox 1313 1406 1388 1436; x_wconf 82' lang='lat' dir='ltr'>nulli</span> <span class='ocrx_word' id='word_1_141' title='bbox 1404 1416 1497 1447; x_wconf 77' lang='lat' dir='ltr'>expo-</span> 
     </span>
     <span class='ocr_line' id='line_1_20' title="bbox 32 1429 1497 1487; baseline 0.014 -29"><span class='ocrx_word' id='word_1_142' title='bbox 32 1429 94 1459; x_wconf 71' lang='lat' dir='ltr'>sica</span> <span class='ocrx_word' id='word_1_143' title='bbox 109 1430 330 1470; x_wconf 67' lang='lat' dir='ltr'>vicissitudini,</span> <span class='ocrx_word' id='word_1_144' title='bbox 343 1433 455 1463; x_wconf 68' lang='lat' dir='ltr'>ridetis</span> <span class='ocrx_word' id='word_1_145' title='bbox 470 1438 502 1464; x_wconf 85' lang='lat' dir='ltr'>ut</span> <span class='ocrx_word' id='word_1_146' title='bbox 524 1436 618 1466; x_wconf 74' lang='lat' dir='ltr'>Terra</span> <span class='ocrx_word' id='word_1_147' title='bbox 634 1447 709 1467; x_wconf 86' lang='lat' dir='ltr'>cum</span> <span class='ocrx_word' id='word_1_148' title='bbox 727 1449 802 1468; x_wconf 73' lang='grc' dir='ltr'>ποι-ιι</span> <span class='ocrx_word' id='word_1_149' title='bbox 827 1441 928 1471; x_wconf 82' lang='lat' dir='ltr'>sobole</span> <span class='ocrx_word' id='word_1_150' title='bbox 953 1444 1105 1482; x_wconf 59' lang='lat' dir='ltr'>conspiret</span> <span class='ocrx_word' id='word_1_151' title='bbox 1127 1445 1160 1475; x_wconf 83' lang='lat' dir='ltr'>in</span> <span class='ocrx_word' id='word_1_152' title='bbox 1188 1448 1333 1477; x_wconf 79' lang='lat' dir='ltr'>mundum</span> <span class='ocrx_word' id='word_1_153' title='bbox 1349 1451 1497 1487; x_wconf 80' lang='lat' dir='ltr'>nostrum,</span> 
     </span>
     <span class='ocr_line' id='line_1_21' title="bbox 33 1473 1498 1530; baseline 0.014 -29"><span class='ocrx_word' id='word_1_154' title='bbox 33 1475 63 1501; x_wconf 80' lang='lat' dir='ltr'>et</span> <span class='ocrx_word' id='word_1_155' title='bbox 79 1473 235 1512; x_wconf 78' lang='lat' dir='ltr'>intrepida</span> <span class='ocrx_word' id='word_1_156' title='bbox 250 1475 386 1504; x_wconf 80' lang='lat' dir='ltr'>emiserit</span> <span class='ocrx_word' id='word_1_157' title='bbox 392 1475 491 1511; x_wconf 85' lang='lat' dir='ltr'>soetus</span> <span class='ocrx_word' id='word_1_158' title='bbox 506 1478 605 1510; x_wconf 81' lang='lat' dir='ltr'>ulios?</span> <span class='ocrx_word' id='word_1_159' title='bbox 629 1480 736 1518; x_wconf 79' lang='lat' dir='ltr'>Igitur</span> <span class='ocrx_word' id='word_1_160' title='bbox 751 1481 921 1518; x_wconf 67' lang='lat' dir='ltr'>refercimus</span> <span class='ocrx_word' id='word_1_161' title='bbox 937 1486 1030 1515; x_wconf 75' lang='lat' dir='ltr'>matri</span> <span class='ocrx_word' id='word_1_162' title='bbox 1055 1489 1100 1516; x_wconf 78' lang='lat' dir='ltr'>tot</span> <span class='ocrx_word' id='word_1_163' title='bbox 1116 1488 1277 1527; x_wconf 77' lang='lat' dir='ltr'>cadavera,</span> <span class='ocrx_word' id='word_1_164' title='bbox 1292 1493 1362 1529; x_wconf 81' lang='lat' dir='ltr'>quot</span> <span class='ocrx_word' id='word_1_165' title='bbox 1377 1492 1498 1530; x_wconf 78' lang='lat' dir='ltr'>peperit</span> 
     </span>
     <span class='ocr_line' id='line_1_22' title="bbox 21 1512 1496 1574; baseline 0.015 -32"><span class='ocrx_word' id='word_1_166' title='bbox 21 1512 123 1554; x_wconf 78' lang='lat' dir='ltr'>filios,</span> <span class='ocrx_word' id='word_1_167' title='bbox 139 1514 247 1552; x_wconf 75' lang='lat' dir='ltr'>jaceat</span> <span class='ocrx_word' id='word_1_168' title='bbox 265 1516 296 1545; x_wconf 91' lang='lat' dir='ltr'>in</span> <span class='ocrx_word' id='word_1_169' title='bbox 319 1517 455 1548; x_wconf 75' lang='lat' dir='ltr'>tristitia</span> <span class='ocrx_word' id='word_1_170' title='bbox 470 1519 524 1548; x_wconf 82' lang='lat' dir='ltr'>diu</span> <span class='ocrx_word' id='word_1_171' title='bbox 537 1529 593 1559; x_wconf 79' lang='lat' dir='ltr'>per</span> <span class='ocrx_word' id='word_1_172' title='bbox 609 1524 748 1561; x_wconf 81' lang='lat' dir='ltr'>tempora</span> <span class='ocrx_word' id='word_1_173' title='bbox 764 1525 886 1563; x_wconf 84' lang='lat' dir='ltr'>onmia,</span> <span class='ocrx_word' id='word_1_174' title='bbox 911 1529 1110 1558; x_wconf 78' lang='lat' dir='ltr'>condemnata</span> <span class='ocrx_word' id='word_1_175' title='bbox 1126 1531 1255 1561; x_wconf 85' lang='lat' dir='ltr'>tumulis</span> <span class='ocrx_word' id='word_1_176' title='bbox 1277 1533 1427 1563; x_wconf 77' lang='lat' dir='ltr'>similibus</span> <span class='ocrx_word' id='word_1_177' title='bbox 1439 1544 1496 1574; x_wconf 84' lang='lat' dir='ltr'>pro</span> 
     </span>
    </p>
   </div>
   <div class='ocr_carea' id='block_1_4' title="bbox 647 1593 879 1607">
    <p class='ocr_par' dir='ltr' id='par_1_14' title="bbox 647 1593 879 1607">
     <span class='ocr_line' id='line_1_23' title="bbox 647 1593 879 1607; baseline 0.013 -3"><span class='ocrx_word' id='word_1_178' title='bbox 647 1593 879 1607; x_wconf 66' lang='lat' dir='ltr'>eeeeeeeeeeee</span> 
     </span>
    </p>
   </div>
   <div class='ocr_carea' id='block_1_5' title="bbox 31 1628 1497 2324">
    <p class='ocr_par' dir='ltr' id='par_1_15' title="bbox 31 1628 1497 2324">
     <span class='ocr_line' id='line_1_24' title="bbox 34 1628 1495 1680; baseline 0.014 -21"><span class='ocrx_word' id='word_1_179' title='bbox 34 1628 142 1661; x_wconf 83' lang='lat' dir='ltr'>Oisel.</span> <span class='ocrx_word' id='word_1_180' title='bbox 159 1630 226 1662; x_wconf 90' lang='lat' dir='ltr'>duo</span> <span class='ocrx_word' id='word_1_181' title='bbox 242 1632 423 1665; x_wconf 55' lang='lat' dir='ltr'>Mem—45</span> <span class='ocrx_word' id='word_1_182' title='bbox 448 1636 644 1677; x_wconf 78' lang='lat' dir='ltr'>coeruleisque</span> <span class='ocrx_word' id='word_1_183' title='bbox 661 1638 742 1669; x_wconf 89' lang='lat' dir='ltr'>Cod.</span> <span class='ocrx_word' id='word_1_184' title='bbox 755 1639 786 1669; x_wconf 89' lang='lat' dir='ltr'>S.</span> <span class='ocrx_word' id='word_1_185' title='bbox 806 1639 908 1671; x_wconf 86' lang='lat' dir='ltr'>Galli.</span> <span class='ocrx_word' id='word_1_186' title='bbox 932 1651 999 1671; x_wconf 83' lang='lat' dir='ltr'>cum</span> <span class='ocrx_word' id='word_1_187' title='bbox 1012 1642 1138 1673; x_wconf 78' lang='lat' dir='ltr'>naribus</span> <span class='ocrx_word' id='word_1_188' title='bbox 1153 1644 1230 1675; x_wconf 78' lang='lat' dir='ltr'>Vat.</span> <span class='ocrx_word' id='word_1_189' title='bbox 1248 1649 1328 1677; x_wconf 87' lang='lat' dir='ltr'>tert.</span> <span class='ocrx_word' id='word_1_190' title='bbox 1345 1647 1495 1680; x_wconf 86' lang='lat' dir='ltr'>Florent.</span> 
     </span>
     <span class='ocr_line' id='line_1_25' title="bbox 32 1674 1496 1729; baseline 0.013 -27"><span class='ocrx_word' id='word_1_191' title='bbox 32 1675 117 1704; x_wconf 80' lang='lat'>—49</span> <span class='ocrx_word' id='word_1_192' title='bbox 139 1674 253 1705; x_wconf 80' lang='lat' dir='ltr'>terruit</span> <span class='ocrx_word' id='word_1_193' title='bbox 269 1675 370 1707; x_wconf 85' lang='lat' dir='ltr'>orbem</span> <span class='ocrx_word' id='word_1_194' title='bbox 393 1678 472 1708; x_wconf 86' lang='lat' dir='ltr'>Vat.</span> <span class='ocrx_word' id='word_1_195' title='bbox 487 1687 554 1710; x_wconf 87' lang='lat' dir='ltr'>sec.</span> <span class='ocrx_word' id='word_1_196' title='bbox 580 1680 676 1711; x_wconf 80' lang='lat' dir='ltr'>deest</span> <span class='ocrx_word' id='word_1_197' title='bbox 693 1691 774 1711; x_wconf 85' lang='lat' dir='ltr'>vero</span> <span class='ocrx_word' id='word_1_198' title='bbox 788 1682 841 1712; x_wconf 80' lang='lat' dir='ltr'>hic.</span> <span class='ocrx_word' id='word_1_199' title='bbox 857 1693 972 1714; x_wconf 75' lang='lat' dir='ltr'>versus</span> <span class='ocrx_word' id='word_1_200' title='bbox 991 1685 1118 1716; x_wconf 81' lang='lat' dir='ltr'>Moret.</span> <span class='ocrx_word' id='word_1_201' title='bbox 1137 1691 1273 1725; x_wconf 56' lang='lat' dir='ltr'>p1·.*5l</span> <span class='ocrx_word' id='word_1_202' title='bbox 1300 1690 1421 1720; x_wconf 80' lang='lat' dir='ltr'>nomina</span> <span class='ocrx_word' id='word_1_203' title='bbox 1437 1701 1496 1729; x_wconf 79' lang='lat' dir='ltr'>pro</span> 
     </span>
     <span class='ocr_line' id='line_1_26' title="bbox 32 1716 1496 1766; baseline 0.013 -21"><span class='ocrx_word' id='word_1_204' title='bbox 32 1716 159 1750; x_wconf 76' lang='lat' dir='ltr'>numina</span> <span class='ocrx_word' id='word_1_205' title='bbox 175 1716 255 1747; x_wconf 78' lang='lat' dir='ltr'>Vat.</span> <span class='ocrx_word' id='word_1_206' title='bbox 267 1727 334 1749; x_wconf 86' lang='lat' dir='ltr'>sec.</span> <span class='ocrx_word' id='word_1_207' title='bbox 357 1719 474 1757; x_wconf 80' lang='lat' dir='ltr'>formis</span> <span class='ocrx_word' id='word_1_208' title='bbox 490 1727 558 1753; x_wconf 86' lang='lat' dir='ltr'>vet.</span> <span class='ocrx_word' id='word_1_209' title='bbox 583 1723 668 1762; x_wconf 86' lang='lat' dir='ltr'>Gyr.</span> <span class='ocrx_word' id='word_1_210' title='bbox 685 1724 770 1754; x_wconf 86' lang='lat' dir='ltr'>Exc.</span> <span class='ocrx_word' id='word_1_211' title='bbox 791 1725 934 1756; x_wconf 84' lang='lat' dir='ltr'>Lucens.</span> <span class='ocrx_word' id='word_1_212' title='bbox 951 1736 1003 1766; x_wconf 86' lang='lat' dir='ltr'>pr.</span> <span class='ocrx_word' id='word_1_213' title='bbox 1041 1729 1155 1758; x_wconf 78' lang='lat' dir='ltr'>turmis</span> <span class='ocrx_word' id='word_1_214' title='bbox 1169 1739 1284 1760; x_wconf 86' lang='lat' dir='ltr'>omnes</span> <span class='ocrx_word' id='word_1_215' title='bbox 1307 1732 1402 1762; x_wconf 69' lang='lat' dir='ltr'>Vati.</span> <span class='ocrx_word' id='word_1_216' title='bbox 1421 1733 1496 1766; x_wconf 80' lang='lat' dir='ltr'>Pal.</span> 
     </span>
     <span class='ocr_line' id='line_1_27' title="bbox 34 1756 1496 1811; baseline 0.01 -20"><span class='ocrx_word' id='word_1_217' title='bbox 34 1756 131 1791; x_wconf 87' lang='lat' dir='ltr'>Rott.</span> <span class='ocrx_word' id='word_1_218' title='bbox 149 1758 344 1792; x_wconf 84' lang='lat' dir='ltr'>Oise1.—52</span> <span class='ocrx_word' id='word_1_219' title='bbox 364 1764 467 1802; x_wconf 78' lang='lat' dir='ltr'>patris</span> <span class='ocrx_word' id='word_1_220' title='bbox 483 1773 545 1803; x_wconf 91' lang='lat' dir='ltr'>pro</span> <span class='ocrx_word' id='word_1_221' title='bbox 560 1766 683 1804; x_wconf 77' lang='lat' dir='ltr'>patrias</span> <span class='ocrx_word' id='word_1_222' title='bbox 697 1767 777 1797; x_wconf 75' lang='lat' dir='ltr'>Vat.</span> <span class='ocrx_word' id='word_1_223' title='bbox 793 1777 844 1807; x_wconf 89' lang='lat' dir='ltr'>pr.</span> <span class='ocrx_word' id='word_1_224' title='bbox 868 1767 986 1800; x_wconf 81' lang='lat' dir='ltr'>Ainbr.</span> <span class='ocrx_word' id='word_1_225' title='bbox 1005 1779 1054 1808; x_wconf 87' lang='lat' dir='ltr'>pr.</span> <span class='ocrx_word' id='word_1_226' title='bbox 1072 1771 1158 1802; x_wconf 84' lang='lat' dir='ltr'>Cod.</span> <span class='ocrx_word' id='word_1_227' title='bbox 1181 1774 1213 1802; x_wconf 79' lang='lat' dir='ltr'>S.</span> <span class='ocrx_word' id='word_1_228' title='bbox 1233 1773 1336 1811; x_wconf 85' lang='lat' dir='ltr'>Galli,</span> <span class='ocrx_word' id='word_1_229' title='bbox 1355 1775 1429 1806; x_wconf 81' lang='lat' dir='ltr'>Vat.</span> <span class='ocrx_word' id='word_1_230' title='bbox 1443 1777 1496 1807; x_wconf 86' lang='lat' dir='ltr'>Li-</span> 
     </span>
     <span class='ocr_line' id='line_1_28' title="bbox 31 1800 1495 1858; baseline 0.013 -28"><span class='ocrx_word' id='word_1_231' title='bbox 31 1800 100 1831; x_wconf 70' lang='lat' dir='ltr'>vin.</span> <span class='ocrx_word' id='word_1_232' title='bbox 137 1804 210 1833; x_wconf 82' lang='lat' dir='ltr'>tunc</span> <span class='ocrx_word' id='word_1_233' title='bbox 227 1802 307 1834; x_wconf 90' lang='lat' dir='ltr'>Put.</span> <span class='ocrx_word' id='word_1_234' title='bbox 323 1805 448 1835; x_wconf 81' lang='lat' dir='ltr'>Moret.</span> <span class='ocrx_word' id='word_1_235' title='bbox 467 1816 518 1846; x_wconf 84' lang='lat' dir='ltr'>pr.</span> <span class='ocrx_word' id='word_1_236' title='bbox 551 1817 617 1838; x_wconf 85' lang='lat' dir='ltr'>cum</span> <span class='ocrx_word' id='word_1_237' title='bbox 635 1809 714 1840; x_wconf 79' lang='lat' dir='ltr'>Vat.</span> <span class='ocrx_word' id='word_1_238' title='bbox 738 1814 818 1841; x_wconf 84' lang='lat' dir='ltr'>tert.</span> <span class='ocrx_word' id='word_1_239' title='bbox 837 1811 985 1842; x_wconf 87' lang='lat' dir='ltr'>Florent.</span> <span class='ocrx_word' id='word_1_240' title='bbox 1007 1813 1137 1844; x_wconf 84' lang='lat' dir='ltr'>Buslid.</span> <span class='ocrx_word' id='word_1_241' title='bbox 1175 1814 1273 1855; x_wconf 74' lang='lat' dir='ltr'>inquit</span> <span class='ocrx_word' id='word_1_242' title='bbox 1289 1817 1365 1847; x_wconf 73' lang='lat' dir='ltr'>vat.</span> <span class='ocrx_word' id='word_1_243' title='bbox 1383 1824 1495 1858; x_wconf 81' lang='lat' dir='ltr'>quart.</span> 
     </span>
     <span class='ocr_line' id='line_1_29' title="bbox 33 1840 1496 1898; baseline 0.013 -25"><span class='ocrx_word' id='word_1_244' title='bbox 33 1840 151 1875; x_wconf 86' lang='lat' dir='ltr'>Ambr.</span> <span class='ocrx_word' id='word_1_245' title='bbox 179 1848 315 1884; x_wconf 83' lang='lat' dir='ltr'>pr.—53</span> <span class='ocrx_word' id='word_1_246' title='bbox 339 1848 445 1878; x_wconf 79' lang='lat' dir='ltr'>dedita</span> <span class='ocrx_word' id='word_1_247' title='bbox 466 1859 584 1889; x_wconf 81' lang='lat' dir='ltr'>semper</span> <span class='ocrx_word' id='word_1_248' title='bbox 616 1851 702 1882; x_wconf 82' lang='lat' dir='ltr'><strong>Exc.</strong></span> <span class='ocrx_word' id='word_1_249' title='bbox 736 1852 821 1883; x_wconf 89' lang='lat' dir='ltr'>Cod.</span> <span class='ocrx_word' id='word_1_250' title='bbox 850 1854 968 1885; x_wconf 86' lang='lat' dir='ltr'>Rhem.</span> <span class='ocrx_word' id='word_1_251' title='bbox 1003 1856 1108 1886; x_wconf 80' lang='lat' dir='ltr'>dedita</span> <span class='ocrx_word' id='word_1_252' title='bbox 1129 1857 1202 1887; x_wconf 78' lang='lat' dir='ltr'>coelo</span> <span class='ocrx_word' id='word_1_253' title='bbox 1223 1858 1352 1898; x_wconf 79' lang='lat' dir='ltr'>Semper</span> <span class='ocrx_word' id='word_1_254' title='bbox 1368 1860 1496 1893; x_wconf 86' lang='lat' dir='ltr'>Buslid.</span> 
     </span>
     <span class='ocr_line' id='line_1_30' title="bbox 32 1884 1495 1935; baseline 0.013 -20"><span class='ocrx_word' id='word_1_255' title='bbox 32 1884 134 1917; x_wconf 73' lang='lat' dir='ltr'>debita</span> <span class='ocrx_word' id='word_1_256' title='bbox 159 1888 231 1918; x_wconf 83' lang='lat' dir='ltr'>coelo</span> <span class='ocrx_word' id='word_1_257' title='bbox 260 1888 390 1929; x_wconf 81' lang='lat' dir='ltr'>Semper</span> <span class='ocrx_word' id='word_1_258' title='bbox 421 1898 565 1930; x_wconf 81' lang='lat' dir='ltr'>quatuor</span> <span class='ocrx_word' id='word_1_259' title='bbox 588 1893 682 1924; x_wconf 77' lang='lat' dir='ltr'>Vatt.</span> <span class='ocrx_word' id='word_1_260' title='bbox 709 1894 785 1926; x_wconf 81' lang='lat' dir='ltr'>Pal.</span> <span class='ocrx_word' id='word_1_261' title='bbox 812 1896 907 1928; x_wconf 88' lang='lat' dir='ltr'>Rott.</span> <span class='ocrx_word' id='word_1_262' title='bbox 935 1897 1040 1929; x_wconf 88' lang='lat' dir='ltr'>Oisel.</span> <span class='ocrx_word' id='word_1_263' title='bbox 1060 1899 1209 1930; x_wconf 81' lang='lat' dir='ltr'>Florem.</span> <span class='ocrx_word' id='word_1_264' title='bbox 1233 1907 1300 1931; x_wconf 77' lang='lat' dir='ltr'>tres</span> <span class='ocrx_word' id='word_1_265' title='bbox 1317 1902 1412 1934; x_wconf 77' lang='lat' dir='ltr'>Med.</span> <span class='ocrx_word' id='word_1_266' title='bbox 1428 1904 1495 1935; x_wconf 86' lang='lat' dir='ltr'>inc.</span> 
     </span>
     <span class='ocr_line' id='line_1_31' title="bbox 33 1927 1494 1986; baseline 0.012 -28"><span class='ocrx_word' id='word_1_267' title='bbox 33 1927 153 1961; x_wconf 79' lang='lat' dir='ltr'>Heius.</span> <span class='ocrx_word' id='word_1_268' title='bbox 172 1929 281 1962; x_wconf 84' lang='lat' dir='ltr'>Oxon.</span> <span class='ocrx_word' id='word_1_269' title='bbox 298 1941 364 1964; x_wconf 75' lang='lat' dir='ltr'>sec.</span> <span class='ocrx_word' id='word_1_270' title='bbox 383 1933 462 1964; x_wconf 88' lang='lat' dir='ltr'>Put.</span> <span class='ocrx_word' id='word_1_271' title='bbox 479 1934 546 1965; x_wconf 84' lang='lat' dir='ltr'>dno</span> <span class='ocrx_word' id='word_1_272' title='bbox 559 1936 681 1968; x_wconf 85' lang='lat' dir='ltr'>Petav.</span> <span class='ocrx_word' id='word_1_273' title='bbox 697 1937 828 1969; x_wconf 88' lang='lat' dir='ltr'>Bonon.</span> <span class='ocrx_word' id='word_1_274' title='bbox 846 1938 964 1970; x_wconf 87' lang='lat' dir='ltr'>Ambr.</span> <span class='ocrx_word' id='word_1_275' title='bbox 980 1944 1059 1972; x_wconf 86' lang='lat' dir='ltr'>tert.</span> <span class='ocrx_word' id='word_1_276' title='bbox 1072 1942 1197 1973; x_wconf 78' lang='lat' dir='ltr'>Moret.</span> <span class='ocrx_word' id='word_1_277' title='bbox 1215 1953 1265 1982; x_wconf 85' lang='lat' dir='ltr'>pr.</span> <span class='ocrx_word' id='word_1_278' title='bbox 1278 1944 1361 1975; x_wconf 88' lang='lat' dir='ltr'>Cod.</span> <span class='ocrx_word' id='word_1_279' title='bbox 1375 1946 1494 1986; x_wconf 81' lang='lat' dir='ltr'>Epigr.</span> 
     </span>
     <span class='ocr_line' id='line_1_32' title="bbox 32 1969 1497 2022; baseline 0.014 -22"><span class='ocrx_word' id='word_1_280' title='bbox 32 1969 152 2002; x_wconf 83' lang='lat' dir='ltr'>Ambr.</span> <span class='ocrx_word' id='word_1_281' title='bbox 180 1972 262 2004; x_wconf 83' lang='lat' dir='ltr'>Exc.</span> <span class='ocrx_word' id='word_1_282' title='bbox 290 1975 370 2006; x_wconf 84' lang='lat' dir='ltr'>Pat.</span> <span class='ocrx_word' id='word_1_283' title='bbox 402 1985 471 2007; x_wconf 85' lang='lat' dir='ltr'>rec.</span> <span class='ocrx_word' id='word_1_284' title='bbox 510 1979 581 2008; x_wconf 88' lang='lat' dir='ltr'>coelo</span> <span class='ocrx_word' id='word_1_285' title='bbox 604 1979 776 2017; x_wconf 79' lang='lat' dir='ltr'>Progenies</span> <span class='ocrx_word' id='word_1_286' title='bbox 803 1991 921 2022; x_wconf 76' lang='lat' dir='ltr'>semper</span> <span class='ocrx_word' id='word_1_287' title='bbox 952 1983 1047 2014; x_wconf 80' lang='lat' dir='ltr'>Med.</span> <span class='ocrx_word' id='word_1_288' title='bbox 1075 1989 1228 2016; x_wconf 61' lang='lat' dir='ltr'>sea—54</span> <span class='ocrx_word' id='word_1_289' title='bbox 1252 1987 1345 2017; x_wconf 79' lang='lat' dir='ltr'>nullis</span> <span class='ocrx_word' id='word_1_290' title='bbox 1366 1988 1497 2020; x_wconf 57' lang='lat' dir='ltr'>obnoxiu</span> 
     </span>
     <span class='ocr_line' id='line_1_33' title="bbox 32 2015 1495 2064; baseline 0.014 -22"><span class='ocrx_word' id='word_1_291' title='bbox 32 2018 178 2053; x_wconf 85' lang='lat' dir='ltr'>quatuor</span> <span class='ocrx_word' id='word_1_292' title='bbox 193 2015 288 2047; x_wconf 84' lang='lat' dir='ltr'>Vatt.</span> <span class='ocrx_word' id='word_1_293' title='bbox 317 2017 390 2049; x_wconf 88' lang='lat' dir='ltr'>Pal.</span> <span class='ocrx_word' id='word_1_294' title='bbox 411 2019 506 2050; x_wconf 79' lang='lat' dir='ltr'>Rott.</span> <span class='ocrx_word' id='word_1_295' title='bbox 525 2020 632 2052; x_wconf 83' lang='lat' dir='ltr'>Oisel.</span> <span class='ocrx_word' id='word_1_296' title='bbox 650 2023 802 2053; x_wconf 84' lang='lat' dir='ltr'>Florent.</span> <span class='ocrx_word' id='word_1_297' title='bbox 819 2024 883 2055; x_wconf 82' lang='lat' dir='ltr'>inc.</span> <span class='ocrx_word' id='word_1_298' title='bbox 902 2025 1021 2057; x_wconf 82' lang='lat' dir='ltr'>Heius.</span> <span class='ocrx_word' id='word_1_299' title='bbox 1047 2027 1128 2058; x_wconf 85' lang='lat' dir='ltr'>Put.</span> <span class='ocrx_word' id='word_1_300' title='bbox 1153 2027 1218 2058; x_wconf 88' lang='lat' dir='ltr'>duo</span> <span class='ocrx_word' id='word_1_301' title='bbox 1236 2028 1359 2060; x_wconf 85' lang='lat' dir='ltr'>Petav.</span> <span class='ocrx_word' id='word_1_302' title='bbox 1376 2030 1495 2064; x_wconf 84' lang='lat' dir='ltr'>Ambr.</span> 
     </span>
     <span class='ocr_line' id='line_1_34' title="bbox 32 2056 1494 2107; baseline 0.014 -23"><span class='ocrx_word' id='word_1_303' title='bbox 32 2058 112 2086; x_wconf 82' lang='lat' dir='ltr'>tert.</span> <span class='ocrx_word' id='word_1_304' title='bbox 140 2056 268 2088; x_wconf 87' lang='lat' dir='ltr'>Moret.</span> <span class='ocrx_word' id='word_1_305' title='bbox 287 2069 336 2098; x_wconf 82' lang='lat' dir='ltr'>pr.</span> <span class='ocrx_word' id='word_1_306' title='bbox 354 2060 466 2092; x_wconf 82' lang='lat' dir='ltr'>Oxou.</span> <span class='ocrx_word' id='word_1_307' title='bbox 484 2072 551 2094; x_wconf 77' lang='lat' dir='ltr'>sec.</span> <span class='ocrx_word' id='word_1_308' title='bbox 569 2064 700 2095; x_wconf 82' lang='lat' dir='ltr'>Buslid.</span> <span class='ocrx_word' id='word_1_309' title='bbox 728 2065 812 2096; x_wconf 90' lang='lat' dir='ltr'>Cod.</span> <span class='ocrx_word' id='word_1_310' title='bbox 841 2068 958 2107; x_wconf 81' lang='lat' dir='ltr'>Epigr.</span> <span class='ocrx_word' id='word_1_311' title='bbox 985 2068 1104 2100; x_wconf 84' lang='lat' dir='ltr'>Ambr.</span> <span class='ocrx_word' id='word_1_312' title='bbox 1130 2070 1213 2101; x_wconf 60' lang='lat' dir='ltr'>Em</span> <span class='ocrx_word' id='word_1_313' title='bbox 1228 2071 1308 2102; x_wconf 90' lang='lat' dir='ltr'>Pat.</span> <span class='ocrx_word' id='word_1_314' title='bbox 1326 2081 1393 2103; x_wconf 84' lang='lat' dir='ltr'>rec.</span> <span class='ocrx_word' id='word_1_315' title='bbox 1412 2074 1494 2106; x_wconf 75' lang='lat' dir='ltr'>Exe.</span> 
     </span>
     <span class='ocr_line' id='line_1_35' title="bbox 32 2097 1493 2147; baseline 0.013 -19"><span class='ocrx_word' id='word_1_316' title='bbox 32 2097 178 2129; x_wconf 88' lang='lat' dir='ltr'>Lucens.</span> <span class='ocrx_word' id='word_1_317' title='bbox 198 2109 249 2138; x_wconf 85' lang='lat' dir='ltr'>pr.</span> <span class='ocrx_word' id='word_1_318' title='bbox 264 2101 343 2132; x_wconf 79' lang='lat' dir='ltr'>Ald.</span> <span class='ocrx_word' id='word_1_319' title='bbox 382 2104 532 2144; x_wconf 72' lang='lat' dir='ltr'>nullisque</span> <span class='ocrx_word' id='word_1_320' title='bbox 544 2106 623 2137; x_wconf 78' lang='lat' dir='ltr'>Vat.</span> <span class='ocrx_word' id='word_1_321' title='bbox 642 2107 836 2139; x_wconf 79' lang='lat' dir='ltr'>Livin.—-55</span> <span class='ocrx_word' id='word_1_322' title='bbox 860 2113 999 2141; x_wconf 74' lang='lat' dir='ltr'>nostrum</span> <span class='ocrx_word' id='word_1_323' title='bbox 1028 2112 1130 2143; x_wconf 86' lang='lat' dir='ltr'>Tellus</span> <span class='ocrx_word' id='word_1_324' title='bbox 1147 2113 1297 2145; x_wconf 85' lang='lat' dir='ltr'>Florent.</span> <span class='ocrx_word' id='word_1_325' title='bbox 1314 2114 1380 2145; x_wconf 71' lang='lat' dir='ltr'>(luo</span> <span class='ocrx_word' id='word_1_326' title='bbox 1397 2116 1493 2147; x_wconf 89' lang='lat' dir='ltr'>Med.</span> 
     </span>
     <span class='ocr_line' id='line_1_36' title="bbox 31 2139 1493 2200; baseline 0.014 -31"><span class='ocrx_word' id='word_1_327' title='bbox 31 2139 162 2171; x_wconf 89' lang='lat' dir='ltr'>Bonon.</span> <span class='ocrx_word' id='word_1_328' title='bbox 183 2141 301 2174; x_wconf 80' lang='lat' dir='ltr'>Ambr.</span> <span class='ocrx_word' id='word_1_329' title='bbox 319 2150 399 2175; x_wconf 81' lang='lat' dir='ltr'>tert.</span> <span class='ocrx_word' id='word_1_330' title='bbox 419 2147 546 2177; x_wconf 83' lang='lat' dir='ltr'>Buslid.</span> <span class='ocrx_word' id='word_1_331' title='bbox 564 2149 647 2179; x_wconf 92' lang='lat' dir='ltr'>Cod.</span> <span class='ocrx_word' id='word_1_332' title='bbox 675 2150 792 2189; x_wconf 74' lang='lat' dir='ltr'>Epigr.</span> <span class='ocrx_word' id='word_1_333' title='bbox 813 2151 929 2183; x_wconf 82' lang='lat' dir='ltr'>Ambr.</span> <span class='ocrx_word' id='word_1_334' title='bbox 947 2154 1028 2185; x_wconf 71' lang='lat' dir='ltr'>Exc.</span> <span class='ocrx_word' id='word_1_335' title='bbox 1047 2155 1126 2185; x_wconf 85' lang='lat' dir='ltr'>Pat.</span> <span class='ocrx_word' id='word_1_336' title='bbox 1145 2164 1213 2186; x_wconf 81' lang='lat' dir='ltr'>rec.</span> <span class='ocrx_word' id='word_1_337' title='bbox 1229 2162 1263 2186; x_wconf 83' lang='lat' dir='ltr'>et</span> <span class='ocrx_word' id='word_1_338' title='bbox 1283 2158 1423 2188; x_wconf 77' lang='lat' dir='ltr'>anens.</span> <span class='ocrx_word' id='word_1_339' title='bbox 1443 2169 1493 2200; x_wconf 85' lang='lat' dir='ltr'>pr.</span> 
     </span>
     <span class='ocr_line' id='line_1_37' title="bbox 31 2186 1493 2235; baseline 0.014 -24"><span class='ocrx_word' id='word_1_340' title='bbox 31 2186 165 2213; x_wconf 73' lang='lat' dir='ltr'>cestrum</span> <span class='ocrx_word' id='word_1_341' title='bbox 181 2186 272 2215; x_wconf 79' lang='lat' dir='ltr'>tellus</span> <span class='ocrx_word' id='word_1_342' title='bbox 298 2187 362 2217; x_wconf 82' lang='lat' dir='ltr'>inc.</span> <span class='ocrx_word' id='word_1_343' title='bbox 380 2188 500 2219; x_wconf 75' lang='lat' dir='ltr'>Heius.</span> <span class='ocrx_word' id='word_1_344' title='bbox 520 2190 598 2221; x_wconf 86' lang='lat' dir='ltr'>Put.</span> <span class='ocrx_word' id='word_1_345' title='bbox 616 2191 682 2221; x_wconf 84' lang='lat' dir='ltr'>duo</span> <span class='ocrx_word' id='word_1_346' title='bbox 701 2193 822 2224; x_wconf 80' lang='lat' dir='ltr'>Petav.</span> <span class='ocrx_word' id='word_1_347' title='bbox 841 2194 966 2227; x_wconf 87' lang='lat' dir='ltr'>Moret.</span> <span class='ocrx_word' id='word_1_348' title='bbox 994 2206 1044 2235; x_wconf 81' lang='lat' dir='ltr'>pr.</span> <span class='ocrx_word' id='word_1_349' title='bbox 1075 2198 1187 2228; x_wconf 78' lang='lat' dir='ltr'>Oxou.</span> <span class='ocrx_word' id='word_1_350' title='bbox 1213 2208 1281 2229; x_wconf 80' lang='lat' dir='ltr'>sec.</span> <span class='ocrx_word' id='word_1_351' title='bbox 1322 2201 1412 2231; x_wconf 80' lang='lat' dir='ltr'>tellus</span> <span class='ocrx_word' id='word_1_352' title='bbox 1425 2211 1493 2232; x_wconf 81' lang='lat' dir='ltr'>nos-</span> 
     </span>
     <span class='ocr_line' id='line_1_38' title="bbox 32 2226 1493 2282; baseline 0.014 -28"><span class='ocrx_word' id='word_1_353' title='bbox 32 2227 115 2258; x_wconf 81' lang='lat' dir='ltr'>trum</span> <span class='ocrx_word' id='word_1_354' title='bbox 133 2226 210 2257; x_wconf 83' lang='lat' dir='ltr'>vat.</span> <span class='ocrx_word' id='word_1_355' title='bbox 230 2232 369 2267; x_wconf 83' lang='lat' dir='ltr'>pr.—56</span> <span class='ocrx_word' id='word_1_356' title='bbox 385 2240 476 2261; x_wconf 80' lang='lat' dir='ltr'>novos</span> <span class='ocrx_word' id='word_1_357' title='bbox 490 2242 549 2271; x_wconf 83' lang='lat' dir='ltr'>pro</span> <span class='ocrx_word' id='word_1_358' title='bbox 566 2234 642 2264; x_wconf 80' lang='lat' dir='ltr'>alios</span> <span class='ocrx_word' id='word_1_359' title='bbox 669 2235 762 2265; x_wconf 84' lang='lat' dir='ltr'>Med.</span> <span class='ocrx_word' id='word_1_360' title='bbox 780 2241 931 2268; x_wconf 85' lang='lat' dir='ltr'>sec.—57</span> <span class='ocrx_word' id='word_1_361' title='bbox 957 2241 1003 2268; x_wconf 72' lang='lat' dir='ltr'>tot</span> <span class='ocrx_word' id='word_1_362' title='bbox 1028 2240 1150 2270; x_wconf 72' lang='lat' dir='ltr'>dede-rit</span> <span class='ocrx_word' id='word_1_363' title='bbox 1179 2241 1256 2272; x_wconf 79' lang='lat' dir='ltr'>Vat.</span> <span class='ocrx_word' id='word_1_364' title='bbox 1282 2252 1331 2282; x_wconf 85' lang='lat' dir='ltr'>pr.</span> <span class='ocrx_word' id='word_1_365' title='bbox 1366 2245 1493 2275; x_wconf 80' lang='lat' dir='ltr'>dederat</span> 
     </span>
     <span class='ocr_line' id='line_1_39' title="bbox 32 2265 1493 2324; baseline 0.013 -26"><span class='ocrx_word' id='word_1_366' title='bbox 32 2265 150 2300; x_wconf 87' lang='lat' dir='ltr'>Ambr.</span> <span class='ocrx_word' id='word_1_367' title='bbox 179 2274 259 2302; x_wconf 86' lang='lat' dir='ltr'>tert.</span> <span class='ocrx_word' id='word_1_368' title='bbox 291 2276 404 2311; x_wconf 78' lang='lat' dir='ltr'>partus</span> <span class='ocrx_word' id='word_1_369' title='bbox 434 2284 495 2314; x_wconf 85' lang='lat' dir='ltr'>pro</span> <span class='ocrx_word' id='word_1_370' title='bbox 523 2280 612 2306; x_wconf 78' lang='lat' dir='ltr'>natos</span> <span class='ocrx_word' id='word_1_371' title='bbox 641 2277 725 2308; x_wconf 76' lang='lat' dir='ltr'>eod.</span> <span class='ocrx_word' id='word_1_372' title='bbox 753 2279 870 2319; x_wconf 86' lang='lat' dir='ltr'>Epigr.</span> <span class='ocrx_word' id='word_1_373' title='bbox 897 2280 1103 2313; x_wconf 82' lang='lat' dir='ltr'>Ambr.—-58</span> <span class='ocrx_word' id='word_1_374' title='bbox 1125 2284 1272 2324; x_wconf 73' lang='lat' dir='ltr'>longaque</span> <span class='ocrx_word' id='word_1_375' title='bbox 1299 2289 1401 2316; x_wconf 80' lang='lat' dir='ltr'>munet</span> <span class='ocrx_word' id='word_1_376' title='bbox 1418 2287 1493 2318; x_wconf 85' lang='lat' dir='ltr'>Pal.</span> 
     </span>
    </p>
   </div>
   <div class='ocr_carea' id='block_1_6' title="bbox 31 2350 1491 2510">
    <p class='ocr_par' dir='ltr' id='par_1_16' title="bbox 31 2350 1491 2510">
     <span class='ocr_line' id='line_1_40' title="bbox 688 2350 830 2383; baseline 0.014 -2"><span class='ocrx_word' id='word_1_377' title='bbox 688 2350 830 2383; x_wconf 82' lang='lat' dir='ltr'><strong>NOTAE</strong></span> 
     </span>
     <span class='ocr_line' id='line_1_41' title="bbox 74 2402 1333 2460; baseline 0.015 -25"><span class='ocrx_word' id='word_1_378' title='bbox 74 2407 113 2436; x_wconf 89' lang='lat'>51</span> <span class='ocrx_word' id='word_1_379' title='bbox 140 2406 339 2449; x_wconf 73' lang='lat' dir='ltr'>Omnigenis]</span> <span class='ocrx_word' id='word_1_380' title='bbox 368 2409 466 2442; x_wconf 85' lang='lat' dir='ltr'>Adeo</span> <span class='ocrx_word' id='word_1_381' title='bbox 490 2415 528 2443; x_wconf 84' lang='lat' dir='ltr'>ut</span> <span class='ocrx_word' id='word_1_382' title='bbox 543 2413 602 2444; x_wconf 84' lang='lat' dir='ltr'>Dii</span> <span class='ocrx_word' id='word_1_383' title='bbox 629 2414 732 2446; x_wconf 87' lang='lat' dir='ltr'>etiam</span> <span class='ocrx_word' id='word_1_384' title='bbox 788 2402 861 2456; x_wconf 68' lang='lat' dir='ltr'>liat,</span> <span class='ocrx_word' id='word_1_385' title='bbox 879 2418 968 2450; x_wconf 87' lang='lat' dir='ltr'>unde</span> <span class='ocrx_word' id='word_1_386' title='bbox 985 2419 1080 2460; x_wconf 85' lang='lat' dir='ltr'>origo</span> <span class='ocrx_word' id='word_1_387' title='bbox 1096 2422 1220 2452; x_wconf 86' lang='lat' dir='ltr'>ceteris</span> <span class='ocrx_word' id='word_1_388' title='bbox 1236 2421 1333 2454; x_wconf 82' lang='lat' dir='ltr'>foret.</span> 
     </span>
     <span class='ocr_line' id='line_1_42' title="bbox 31 2454 1491 2510; baseline 0.015 -26"><span class='ocrx_word' id='word_1_389' title='bbox 31 2454 223 2487; x_wconf 83' lang='lat' dir='ltr'>animalium</span> <span class='ocrx_word' id='word_1_390' title='bbox 238 2467 381 2498; x_wconf 87' lang='lat' dir='ltr'>corpora</span> <span class='ocrx_word' id='word_1_391' title='bbox 398 2467 646 2495; x_wconf 78' lang='lat' dir='ltr'>mutuarentur.</span> <span class='ocrx_word' id='word_1_392' title='bbox 685 2465 732 2496; x_wconf 92' lang='grc' dir='ltr'>Ο-</span> <span class='ocrx_word' id='word_1_393' title='bbox 831 2472 871 2500; x_wconf 83' lang='grc'>54</span> <span class='ocrx_word' id='word_1_394' title='bbox 899 2470 1003 2510; x_wconf 81' lang='lat' dir='ltr'>Fatis]</span> <span class='ocrx_word' id='word_1_395' title='bbox 1028 2472 1122 2502; x_wconf 81' lang='lat' dir='ltr'>Nulli</span> <span class='ocrx_word' id='word_1_396' title='bbox 1137 2472 1491 2506; x_wconf 76' lang='lat' dir='ltr'>vicissitudinimortis</span> 
     </span>
    </p>
   </div>
   <div class='ocr_carea' id='block_1_7' title="bbox 32 2503 1491 2813">
    <p class='ocr_par' dir='ltr' id='par_1_17' title="bbox 32 2503 1491 2711">
     <span class='ocr_line' id='line_1_43' title="bbox 33 2503 1490 2566; baseline 0.014 -31"><span class='ocrx_word' id='word_1_397' title='bbox 33 2503 156 2537; x_wconf 76' lang='lat' dir='ltr'>vidius:</span> <span class='ocrx_word' id='word_1_398' title='bbox 188 2508 328 2540; x_wconf 87' lang='lat' dir='ltr'>‘Delius</span> <span class='ocrx_word' id='word_1_399' title='bbox 352 2511 385 2541; x_wconf 88' lang='lat' dir='ltr'>in</span> <span class='ocrx_word' id='word_1_400' title='bbox 409 2521 525 2550; x_wconf 82' lang='lat' dir='ltr'>corvo,</span> <span class='ocrx_word' id='word_1_401' title='bbox 547 2515 659 2553; x_wconf 86' lang='lat' dir='ltr'>proles</span> <span class='ocrx_word' id='word_1_402' title='bbox 676 2516 733 2546; x_wconf 87' lang='lat' dir='ltr'>Se·</span> <span class='ocrx_word' id='word_1_403' title='bbox 787 2519 951 2552; x_wconf 76' lang='lat' dir='ltr'>obnoxia:</span> <span class='ocrx_word' id='word_1_404' title='bbox 982 2531 1057 2552; x_wconf 79' lang='lat' dir='ltr'>nam</span> <span class='ocrx_word' id='word_1_405' title='bbox 1074 2523 1210 2564; x_wconf 83' lang='lat' dir='ltr'>alioqui,</span> <span class='ocrx_word' id='word_1_406' title='bbox 1226 2525 1279 2555; x_wconf 88' lang='lat' dir='ltr'>vel</span> <span class='ocrx_word' id='word_1_407' title='bbox 1304 2524 1377 2565; x_wconf 80' lang='lat' dir='ltr'>ipse</span> <span class='ocrx_word' id='word_1_408' title='bbox 1395 2526 1490 2566; x_wconf 83' lang='lat' dir='ltr'>Jupi-</span> 
     </span>
     <span class='ocr_line' id='line_1_44' title="bbox 32 2555 1490 2614; baseline 0.015 -29"><span class='ocrx_word' id='word_1_409' title='bbox 32 2555 154 2587; x_wconf 83' lang='lat' dir='ltr'>meleia</span> <span class='ocrx_word' id='word_1_410' title='bbox 169 2567 283 2598; x_wconf 84' lang='lat' dir='ltr'>capro,</span> <span class='ocrx_word' id='word_1_411' title='bbox 299 2560 379 2591; x_wconf 87' lang='lat' dir='ltr'>Fele</span> <span class='ocrx_word' id='word_1_412' title='bbox 404 2572 498 2593; x_wconf 87' lang='lat' dir='ltr'>soror</span> <span class='ocrx_word' id='word_1_413' title='bbox 521 2564 656 2605; x_wconf 75' lang='lat' dir='ltr'>Phoebi,</span> <span class='ocrx_word' id='word_1_414' title='bbox 682 2567 731 2597; x_wconf 87' lang='lat' dir='ltr'>ni·</span> <span class='ocrx_word' id='word_1_415' title='bbox 788 2574 842 2600; x_wconf 82' lang='lat' dir='ltr'>ter</span> <span class='ocrx_word' id='word_1_416' title='bbox 857 2569 938 2601; x_wconf 86' lang='lat' dir='ltr'>fatis</span> <span class='ocrx_word' id='word_1_417' title='bbox 955 2571 1081 2612; x_wconf 86' lang='lat' dir='ltr'>subest,</span> <span class='ocrx_word' id='word_1_418' title='bbox 1108 2582 1147 2604; x_wconf 86' lang='lat' dir='ltr'>ac</span> <span class='ocrx_word' id='word_1_419' title='bbox 1166 2575 1306 2614; x_wconf 79' lang='lat' dir='ltr'>proinde</span> <span class='ocrx_word' id='word_1_420' title='bbox 1324 2586 1342 2606; x_wconf 88' lang='lat' dir='ltr'>a</span> <span class='ocrx_word' id='word_1_421' title='bbox 1359 2575 1490 2606; x_wconf 81' lang='lat' dir='ltr'>fortiori</span> 
     </span>
     <span class='ocr_line' id='line_1_45' title="bbox 33 2606 1491 2665; baseline 0.013 -30"><span class='ocrx_word' id='word_1_422' title='bbox 33 2613 96 2646; x_wconf 75' lang='lat' dir='ltr'>vea</span> <span class='ocrx_word' id='word_1_423' title='bbox 123 2606 285 2640; x_wconf 81' lang='lat' dir='ltr'>Saturnia</span> <span class='ocrx_word' id='word_1_424' title='bbox 310 2621 426 2652; x_wconf 82' lang='lat' dir='ltr'>vacca,</span> <span class='ocrx_word' id='word_1_425' title='bbox 445 2613 544 2646; x_wconf 79' lang='lat' dir='ltr'>Pisce</span> <span class='ocrx_word' id='word_1_426' title='bbox 555 2616 670 2648; x_wconf 78' lang='lat' dir='ltr'>Venus</span> <span class='ocrx_word' id='word_1_427' title='bbox 684 2617 731 2648; x_wconf 86' lang='lat' dir='ltr'>la-</span> <span class='ocrx_word' id='word_1_428' title='bbox 788 2620 847 2650; x_wconf 81' lang='lat' dir='ltr'>Dii</span> <span class='ocrx_word' id='word_1_429' title='bbox 860 2621 980 2660; x_wconf 86' lang='lat' dir='ltr'>ceteri,</span> <span class='ocrx_word' id='word_1_430' title='bbox 995 2632 1077 2661; x_wconf 78' lang='lat' dir='ltr'>quos</span> <span class='ocrx_word' id='word_1_431' title='bbox 1093 2621 1199 2654; x_wconf 82' lang='lat' dir='ltr'>fatum</span> <span class='ocrx_word' id='word_1_432' title='bbox 1212 2624 1310 2665; x_wconf 84' lang='lat' dir='ltr'>hujus</span> <span class='ocrx_word' id='word_1_433' title='bbox 1325 2624 1415 2663; x_wconf 82' lang='lat' dir='ltr'>belli,</span> <span class='ocrx_word' id='word_1_434' title='bbox 1430 2631 1491 2655; x_wconf 75' lang='lat' dir='ltr'>seu</span> 
     </span>
     <span class='ocr_line' id='line_1_46' title="bbox 33 2654 1292 2711; baseline 0.013 -22"><span class='ocrx_word' id='word_1_435' title='bbox 33 2654 123 2687; x_wconf 57' lang='lat' dir='ltr'>mit)</span> <span class='ocrx_word' id='word_1_436' title='bbox 787 2670 850 2701; x_wconf 83' lang='lat' dir='ltr'>hoc</span> <span class='ocrx_word' id='word_1_437' title='bbox 869 2670 995 2702; x_wconf 89' lang='lat' dir='ltr'>bellum</span> <span class='ocrx_word' id='word_1_438' title='bbox 1011 2671 1127 2711; x_wconf 77' lang='lat' dir='ltr'>fatale,</span> <span class='ocrx_word' id='word_1_439' title='bbox 1140 2673 1292 2705; x_wconf 83' lang='lat' dir='ltr'>infestat.</span> 
     </span>
    </p>

    <p class='ocr_par' dir='ltr' id='par_1_18' title="bbox 33 2706 1486 2813">
     <span class='ocr_line' id='line_1_47' title="bbox 75 2706 1486 2765; baseline 0.015 -29"><span class='ocrx_word' id='word_1_440' title='bbox 75 2707 117 2736; x_wconf 86' lang='lat'>52</span> <span class='ocrx_word' id='word_1_441' title='bbox 139 2706 282 2749; x_wconf 72' lang='lat' dir='ltr'>Patrius]</span> <span class='ocrx_word' id='word_1_442' title='bbox 327 2712 530 2744; x_wconf 85' lang='lat' dir='ltr'>Claudianus</span> <span class='ocrx_word' id='word_1_443' title='bbox 577 2716 733 2757; x_wconf 85' lang='lat' dir='ltr'>sequitur</span> <span class='ocrx_word' id='word_1_444' title='bbox 829 2724 868 2751; x_wconf 89' lang='lat'>55</span> <span class='ocrx_word' id='word_1_445' title='bbox 896 2721 1026 2762; x_wconf 81' lang='lat' dir='ltr'>Orbem]</span> <span class='ocrx_word' id='word_1_446' title='bbox 1069 2723 1211 2763; x_wconf 84' lang='lat' dir='ltr'>Triplex</span> <span class='ocrx_word' id='word_1_447' title='bbox 1233 2724 1390 2765; x_wconf 73' lang='lat' dir='ltr'>munduS,</span> <span class='ocrx_word' id='word_1_448' title='bbox 1412 2723 1486 2756; x_wconf 87' lang='lat' dir='ltr'>Coe-</span> 
     </span>
     <span class='ocr_line' id='line_1_48' title="bbox 33 2753 1282 2813; baseline 0.016 -28"><span class='ocrx_word' id='word_1_449' title='bbox 33 2753 225 2798; x_wconf 81' lang='lat' dir='ltr'>Platonem,</span> <span class='ocrx_word' id='word_1_450' title='bbox 248 2761 305 2800; x_wconf 93' lang='lat' dir='ltr'>qui</span> <span class='ocrx_word' id='word_1_451' title='bbox 320 2771 421 2794; x_wconf 89' lang='lat' dir='ltr'>unum</span> <span class='ocrx_word' id='word_1_452' title='bbox 442 2763 579 2796; x_wconf 86' lang='lat' dir='ltr'>Numen</span> <span class='ocrx_word' id='word_1_453' title='bbox 604 2771 733 2798; x_wconf 82' lang='lat' dir='ltr'>statue·</span> <span class='ocrx_word' id='word_1_454' title='bbox 786 2769 893 2812; x_wconf 83' lang='lat' dir='ltr'>lestis,</span> <span class='ocrx_word' id='word_1_455' title='bbox 909 2771 1095 2813; x_wconf 87' lang='lat' dir='ltr'>Terrenus,</span> <span class='ocrx_word' id='word_1_456' title='bbox 1112 2772 1282 2804; x_wconf 81' lang='lat' dir='ltr'>lnfemus.</span> 
     </span>
    </p>
   </div>
  </div>
 </body>
</html>
