1851 3213
294 208 408 250 1310

297 313 500 353 nativitatis,
518 315 682 344 autumat.
721 312 799 342 Mos
817 315 929 341 autem
946 318 1002 338 ve-

295 365 503 398 tustissimus
519 374 638 395 recens
655 368 750 394 natos
775 361 928 392 Heroum
954 360 1003 390 in-

299 415 411 447 fantes
438 420 568 446 armata
599 414 718 444 militia
753 411 1002 443 circumdecur-

299 470 397 497 rente
413 466 572 496 lustrare.
597 464 701 494 Velut
719 467 832 492 autem
851 460 1003 491 Honorio

300 521 416 547 nostro
429 517 492 547 hoc
509 515 573 545 loci
587 513 700 553 gloriae
714 512 814 542 datur
831 511 1004 542 felicitati-

301 575 367 607 que
390 566 423 596 in
451 564 571 595 castris
588 562 824 602 Imperatoriis
847 560 1003 591 nativita-

301 620 371 647 tem
385 615 551 654 habuisse,
567 614 613 644 sic
627 614 718 643 intra
734 612 879 642 Domum
896 611 1007 640 Carsa-

301 675 407 705 ream,
424 671 482 696 aut
504 665 537 695 in
557 663 732 695 Castu-ensi
754 662 923 692 Praetorio
949 670 1005 691 na-

303 719 374 747 tum
406 726 491 755 esse,
523 724 650 746 summe
682 713 766 744 felix
797 710 1006 743 fortitudinis

304 767 504 807 auspicium,
523 770 557 796 et
574 765 615 795 ad.
634 773 686 794 res
712 762 878 803 gerendas
897 760 1008 790 fatalis

304 816 496 848 ducebatur
513 813 709 844 destinatio.
754 811 869 841 Barth.

348 864 487 906 Aquilis]
511 864 611 902 Signa
637 862 868 892 Romanorum
886 859 1011 890 intelli—

306 917 367 957 git.

349 968 388 997 17
408 965 448 996 In
462 964 572 995 mediis
587 963 734 994 cunabula
751 962 886 1003 praebuit
901 961 1013 1001 hastis]

309 1016 453 1048 Praebita
496 1016 607 1046 castris
643 1013 733 1045 forte
771 1012 1010 1044 scribendum:

308 1076 504 1107 quanquam
538 1064 638 1095 alteri
670 1063 851 1103 scripturae
880 1066 1012 1092 contro-

307 1116 450 1147 versiam
479 1119 610 1146 temere
641 1113 770 1143 moveri
807 1111 933 1142 nolim:
978 1112 1013 1141 in

308 1165 479 1197 nonnullis
506 1164 678 1195 codicibus
708 1162 845 1201 insulse,
867 1162 1014 1192 venabula

306 1216 442 1258 proebuit
459 1216 546 1246 escis.
592 1215 634 1245 D.
654 1214 773 1244 Heius.

355 1267 393 1297 In
422 1265 531 1296 mediis
563 1264 711 1294 cunabula
740 1263 875 1303 proebuit
905 1263 1016 1303 hastis]

310 1316 386 1347 Ista
403 1321 526 1354 autem,
539 1324 613 1355 quae
633 1314 673 1344 de
691 1314 845 1344 Honorio
861 1314 912 1343 liic
932 1322 1016 1352 pr‘ae·

311 1367 403 1398 dicat
419 1366 637 1404 Claudianus,
653 1363 796 1394 mirifica
814 1364 926 1393 onmia
943 1372 1017 1392 ver-

311 1416 432 1447 borum
456 1415 626 1446 suavitate
647 1414 872 1445 Valentiniani
898 1412 1018 1443 Laudi-

313 1466 377 1498 bus
393 1465 518 1497 accinit
538 1465 756 1503 Themistum,
778 1464 946 1495 Oratione
969 1471 1018 1494 Χι.

313 1516 410 1548 Dicit
433 1525 516 1555 ergo
541 1516 731 1546 Honorium
756 1515 953 1555 Principem
977 1513 1020 1543 ad

312 1567 486 1598 Virtutem
512 1566 716 1607 sequendam
742 1566 860 1606 Regiae
888 1563 1022 1596 Nativi-

317 1617 398 1648 tatis
415 1617 595 1647 Felicitate
622 1626 694 1647 esse
715 1616 940 1656 compulsum,
965 1624 1020 1645 ve—

315 1667 367 1697 lut
391 1671 424 1697 et
451 1676 471 1696 a
495 1666 631 1696 Natura
657 1666 799 1707 Deoque
825 1666 899 1705 ipso
927 1664 1022 1695 adac-

318 1722 401 1748 tum.
452 1717 563 1747 Barth.

361 1768 401 1796 18
426 1766 530 1796 Ferox
556 1766 742 1805 Germania]
767 1766 948 1805 Bellicosa,
970 1765 1024 1806 ju-

320 1815 353 1856 gi
378 1815 685 1857 dominationisque
712 1816 907 1857 impatiens,
933 1817 1024 1847 Mar-

316 1866 377 1897 tia.
412 1866 511 1897 Idem.

364 1920 406 1949 20
424 1917 594 1957 Caucasus]
609 1918 774 1948 Ferarum
785 1917 948 1957 gentium,
960 1917 1026 1947 Ro-

320 1968 496 2009 manisque
516 1968 721 2008 ignotarum,
738 1968 860 2008 hospes
877 1977 983 1998 mons.

364 2019 487 2049 Numen
503 2017 655 2057 confessu]
674 2018 711 2048 Iu
730 2026 836 2057 puero
853 2017 952 2048 modo
970 2026 1027 2048 na-

321 2073 367 2102 to.
395 2069 512 2099 Barth.

364 2121 405 2150 21
430 2118 555 2158 Mero'e']
578 2118 698 2150 Mero'e‘
723 2118 833 2149 insula
854 2117 1027 2149 ambiente

321 2168 425 2200 facta.
462 2169 559 2200 Idem.

366 2222 407 2250 22
430 2219 578 2259 Reptasti
595 2229 651 2260 per
664 2217 767 2258 scuta]
786 2218 944 2250 Sidonius
962 2218 1029 2248 Pa-

323 2272 487 2312 negyrico
500 2271 745 2303 Anthemiano:
763 2274 772 2289 ‘
788 2270 835 2302 At
849 2276 1028 2311 postquam

325 2323 453 2364 primos
469 2322 578 2352 infans
595 2327 758 2362 exegerat
778 2331 883 2352 3111105
902 2322 1029 2361 Repta-

326 2373 387 2404 bat
417 2382 518 2413 super
549 2382 642 2403 arma
668 2373 796 2410 Patris,
826 2380 1028 2412 quamquam

326 2427 422 2454 arcta
447 2422 586 2453 tenebat
610 2423 751 2453 Lamina
767 2423 950 2461 cervicem,
975 2430 1029 2461 ge-

325 2473 417 2504 mina
433 2473 629 2512 complexus
646 2472 687 2502 ab
703 2473 795 2511 ulna,
809 2472 928 2502 Livida
943 2472 1032 2502 laxa-

326 2524 371 2555 tis
387 2523 538 2554 intrabat
555 2522 596 2552 ad
613 2522 728 2552 oscula
749 2522 872 2553 cristis.
917 2521 1032 2553 Ludus

329 2578 405 2605 erat
430 2583 536 2614 puero
564 2577 678 2612 raptas
704 2581 746 2602 ex
769 2571 866 2602 hoste
889 2570 1032 2612 sagittas

329 2626 468 2659 Festiva
484 2628 634 2656 tractare
650 2621 775 2653 manu.'

371 2677 553 2716 Regumque
561 2673 684 2712 seroces
696 2672 845 2712 Exuviae]
863 2672 1032 2703 Recentes

329 2729 439 2762 adhuc
464 2729 639 2769 sanguine,
666 2728 816 2769 taboque
840 2727 950 2758 hostili
976 2727 1032 2758 ad-

331 2793 457 2826 spersae
473 2786 510 2815 et
524 2782 716 2814 horrentes.
750 2780 867 2812 Barth.

540 216 684 247 NOTAE
718 212 981 246 VARtoRUM
1016 211 1067 242 IN
1101 211 1176 242 GL.
1210 209 1391 242 CLAUD·
1423 210 1510 240 vlt.

1096 308 1276 348 Regumque
1291 305 1443 345 recentes]
1458 305 1537 336 Non
1553 302 1639 336 bene
1653 303 1756 344 vulgo

1045 358 1269 398 [ενοι-91113111
1287 358 1383 397 ferox
1413 360 1649 398 praecesserat.
1678 364 1760 395 qua-

1054 414 1129 441 tuor
1156 410 1232 440 libri
1252 410 1402 447 J'acentes.
1429 416 1542 437 veram
1573 405 1758 436 lectionem

1053 461 1139 491 vidit
1156 461 1256 491 etiam
1285 458 1548 499 Rapheleugius‚
1564 465 1662 496 quam
1690 463 1760 485 me-

1054 511 1155 541 liores
1172 510 1290 550 scripti
1308 514 1457 540 tuentur.
1491 509 1535 539 D.
1551 507 1663 537 Heius.

1098 565 1138 593 23
1165 561 1237 592 Tibi
1261 562 1348 592 ludus
1373 560 1475 600 erunt]
1511 559 1578 589 Pro
1605 555 1762 594 ridiculo,

1057 613 1139 643 nulli
1159 612 1284 642 timori.
1309 610 1503 641 Martialis:
1528 609 1536 625 ‘
1555 607 1670 639 Ludus
1685 608 1762 636 erat

1056 674 1161 694 sacrae
1178 663 1347 694 connubia
1362 660 1482 692 fallere
1502 658 1624 696 tend-<rx
1640 660 1704 688 &c.

1102 715 1288 753 Primusque
1304 711 1434 751 solebas]
1459 711 1574 747 Ultro,
1593 714 1650 740 tua
1666 717 1763 748 spon-

1060 768 1107 802 te,
1136 772 1198 793 uec
1226 763 1268 792 ab
1299 772 1339 793 eo
1361 763 1475 802 jussus
1504 765 1562 791 aut
1591 760 1766 790 invitatus.

1062 813 1175 844 Etiam
1200 813 1271 843 haec
1296 821 1363 842 nou
1388 812 1460 842 siue
1483 810 1610 841 invidia
1626 807 1766 840 Arcadii

1062 864 1155 895 dicta
1170 868 1257 894 sunt.
1291 862 1408 893 Barth.

1105 917 1145 946 24
1170 915 1301 945 Torvum
1315 916 1383 954 post
1408 913 1519 953 pra’lz‘a
1531 910 1668 952 patrem]
1696 909 1768 950 Spi-

1064 970 1196 996 rantem
1213 964 1324 995 adhuc
1340 963 1490 994 laborem
1517 961 1690 999 bellicum,
1710 970 1770 991 no·

1065 1021 1199 1056 uisque,
1210 1019 1248 1045 111
1263 1014 1343 1045 alibi
1360 1013 1525 1054 loquitur,
1539 1020 1692 1042 accensae
1706 1009 1775 1058 vir:

1064 1068 1149 1097 tutis
1167 1066 1274 1096 adhuc
1286 1066 1383 1096 vultu
1397 1062 1653 1104 praeferentem.
1672 1061 1770 1091 Idem.

1107 1119 1147 1147 25
1173 1116 1273 1155 Signa
1286 1115 1478 1155 triumphato
1493 1113 1611 1154 quoties
1623 1111 1772 1152 flexisset

1065 1167 1102 1198 ab
1130 1167 1228 1207 Istro]
1253 1167 1402 1197 Torsisset
1431 1165 1497 1195 duo
1524 1163 1612 1194 libri.
1630 1171 1696 1192 non
1721 1170 1773 1192 se-

1066 1226 1161 1258 quor,
1180 1218 1202 1246 l.
1223 1225 1263 1247 11.
1291 1216 1324 1245 111
1348 1213 1462 1246 Rufin.
1484 1214 1493 1231 ‘
1510 1212 1658 1244 Flectite
1677 1210 1774 1251 signa

1067 1267 1194 1297 duces.’
1233 1266 1277 1296 D.
1294 1264 1408 1295 Heius.

1114 1314 1331 1355 Triumphato]
1357 1314 1460 1344 Notae
1478 1321 1600 1351 pugnae
1618 1315 1653 1341 et
1669 1311 1775 1341 victo-

1069 1366 1126 1397 riae
1149 1375 1212 1405 pro
1236 1363 1427 1404 Republica
1441 1361 1633 1392 Theodosii.
1678 1360 1776 1392 Inter

1070 1421 1210 1448 caeteras
1241 1415 1313 1455 ejus
1344 1414 1490 1444 virtutes
1532 1411 1690 1442 notabilis
1727 1421 1778 1452 ea,

1071 1467 1160 1508 quod
1178 1465 1406 1506 triumphandi
1422 1464 1545 1500 studio,
1559 1472 1635 1494 cum
1649 1466 1779 1493 caetera

1071 1518 1220 1558 Trajano
1233 1513 1619 1547 omniumlaudatissimo
1634 1512 1779 1553 principi

1073 1579 1134 1609 par
1151 1573 1253 1608 esset,
1265 1570 1441 1598 contemto
1453 1565 1516 1596 hac
1533 1567 1630 1605 parte
1649 1571 1777 1594 summo

1073 1619 1178 1650 fuerit
1194 1617 1360 1658 superior.

1117 1668 1166 1699 Ab
1192 1667 1289 1707 Istro]
1311 1665 1464 1706 Scythia,
1480 1663 1649 1695 Danubio.
1696 1661 1779 1694 Qui-

1074 1717 1135 1749 bus
1151 1726 1283 1749 omnem
1309 1716 1503 1746 immanium
1525 1720 1561 1745 et
1575 1713 1780 1743 invictarum

1075 1768 1237 1800 Gentium
1253 1767 1375 1797 molem
1399 1766 1583 1806 scriptores
1605 1763 1781 1795 circumlo-

1075 1822 1237 1860 quuntur.
1277 1817 1392 1848 Barth.

1119 1868 1168 1899 Ab
1195 1868 1293 1907 Istro]
1316 1868 1430 1898 Multa
1456 1870 1492 1897 et
1519 1865 1685 1906 praeclara
1701 1868 1781 1895 sunt

1075 1919 1258 1951 Theodosii
1269 1923 1365 1958 gesta
1373 1921 1493 1949 contra
1501 1917 1608 1948 Getas
1616 1921 1649 1947 et
1657 1916 1783 1946 Trans-

1076 1970 1248 2007 istrianos,
1267 1969 1324 2010 qui
1348 1967 1485 1999 flumine
1501 1967 1650 2008 trajecto
1666 1966 1782 1996 Mace-

1077 2021 1210 2052 doniam
1223 2020 1430 2050 invaserant.
1467 2019 1588 2048 Clarer.

1121 2074 1162 2102 28
1188 2071 1302 2102 Ρνιεηα
1328 2069 1437 2109 Suet-i]
1481 2068 1580 2099 Hanc
1608 2066 1782 2097 nationem

1078 2122 1198 2152 merito
1227 2118 1491 2151 bellicosissimis
1522 2119 1697 2153 accenset,
1725 2114 1783 2156 qui

1079 2183 1119 2204 eo
1144 2176 1268 2213 postea
1294 2169 1447 2202 militaris
1464 2168 1580 2209 gloriae
1606 2167 1783 2204 venerunt,

1079 2229 1116 2254 ut
1139 2223 1172 2253 in
1199 2220 1415 2252 conflictibus
1439 2218 1607 2249 sociarum
1632 2214 1783 2255 gentium

1079 2273 1160 2313 ipsis
1195 2272 1322 2311 primus
1353 2268 1534 2299 cederetur
1567 2273 1783 2305 congressuS.

1079 2323 1198 2354 Abbas
1214 2318 1457 2352 Hirsfeldensis
1474 2317 1508 2347 in
1526 2315 1627 2347 rebus
1639 2313 1785 2346 Henrici

1080 2383 1130 2405 xv.
1167 2370 1406 2412 Imperatoris:
1442 2369 1450 2385 ‘
1469 2368 1596 2398 Datum
1615 2370 1665 2396 est
1682 2373 1787 2405 nego-

1081 2425 1163 2455 tium
1189 2421 1380 2461 Rodulpho‚
1407 2419 1591 2450 Suevorum
1617 2416 1717 2454 Duci,
1747 2418 1784 2445 ut

1081 2476 1156 2516 ipse
1173 2483 1249 2504 curn
1265 2472 1331 2503 suis
1354 2470 1464 2511 prima
1480 2468 1553 2500 acie
1570 2464 1784 2505 confligeret,

1085 2524 1250 2567 peculiari
1275 2523 1463 2554 Suevorum
1492 2516 1687 2558 privilegio,
1714 2514 1785 2556 qui·

1082 2578 1142 2608 bus
1160 2575 1202 2607 ab
1219 2572 1379 2613 Antiquis
1400 2571 1472 2611 jam
1489 2568 1608 2599 diebus
1625 2566 1710 2606 Legi
1726 2565 1785 2595 da-

1083 2633 1154 2658 tum
1171 2630 1235 2664 est,
1251 2629 1289 2654 ut
1314 2624 1347 2653 in
1374 2620 1462 2652 omni
1480 2618 1702 2659 expeditione
1718 2616 1786 2648 Re-

1084 2677 1133 2718 gis
1149 2673 1350 2707 Theutouici
1365 2672 1428 2712 ipsi
1451 2669 1640 2702 exercitum
1657 2676 1786 2708 praece-

1083 2728 1177 2765 dere,
1201 2729 1236 2756 et
1262 2723 1360 2764 primi
1387 2721 1543 2762 praelium
1569 2717 1785 2752 committere

1083 2775 1256 2810 debeant.’
1292 2773 1410 2807 Barth.
