1851 3213
288 213 401 256 1280

285 320 383 362 ignes
400 319 558 360 Spirent.’
582 321 699 351 Barth.

333 374 393 402 177
417 371 555 410 Surgere
581 370 762 412 purpureis]
796 371 900 402 Forte
918 380 992 401 rec-

290 423 510 462 tiusfervere:
535 428 572 454 ut
588 433 637 454 xv.
664 423 805 454 Consul.
834 422 991 459 Honorii,

289 483 340 504 VS.
357 476 431 505 544.
464 472 728 513 ‘ferventesque
760 476 892 502 tument
915 476 993 512 post

289 528 384 564 terga
401 523 588 555 dracones!
635 523 726 553 Cave
743 523 860 554 audias
888 523 992 553 libros

287 575 320 606 in
355 575 475 616 quibus
502 575 609 605 coelum
635 573 751 604 servire
777 583 838 613 pro
865 573 994 604 saevire.-

290 630 370 656 sunt
385 625 474 656 enim
494 625 591 665 pauci
617 634 755 655 numero
773 628 807 655 et
832 629 923 655 notae
938 624 994 654 de-

289 675 444 714 terioris;
485 675 605 716 quibus
643 675 747 706 nolim
785 675 993 706 auscultasse

290 725 480 757 Barthium.
506 726 554 757 D.
574 726 684 756 Heins.

334 776 509 815 Purpureis
520 775 689 813 unguibus]
703 776 900 805 Draconum
915 778 996 804 nota

290 827 437 856 vexilla:
462 826 518 855 illa
547 824 649 863 signis
675 824 754 863 ipsis
783 823 997 853 circumvoli-

290 877 424 907 tabant.
489 875 714 904 Numesianus
766 872 991 913 Cynegetico:

288 927 297 943 ‘
310 926 414 966 Signa
429 925 567 963 micant,
578 923 757 963 sinuatque
781 927 894 953 truces
911 922 996 953 levis

291 985 372 1006 aura
385 973 583 1006 Dracones)
607 974 727 1005 Barth.

339 1027 500 1057 Undantes
514 1024 634 1064 hastas]
670 1025 776 1064 Signa
803 1023 911 1062 prima
930 1023 996 1053 Ro-

289 1086 466 1107 manorum
483 1074 721 1116 manipulz'soeni
737 1078 847 1111 erant,
863 1083 886 1104 1.
905 1073 996 1103 Fast.

290 1127 414 1157 deinde
463 1126 590 1166 Aquila,
626 1125 746 1164 Lupus,
784 1125 997 1162 Minotaurus,

291 1178 411 1217 Equus,
425 1175 519 1216 Aper.
542 1175 630 1206 Plin.
646 1184 679 1205 x.
701 1178 733 1205 4.
758 1175 853 1204 Fest.
869 1173 927 1204 lib.
946 1181 996 1204 xi.

289 1227 375 1258 licet
392 1227 481 1257 idem
507 1227 528 1256 l.
547 1234 622 1256 xlv.
642 1235 771 1265 porcum
791 1225 883 1254 inter
901 1223 996 1263 signa

291 1282 455 1319 reponat:
483 1276 542 1307 sed
560 1274 648 1305 forte
674 1275 764 1305 idem
792 1279 845 1304 est
873 1282 995 1313 porcus

291 1333 327 1360 et
344 1337 425 1369 aper
440 1338 447 1357 :
487 1326 590 1357 tertio
605 1327 752 1355 dracones
768 1323 892 1364 gestari
907 1332 997 1362 coep-

292 1379 331 1418 ti,
353 1378 414 1409 sed
441 1377 561 1407 serius.
588 1374 756 1404 Ammian.
781 1374 801 1403 l.
818 1381 910 1403 xvir.
945 1372 995 1402 Si—

292 1429 369 1459 don.
398 1428 510 1459 Carm.
527 1435 565 1456 11.
588 1425 596 1441 ⁶
612 1425 661 1456 Ut
690 1425 834 1464 prinnnn
865 1427 997 1453 vestras

291 1478 437 1520 Aquilas
466 1476 643 1518 provincia
667 1475 767 1514 vidit,
793 1473 906 1504 Desiit
923 1473 997 1503 hos-

292 1530 371 1560 tiles
405 1527 587 1559 confestim
619 1527 757 1556 horrere
796 1522 998 1556 Dracones!

292 1579 383 1621 quod
412 1579 591 1619 pulchrum
630 1576 739 1607 videri
778 1580 902 1616 posset,
933 1574 998 1604 nisi

293 1634 411 1661 noster
434 1629 578 1659 dixisset
595 1628 638 1658 de
654 1637 712 1658 111.
727 1627 819 1657 Hon.
838 1626 938 1657 cons.
955 1624 998 1655 ad

292 1679 413 1710 finem:
450 1679 518 1710 ‘Hi
550 1679 645 1718 picta
673 1680 872 1709 Draconum
900 1675 998 1707 Colla

291 1730 422 1768 levant,
451 1729 646 1769 multusque
665 1732 773 1758 tumet
800 1737 861 1767 per
882 1726 998 1757 nubila

291 1788 431 1820 serpens
449 1779 561 1809 Iratus
577 1777 771 1808 stimulante
788 1780 882 1816 noto,
900 1776 997 1806 vivit-

294 1841 360 1872 que
377 1830 527 1870 receptis
544 1830 711 1868 Flatibus,
735 1834 770 1859 et
787 1828 880 1859 vario
907 1837 997 1858 men-

293 1884 379 1915 titur
402 1883 501 1914 sibila
529 1882 665 1914 tractu!
712 1883 763 1912 Ex
792 1881 912 1922 quibus
939 1891 996 1919 ap-

292 1938 392 1976 paret
416 1944 482 1964 non
505 1933 606 1964 fuisse
621 1943 662 1963 ex
689 1942 770 1962 auro
797 1935 997 1971 argentove,

294 1990 332 2016 ut
349 1985 506 2026 Aquilam
523 1996 531 2021 ς
556 1983 615 2013 sed
627 1987 772 2013 assutam
787 1983 996 2012 intextamve

293 2045 406 2076 panno
429 2034 585 2074 effigiem.
632 2034 802 2073 Expresse
820 2037 938 2062 noster
954 2031 997 2062 de

294 2085 414 2117 eodem
432 2094 487 2116 111.
517 2086 618 2115 Cons.
642 2085 651 2099 ‘
665 2083 831 2123 spirisque
849 2081 997 2112 remissis

292 2136 541 2167 Mansuescnnt
579 2134 661 2165 varii
700 2139 802 2164 vento
840 2138 997 2163 cessante

294 2185 495 2216 Dracones:
542 2186 586 2215 Et
623 2184 665 2215 de
699 2183 860 2215 1v.H‹›n.
897 2183 997 2213 Cous.

291 2236 300 2252 ‘
325 2234 564 2276 ferventesque
605 2239 739 2265 tument
777 2238 855 2273 post
899 2238 998 2273 terga

294 2285 489 2316 Dracones.⁷
535 2285 607 2315 Imo
634 2295 699 2315 una
722 2294 797 2315 cum
813 2283 940 2324 Aquila
962 2284 995 2314 in

293 2336 412 2367 eodem
447 2336 602 2366 exercitu
638 2337 764 2366 Draco.
805 2340 924 2365 noster
955 2335 997 2365 de

293 2386 422 2426 nuptiis
448 2385 538 2416 Hon.
565 2390 599 2416 et
617 2386 758 2415 Mariae:
787 2385 909 2415 ‘Stent
928 2384 996 2414 bel-

291 2436 432 2468 latrices
468 2435 615 2476 Aquilae,
644 2436 768 2465 saevive
800 2434 998 2465 Dracones!

296 2487 456 2527 Denique
488 2486 545 2516 ubi
573 2486 706 2526 Aquilae
726 2497 744 2517 a
772 2486 997 2517 Constantino

295 2549 380 2570 crux
429 2536 586 2576 suffecta,
633 2538 810 2568 Dracones
857 2537 996 2569 retenti.

294 2590 476 2630 Dempster.

338 2640 515 2679 Purpureos
543 2638 675 2677 ang-nes]
699 2639 810 2668 Vocat
838 2639 880 2668 ad
908 2639 997 2669 colo-

293 2700 365 2721 rem
379 2688 648 2729 significandnm,
665 2697 740 2717 nam
759 2688 911 2727 peditum
924 2698 996 2718 rea·-

293 2741 349 2771 illa
364 2750 463 2777 rosea,
486 2739 637 2781 equitum
664 2739 805 2768 caerulea.
829 2738 925 2769 Serv.
954 2738 997 2768 ad

294 2791 500 2832 principium
513 2798 594 2821 vni.
612 2788 741 2820 AEneid.
766 2788 857 2829 quod
874 2788 901 2818 is
915 2789 997 2819 color

546 224 688 255 NOTAE
721 218 985 255 VA'RIORUM
1023 225 1072 254 IN
1108 225 1183 255 GL.
1215 225 1399 255 CLAUD.
1433 224 1476 256 V.

1042 320 1083 351 sit
1103 330 1190 360 aquae
1207 330 1266 351 seu
1285 318 1438 360 Neptuni,
1462 316 1519 359 qui
1534 325 1658 358 equum
1673 316 1746 348 bel-

1044 371 1119 402 licis
1151 371 1266 403 usibus
1299 369 1474 401 adhibuit:
1509 378 1613 409 quare
1630 368 1680 399 M.
1699 366 1744 399 A·

1044 421 1167 462 grippa
1194 422 1340 453 caernleo
1364 420 1489 451 vexillo
1520 419 1562 450 ab
1589 417 1746 459 Augusto

1045 471 1202 511 donatus,
1228 472 1323 502 Suet.
1352 470 1440 510 Aug.
1460 480 1490 500 e.
1514 472 1566 500 2⁷.
1589 478 1747 509 purpurea

1045 527 1171 562 antem,
1183 523 1271 563 quod
1290 524 1299 539 ‘
1311 522 1517 561 sanguineus
1534 519 1629 550 color
1638 517 1749 550 Marti

1044 572 1250 605 conveniat!
1279 573 1359 603 Isid.
1376 573 1398 603 1.
1419 580 1525 602 xvm.
1545 572 1637 601 c.4l.
1669 569 1748 609 lego

1046 630 1159 656 tamen
1175 634 1313 655 aureum
1329 622 1435 654 fuisse
1451 623 1600 654 colorem
1618 621 1749 651 Draco-

1045 684 1134 705 nnm.
1164 674 1331 705 Ammian.
1348 673 1406 704 lib.
1424 682 1501 703 XVI.
1533 673 1542 687 ‘
1558 670 1666 711 alios,'
1691 670 1750 710 ait,

1050 725 1249 764 ‘purpureis
1267 722 1535 763 subtegminibus
1564 721 1661 759 texti,
1687 720 1749 751 cir-

1047 775 1252 805 cumdedere
1280 776 1469 811 Dracones,
1497 774 1669 804 hastarum
1693 781 1750 802 au-

1046 825 1113 855 reis
1142 825 1388 865 gemmatisque
1415 822 1663 854 summitatibus
1686 821 1750 852 illi-

1047 878 1156 914 gatos,
1187 875 1281 905 hiatu
1298 878 1394 905 vasto
1419 873 1620 913 perflatsses,
1638 878 1673 903 et
1696 881 1752 903 ve-

1046 923 1111 955 luti
1127 924 1177 955 ira
1197 924 1322 964 perciti
1344 924 1532 962 sibilantes,
1547 924 1747 954 caudarum-

1047 985 1112 1016 que
1148 975 1317 1006 volumina
1349 974 1579 1015 relinquentes
1605 973 1640 1003 in
1671 982 1750 1004 ven-

1048 1025 1141 1057 tum!
1163 1027 1308 1066 Dempst.

1092 1078 1154 1106 179
1177 1076 1271 1107 Ferri
1296 1074 1394 1114 nitor]
1439 1074 1608 1115 Splendor
1646 1082 1755 1104 armo-

1048 1136 1132 1164 rum,
1158 1126 1262 1156 decus
1287 1125 1461 1165 egregium
1488 1125 1625 1163 militis;
1661 1123 1751 1165 quod

1047 1185 1112 1205 non
1130 1175 1299 1215 ignoravit
1316 1174 1611 1215 Pyrgopolynices
1622 1173 1752 1205 Comici

1047 1225 1128 1256 ferri
1142 1225 1191 1256 sni
1203 1226 1310 1256 aciem
1322 1225 1421 1264 poliri
1432 1225 1573 1264 jubens,
1589 1229 1628 1255 ut
1641 1224 1751 1255 aciem

1046 1276 1198 1307 hostibus
1226 1277 1258 1306 in
1277 1276 1349 1306 acie
1375 1275 1637 1316 praestringeret
1663 1275 1752 1306 scili-

1047 1332 1115 1358 cet.
1140 1327 1255 1357 Barth.

1092 1380 1154 1408 180
1182 1376 1470 1417 Teneroque'amuz's
1487 1379 1629 1417 reptatus
1644 1376 1752 1407 Achil-

1048 1428 1087 1468 li]
1104 1428 1217 1459 Alibi:
1242 1429 1250 1444 ‘
1266 1427 1438 1468 Cretaque
1455 1427 1614 1467 sejactet
1633 1431 1751 1458 tenero

1049 1482 1186 1519 reptata
1201 1477 1375 1509 Tonanti.'
1397 1478 1495 1509 Idem.

1095 1528 1294 1569 Cornipedis]
1318 1527 1474 1559 Chironis
1492 1527 1666 1559 Centauri.

1091 1579 1220 1619 Amnis]
1245 1579 1426 1620 Sperchius
1443 1577 1546 1610 forte.
1570 1579 1694 1610 Delrio.

1093 1633 1151 1660 181
1178 1631 1224 1661 Et
1245 1640 1353 1660 nemus
1379 1630 1519 1660 OEtaeum
1544 1628 1665 1669 radiat]
1698 1629 1754 1660 Ita

1048 1682 1169 1717 legunt
1200 1681 1273 1711 haec
1305 1685 1340 1711 et
1382 1680 1597 1720 distinguunt
1624 1680 1754 1721 scripti.

1049 1731 1173 1771 Vulgo,
1189 1734 1325 1760 resonat.
1350 1731 1396 1761 D.
1416 1730 1536 1761 Heins.

1094 1780 1251 1820 Clamore]
1275 1780 1362 1810 Vide
1377 1780 1630 1821 Onosandrum,
1648 1791 1676 1813 c.
1698 1783 1751 1813 29.

1048 1830 1163 1861 Barth.
1531 1846 1534 1851 ·

1093 1883 1153 1910 183
1180 1881 1334 1911 Intumuit
1349 1881 1448 1911 virtus
1462 1884 1492 1911 et
1508 1881 1596 1920 lucis,
1610 1882 1677 1922 35⁶²]
1700 1882 1753 1912 Ex

1050 1931 1193 1970 Papinio
1221 1936 1296 1961 sunt
1320 1931 1393 1961 haec
1416 1932 1437 1961 1.
1454 1940 1535 1962 vm.
1559 1932 1567 1947 ⁴
1586 1931 1634 1962 At
1662 1936 1752 1971 post-

1049 1991 1150 2021 quam
1180 1981 1289 2011 rabies
1319 1986 1354 2011 et
1371 1981 1447 2011 vitae.
1473 1981 1619 2021 prodiga
1644 1981 1753 2012 virtus

1049 2032 1201 2062 Emisere
1218 2031 1369 2062 animos?
1416 2031 1555 2062 Infinita
1580 2032 1662 2062 talia
1676 2035 1755 2062 sunt

1049 2082 1083 2111 in
1112 2081 1174 2112 hoc
1204 2081 1325 2120 Poeta,
1345 2092 1418 2122 quae
1441 2082 1496 2123 qui
1520 2081 1675 2113 conferre
1699 2092 1754 2114 vo-

1050 2131 1163 2169 luerit,
1191 2131 1319 2162 videbit
1345 2132 1446 2162 aliam
1470 2133 1570 2173 longe
1598 2136 1753 2163 veterum

1049 2182 1151 2212 etiam
1163 2182 1505 2221 ingeniosissimorum
1519 2193 1633 2213 curam
1642 2182 1756 2224 fuisse,

1052 2243 1149 2273 quam
1169 2243 1233 2274 qua
1250 2233 1348 2263 hodie
1364 2233 1398 2263 in
1416 2233 1621 2264 Parnassum
1638 2243 1753 2264 ascen-

1050 2283 1130 2313 dere
1159 2284 1241 2314 viles
1264 2288 1299 2313 et
1324 2293 1427 2314 merae
1444 2284 1561 2314 animae
1585 2283 1751 2315 nituntur.

1050 2335 1152 2365 Idem.

1093 2387 1153 2416 184
1180 2385 1275 2415 Haud
1300 2386 1369 2415 illos
1391 2394 1492 2424 rupes,
1505 2384 1601 2424 haud]
1629 2383 1753 2415 Sensus

1049 2440 1115 2473 est,
1144 2435 1233 2465 illius
1266 2435 1446 2474 notissimi,
1484 2435 1598 2465 ‘invia
1630 2434 1753 2466 virtuti

1049 2486 1141 2516 nulla
1158 2490 1210 2516 est
1227 2485 1305 2515 via.'
1350 2486 1424 2516 Nec
1441 2485 1529 2515 enim
1547 2486 1655 2515 virtus
1671 2495 1754 2517 vera

1048 2537 1119 2566 sine
1145 2535 1306 2575 periculis
1323 2536 1531 2575 agnoscitur.
1575 2535 1675 2566 Idem.

1093 2589 1154 2617 187
1178 2587 1312 2616 Prodita
1336 2596 1394 2615 non
1417 2585 1537 2624 tantus]
1570 2584 1699 2615 Scribit
1722 2594 1755 2615 e·

1049 2636 1115 2666 nim
1144 2636 1300 2674 Orosius,
1326 2636 1383 2676 qui
1407 2640 1477 2665 tum
1505 2635 1656 2674 vivebat,
1682 2644 1752 2667 vu.

1049 2689 1101 2717 37.
1126 2688 1135 2703 ‘
1151 2686 1241 2718 Quid
1255 2691 1399 2726 uterque
1415 2685 1553 2716 Rufinus
1566 2692 1602 2717 et
1611 2685 1753 2717 Stilicho

1049 2738 1173 2777 egerit,
1202 2736 1351 2778 quidque
1389 2746 1491 2776 agere
1523 2741 1664 2768 conatus
1698 2736 1755 2776 sit,

1049 2788 1160 2819 exitus
1191 2787 1368 2829 utriusque
1402 2786 1532 2826 docuit,
1567 2796 1644 2819 cum
1668 2786 1753 2817 alius
