1851 3213
292 194 406 236 1304

295 298 410 340 posuit
424 297 538 329 Silius.
583 297 626 329 D.
644 297 758 328 Heius.

301 372 304 375 -
337 352 401 382 492
413 349 541 380 Lethaeo
549 352 701 389 purgatos
712 347 858 388 gurgite]
874 347 995 388 Virgil-

294 399 354 431 lib.
377 408 426 430 vl.
471 400 602 430 Lethen
631 403 743 429 autem
771 397 850 428 ideo
872 396 996 428 fabulis

289 451 494 491 junxerunt,
518 449 598 490 quia
614 449 682 479 tale
699 447 828 489 aliquid
852 448 998 478 interve-

294 500 369 532 nire
386 508 525 530 necesse
543 503 628 537 erat,
644 507 720 528 cum
735 507 835 528 nemo
849 505 997 538 unquam

293 550 328 581 in
360 551 465 581 vitam
496 549 628 580 venerit
656 549 851 580 memoriam
883 558 999 580 eorum

292 601 418 632 liabens
435 609 511 642 quae
526 605 606 631 ante
621 600 732 641 ipsum
749 599 842 632 facta
859 599 999 631 fuerint.

294 651 413 682 Barth.

335 705 399 734 495
430 700 611 742 Veteresque
643 701 726 742 reos]
770 702 820 733 Ut
856 702 1000 743 quisque

293 754 488 794 appulerat,
505 753 626 784 ordine
643 752 820 793 temporis.
842 752 940 782 Idem.

336 806 399 836 497
423 803 569 841 Lustrat]
595 802 665 833 Diu
680 803 713 832 in
736 811 777 832 eo
803 802 924 840 haeret,
949 805 1001 832 tot

294 855 461 886 scelerum
486 853 648 884 famosam
666 852 820 883 umbram
845 853 999 883 miratus.

295 906 392 937 Idem.

339 957 395 987 Ex
408 956 470 986 imo
485 964 629 986 concussa
643 953 727 995 sede]
757 953 1000 995 Indignatione

292 1005 410 1036 nimia.
443 1005 543 1037 Idem.

337 1059 402 1088 499
435 1055 615 1096 Proluvies]
648 1055 832 1095 obscoena,
858 1055 1002 1095 impura,

295 1105 530 1138 abominabilis
557 1105 733 1144 colluvies,
760 1109 795 1135 et
811 1104 1000 1145 congestio.

294 1157 416 1198 virgil.
442 1156 485 1187 de
513 1156 699 1197 Harpyiis:
734 1157 742 1173 ‘
762 1155 926 1186 Obscoeni
948 1165 1002 1186 vo-

292 1207 425 1239 lucrum
440 1208 565 1246 vultus,
578 1206 762 1238 foedissima
774 1206 904 1237 ventris
916 1206 1002 1236 Pro-

296 1259 428 1290 luvies.'
476 1259 554 1289 Hoc
586 1263 651 1295 est,
681 1258 797 1288 cloaca
820 1258 1002 1298 quaepiam,

294 1309 458 1340 foricaeve
474 1307 665 1339 horrendae.
697 1307 834 1349 Alioqui
848 1309 1003 1348 proluvies

294 1361 370 1401 ipsa
386 1360 453 1390 alvi
469 1358 613 1398 egestio.
647 1359 746 1389 Idem.

338 1412 402 1440 500
420 1409 567 1449 Quodque
582 1409 659 1439 mihi
672 1419 823 1440 summum
834 1409 931 1440 scelus
941 1409 1002 1449 est]

294 1460 417 1492 Altera
452 1469 531 1501 pars
561 1459 721 1500 mythicae
759 1459 1003 1500 Philosophiae,

293 1510 452 1542 nimirum
469 1519 536 1541 non
559 1515 627 1540 tam
644 1510 785 1551 vulgum
812 1515 871 1541 aut
887 1520 1002 1552 quem-

297 1561 345 1592 vis
371 1571 511 1592 avarum
545 1561 803 1602 improbumque
833 1561 1002 1592 hominem

294 1616 429 1649 notans,
445 1621 545 1652 quam
563 1615 599 1641 et
615 1616 808 1652 tyrannum,
821 1616 856 1642 et
871 1612 1001 1651 Legum

294 1666 512 1702 receptarum
530 1661 742 1691 violatorem.
766 1661 854 1691 Sane
870 1661 1001 1701 Legum

295 1711 538 1743 auctoritatem
573 1720 712 1741 servare
746 1711 809 1742 hoc
838 1711 1000 1751 figmento

295 1761 478 1792 voluerunt
507 1760 638 1800 Poe'tae,
668 1770 712 1791 ex
741 1771 886 1801 persona
920 1772 1001 1793 vero

296 1811 548 1843 Rhadamanthi
562 1811 717 1852 apprime
731 1811 817 1843 bene
830 1813 892 1843 hoc
908 1813 1001 1851 lot-,03

297 1866 333 1894 et
349 1861 446 1902 paria
463 1867 542 1892 sunt
557 1861 647 1902 apud
663 1862 857 1901 Maronem,
879 1863 937 1894 lib.
954 1872 1002 1894 Vl.

295 1914 305 1930 ‘
322 1912 492 1944 Vendidit
520 1912 574 1944 hic
601 1922 683 1943 auro
714 1912 873 1952 patriam,
898 1913 1002 1944 domi-

296 1973 444 2004 numque
459 1967 636 2004 potentem
659 1962 839 2003 Imposuit,
855 1962 931 1994 fixit
957 1964 1004 1994 le-

296 2024 354 2055 ges
372 2015 483 2055 pretio
500 2019 603 2056 atque
620 2013 752 2045 refixit:
778 2013 862 2045 Ausi
875 2014 1004 2045 omneis

297 2064 444 2096 immane
458 2064 568 2101 nefas,
585 2073 735 2105 ausoque
752 2063 875 2105 potiti!
905 2065 1004 2097 Idem.

341 2115 485 2156 Improbe
499 2117 601 2155 legum
620 2115 786 2156 Venditor]
803 2116 912 2156 Leges
925 2125 1005 2146 ven-

298 2165 380 2197 dere
396 2176 560 2198 summum
578 2167 728 2197 crimen:
754 2165 833 2197 hinc
850 2167 941 2197 inter
957 2166 1004 2196 in-

296 2215 384 2248 ferni
397 2217 568 2248 cruciatus
584 2216 661 2247 AEn.
677 2226 727 2248 Vl.
766 2218 774 2234 ‘
793 2216 884 2248 Fixit
908 2217 1002 2258 leges

298 2266 411 2308 pretio
428 2270 530 2307 atque
547 2266 682 2298 refixit)
717 2267 862 2306 Dempst.

342 2316 457 2347 Facile
485 2316 573 2346 enim
600 2317 664 2354 illi,
680 2321 801 2357 utpote
828 2315 1004 2347 Praefecto

298 2366 480 2404 Praetorio,
495 2366 588 2406 leges
603 2366 707 2406 figere
722 2377 761 2398 ac
778 2366 921 2407 refigere
937 2377 1004 2398 non

297 2417 408 2449 minus
425 2426 522 2457 quam
539 2415 756 2448 Triboniano.
793 2418 917 2456 Claverf.

341 2470 403 2498 501
427 2466 537 2498 Arctoi
552 2466 717 2497 simulator
735 2467 855 2508 perfide
871 2468 1004 2508 Martis]

299 2517 379 2550 Non
395 2517 485 2547 enim
512 2526 590 2547 vere
608 2516 755 2548 Arctous
777 2527 837 2548 seu
859 2518 1004 2558 Septen-

299 2567 494 2599 trionalium
523 2566 725 2606 populorum
752 2566 780 2596 is
810 2567 904 2597 Mars
921 2572 1005 2607 erat,

300 2618 361 2650 sed
381 2617 505 2657 Rufini,
521 2618 579 2659 qui
595 2618 638 2648 ad
656 2617 843 2658 Imperium
867 2617 930 2649 sibi
946 2628 1005 2658 pa-

300 2667 444 2701 randum
474 2671 526 2699 tot
552 2667 774 2699 barbarorum
797 2668 905 2699 millia
933 2668 1006 2699 uni-

302 2729 401 2752 verso
429 2717 504 2750 fere
534 2719 684 2751 Romano
714 2718 788 2751 orbi
821 2717 1007 2750 infuderat.

559 203 702 234 No'rAE
735 202 1001 234 VARIORUM

1034 202 1084 232 IN
1120 202 1195 233 GL.
1228 201 1412 232 CLAUD·
1445 203 1489 233 V.

1046 296 1230 328 Simulator
1245 301 1297 328 est
1311 297 1366 338 qui
1384 296 1433 327 rei
1446 296 1543 327 aliam
1561 305 1580 326 a
1592 304 1673 326 vera
1686 293 1752 326 sor-

1045 356 1135 378 mam
1150 348 1295 379 inducit.
1334 346 1450 378 Barth.

1090 401 1152 429 503
1190 399 1291 430 Plena
1327 400 1460 429 lassatur
1493 396 1630 437 portitor
1665 394 1751 435 alno]

1047 449 1272 481 Proverbium
1307 448 1476 491 quoddam
1506 447 1550 479 de
1578 446 1752 478 immensis

1047 499 1228 540 stragibus.
1265 500 1357 531 Idem.

1091 553 1154 581 504
1191 550 1275 585 Quid
1300 552 1423 581 demens
1450 547 1616 587 manifesta
1641 546 1753 588 negas]

1051 601 1135 637 Quid
1145 602 1285 643 deinceps
1296 602 1394 642 prim.
1406 601 1564 631 Vatican.
1581 599 1625 630 D.
1637 590 1753 630 Heius.

1092 652 1207 683 Pectus
1240 652 1352 683 inustae
1388 650 1580 689 Deformant
1608 647 1752 688 maculae]

1048 701 1204 732 Platonis
1240 702 1374 742 dogma.
1431 701 1620 733 Animabus
1649 699 1755 731 etiam

1049 749 1288 782 defunctorum
1298 752 1479 783 inliaesuras
1488 752 1653 790 maculas,
1667 749 1756 781 unde

1050 800 1227 831 criminum
1244 801 1393 841 ipsorum
1409 803 1585 842 catalogus
1601 800 1691 841 apud
1708 801 1756 830 in-

1050 849 1142 881 feros
1160 851 1268 891 possit
1283 852 1465 882 recenseri.
1492 853 1625 882 Revera
1641 856 1755 882 autem

1050 910 1112 941 pei·
1127 900 1186 931 has
1200 901 1349 932 maculas
1364 901 1583 932 conscientiae
1599 901 1692 932 laesae
1708 900 1757 930 in·

1051 950 1207 982 eluibiles
1224 952 1326 982 Notae
1344 951 1594 992 intelliguntur.
1627 950 1745 982 Barth.

1096 1002 1147 1032 En
1159 1005 1268 1042 pectus
1281 1002 1393 1033 inusta>
1410 1001 1599 1040 Deformant
1613 999 1756 1040 maculae]

1051 1052 1222 1083 Lucianus
1238 1053 1271 1084 in
1287 1055 1461 1094 Tyranno,
1482 1063 1598 1085 eorum
1625 1051 1759 1089 animis,

1051 1104 1107 1145 qui
1122 1104 1254 1144 magnis
1269 1113 1305 1134 se
1322 1103 1545 1142 facinoribus,
1560 1103 1640 1134 dum
1652 1102 1758 1133 vitam

1052 1158 1205 1193 agerent,
1229 1153 1500 1192 obstrinxerunt,
1528 1153 1677 1183 maculas
1709 1152 1757 1182 in·

1052 1209 1146 1235 ustas
1171 1213 1244 1235 esse
1270 1204 1394 1235 docet:
1419 1202 1520 1233 ὁπόσα
1544 1202 1582 1234 ἄν
1604 1213 1652 1233 τις
1676 1202 1758 1240 ὑμῶν

1051 1254 1169 1294 πονηρὰ
1195 1253 1365 1294 ἐργάσηται
1393 1254 1477 1294 παρὰ
1501 1253 1558 1284 τὸν
1582 1253 1664 1292 βίον,
1690 1254 1758 1283 καθ’

1052 1304 1186 1336 ἕκαστον
1200 1304 1301 1335 αὐτῶν
1320 1304 1440 1343 ἐμφανῆ
1464 1303 1624 1343 στίγματα
1640 1302 1688 1333 ἐπὶ
1702 1303 1759 1339 τῆς

1051 1357 1154 1396 ψυχῆς
1167 1353 1331 1396 περιφέρει.
1355 1355 1459 1385 Brod.
1472 1363 1496 1386 1.
1509 1356 1541 1385 4.
1558 1363 1602 1384 ex
1619 1354 1757 1385 Platon.

1054 1406 1183 1446 Opinio
1207 1415 1289 1446 ergo
1314 1405 1372 1436 illa
1397 1404 1555 1443 invaluit,
1580 1403 1758 1434 criminum

1053 1461 1149 1488 notas
1167 1456 1299 1497 pectori
1324 1456 1507 1497 impressas
1532 1460 1612 1496 post
1627 1455 1758 1486 obitum

1053 1517 1229 1538 remanere
1245 1518 1254 1545 ;
1291 1512 1330 1538 ut
1367 1510 1565 1548 appareret,
1592 1505 1760 1548 quomodo

1055 1559 1197 1599 quisque
1209 1568 1244 1589 se
1260 1559 1440 1599 gessisset:
1458 1558 1549 1598 pium
1563 1567 1643 1588 sane
1656 1556 1761 1597 placi-

1054 1615 1139 1650 tum,
1152 1613 1188 1641 et
1202 1609 1406 1641 Christianae
1428 1609 1584 1649 religioni
1599 1608 1759 1639 vicinum.

1054 1660 1197 1700 Dempst.

1097 1713 1159 1741 505
1188 1710 1342 1750 Vitiisque
1355 1709 1483 1741 inolevit
1497 1708 1615 1748 imago]
1638 1707 1759 1739 Malim

1051 1761 1203 1801 vitiiquffl
1220 1760 1351 1791 scilicet
1368 1764 1476 1800 tergo.
1501 1760 1571 1790 Pro
1586 1759 1619 1789 in
1631 1757 1760 1794 teserre

1052 1812 1139 1851 libet,
1155 1820 1239 1842 cave.
1255 1811 1435 1852 quicquam
1456 1814 1566 1841 mutes
1582 1819 1658 1841 cum
1675 1809 1761 1839 Bar-

1053 1862 1143 1900 thi03
1168 1862 1341 1901 vulgatam
1365 1861 1454 1891 enim
1476 1859 1647 1891 mordicus
1662 1863 1760 1890 tuen-

1054 1917 1110 1943 tur
1126 1912 1258 1952 scripti.
1290 1911 1336 1943 D.
1352 1911 1465 1942 Heius.

1102 1963 1257 2003 Vitiisque
1270 1963 1395 1994 inolevit
1409 1961 1527 2002 imago]
1541 1961 1671 1993 Umbra
1686 1961 1762 2002 ipsa

1054 2015 1178 2046 mortui
1194 2014 1351 2046 vitiorum
1373 2018 1508 2045 tuorum
1531 2011 1692 2052 imagines
1710 2020 1762 2042 re-

1054 2065 1135 2098 fert.
1171 2066 1314 2105 Inotevit,
1329 2064 1393 2096 hoc
1409 2068 1473 2104 est,
1487 2062 1609 2095 crebra
1620 2071 1762 2093 consue·

1055 2116 1174 2147 tudine
1191 2116 1283 2147 velut
1299 2114 1487 2146 innascitur
1502 2117 1538 2145 et
1551 2117 1697 2154 cognata
1708 2110 1760 2143 fit.

1054 2166 1171 2198 Barth.

1096 2220 1160 2248 510
1182 2216 1314 2247 Arescat
1339 2215 1465 2255 decepta
1484 2212 1571 2253 sitis]
1595 2213 1760 2243 Accrescat

1053 2266 1403 2307 Rottendorphianus.
1438 2265 1483 2295 D.
1500 2263 1616 2294 Heius.

1097 2316 1297 2358 Dapz'busque
1313 2314 1446 2354 relictis]
1473 2313 1546 2344 Illis
1562 2322 1645 2353 quas
1664 2316 1758 2344 tanto

1048 2368 1123 2409 jam
1140 2372 1291 2407 tempore
1309 2365 1470 2406 pascitur.
1505 2363 1687 2394 Mansurus
1703 2373 1760 2394 au—

1054 2423 1136 2457 tem,
1150 2426 1192 2448 ne
1210 2421 1244 2448 te
1263 2425 1412 2456 unquam
1439 2420 1539 2455 putes
1564 2413 1638 2454 pari
1658 2413 1760 2445 modo

1055 2466 1255 2499 solvendum
1273 2475 1384 2506 poena.
1428 2464 1503 2496 Tibi
1520 2464 1609 2495 enim
1628 2474 1760 2496 mansu-

1055 2528 1110 2550 rus
1127 2522 1179 2549 est
1195 2517 1322 2548 vultur.
1356 2515 1473 2547 Barth.

1097 2570 1161 2599 513
1186 2567 1270 2598 Pars
1293 2569 1385 2607 quota
1410 2565 1489 2606 sint]
1523 2565 1604 2597 Sunt
1631 2564 1760 2606 primus

1054 2618 1211 2649 Vatican.
1228 2617 1354 2658 aliique
1370 2616 1521 2647 nonnulli
1544 2626 1587 2647 ex
1613 2615 1760 2647 meliori·

1055 2669 1132 2701 bus.
1169 2669 1213 2700 D.
1232 2668 1345 2699 Heius.

1099 2722 1159 2750 515
1185 2720 1251 2751 Aut
1265 2718 1436 2750 inconcesso
1460 2716 1585 2758 Tityos]
1609 2715 1690 2749 Non
1707 2715 1759 2747 '1¹2'-
