1852 3182
517 191 582 221 DE
615 192 794 227 MALLu
827 200 1010 234 THEOD.
1043 207 1180 241 coNs.

162 279 226 309 297
243 279 408 323 Prodigia]
422 282 557 314 Genera
570 285 750 320 bestiarum
766 300 824 330 po-

119 329 200 367 pulo
218 330 370 363 Romano
391 338 531 366 eatenus
547 335 662 369 invisa.
701 342 709 357 ‘
727 342 823 373 Mou-

116 380 198 410 stra'
218 387 316 413 vocat
333 383 550 423 Calpurnius.

162 431 267 462 Coedis
280 432 453 473 sitientem]
481 435 665 468 Poetarum
682 440 822 472 Theolo-

115 479 170 518 gia
202 481 350 513 Dianam
381 486 555 524 perpetuis
585 491 820 524 venationibus

114 530 276 569 gaudere,
291 533 393 563 etiam
413 534 502 573 apud
516 545 668 577 supero&
690 540 721 570 in
740 551 820 572 ‹ton-

112 582 218 611 sortio
236 584 418 614 numinum.

158 631 292 669 Deferat
304 635 424 671 arcum]
440 635 576 677 Ubique
593 639 699 678 ipsam
718 642 818 673 caedi-

110 678 173 710 bus
190 687 394 719 praesentem
418 684 561 717 Dianam
578 688 698 721 adesse
714 691 817 723 debe-

109 738 146 759 re
164 736 329 762 autumat.
354 733 470 765 Barth.
669 732 672 735 ’

137 780 294 820 ΔΒιζρῗὲναι
319 784 438 824 arcum]
475 786 532 817 Sic
560 788 748 820 Vaticanus
779 796 815 823 et

107 831 204 861 multi
224 832 293 862 alii.
339 834 450 873 Vulgo
470 837 599 874 (laser-at.
643 840 812 872 Junianus

105 881 238 912 desinat.
271 888 308 913 ut
339 885 429 924 apud
461 887 618 926 Statium,
645 892 652 907 ‘
678 891 811 923 Titania

104 930 222 963 desine
240 933 348 964 bellu)
367 945 444 967 vera
457 942 568 969 tamen
583 940 696 981 lectio,
711 952 809 982 quum

106 981 272 1014 edendam
301 987 503 1018 curavimus.
537 998 593 1021 ιιι.
620 991 724 1022 Laud.
742 993 809 1024 Sti-

101 1031 180 1063 lich.
205 1035 214 1050 ‘
234 1035 378 1066 Retibus
396 1042 431 1068 et
448 1039 563 1069 clatris
576 1040 681 1071 dilata
699 1049 807 1074 morte

103 1083 264 1117 tenendae
304 1085 553 1129 Ducendaeque
592 1089 712 1122 feraef
757 1102 808 1122 ιν.

101 1131 204 1164 Cons.
233 1134 323 1166 Hon.
345 1137 355 1152 ‘
376 1138 493 1175 praelia
517 1137 618 1169 differ
644 1141 684 1170 In
707 1141 807 1181 juve-

99 1185 203 1213 nem.’
225 1183 319 1214 etsie
334 1185 425 1216 alibi.
450 1187 534 1218 vidit
551 1189 711 1220 Bartliius
726 1201 807 1232 quo-

99 1241 166 1272 que
183 1242 298 1264 veram
315 1235 506 1269 lectionem.
530 1239 573 1269 D.
593 1240 702 1270 Heius.

141 1285 204 1314 298
231 1284 304 1315 Ursi
320 1295 432 1324 magna
449 1298 522 1327 quos
537 1290 626 1330 mole]
652 1290 804 1332 Cumpri-

97 1332 160 1363 mis
187 1336 395 1374 spectaculis
423 1340 611 1378 expetitam
643 1341 728 1372 lianc
759 1342 805 1373 fe-

96 1391 167 1414 ram
196 1389 354 1416 constat:
384 1387 518 1419 scilicet
541 1390 629 1430 quod
658 1393 743 1423 mole
769 1397 804 1424 et

95 1433 216 1465 robore
234 1435 360 1467 diutius
385 1438 563 1470 resisteret
588 1451 652 1471 una
678 1443 804 1483 multis,

94 1487 131 1513 et.
147 1484 290 1516 lassaret
306 1487 421 1526 plures
438 1498 683 1530 congressui-es.
718 1493 802 1524 Bar-

96 1533 192 1566 thius.

136 1585 222 1616 Ilsole
246 1588 384 1628 ruentes]
438 1590 596 1622 Rudentes
626 1592 734 1625 Aldus
765 1599 801 1626 et

93 1642 215 1675 magna
238 1639 444 1677 scriptorum
471 1651 548 1680 pars
572 1653 647 1673 cum
672 1645 800 1684 optimo

94 1684 274 1717 Vaticano.
300 1688 447 1719 ruditum
466 1691 551 1720 ursis
568 1692 637 1731 dut,
664 1695 720 1733 qui
739 1695 801 1725 asi·

90 1743 208 1767 narum
226 1738 397 1778 proprius,
414 1745 452 1770 ut
469 1741 622 1772 leonibus
638 1743 799 1781 Virgilius

89 1789 126 1816 et
142 1785 262 1828 bobus,
278 1788 369 1819 Caco
386 1789 488 1820 etiam
504 1800 582 1822 v111.
597 1791 730 1824 AEneid.
753 1795 798 1825 J).

91 1836 206 1867 Heius.

131 1888 195 1918 302
220 1889 334 1928 Optat]
363 1890 460 1929 Optet
477 1901 555 1921 cum
581 1891 673 1922 Aldo
691 1893 798 1934 scrip-

89 1935 129 1967 ti.
151 1941 188 1967 et
204 1947 281 1968 mox
297 1939 406 1970 malint
433 1951 516 1971 unius
540 1942 717 1974 Mediccus
734 1954 795 1985 pro

88 1987 229 2016 mallent.
253 1986 361 2019 Idem.

130 2037 267 2067 Mallem*
285 2037 439 2079 fregisse]
476 2040 639 2079 Frangere
671 2042 795 2075 Heroas

84 2095 144 2118 eos
169 2097 252 2127 quos
277 2088 491 2130 devicerant,
519 2102 612 2123 more
630 2094 793 2135 Leonum,

87 2139 150 2169 διο.
165 2138 260 2170 aiunt
277 2140 412 2172 Poe‘tae.
436 2143 554 2173 Barth.

127 2190 189 2220 303
216 2189 374 2222 Fulminez'
397 2193 506 2232 pardi]
544 2193 599 2225 Ob
627 2195 791 2227 velocita-

78 2228 155 2269 tem
172 2244 207 2269 et
224 2239 401 2279 impetum.
436 2243 534 2274 Idem.

125 2291 187 2319 305
218 2290 352 2330 Viridis]
387 2292 415 2322 A
436 2293 546 2323 virore
572 2294 718 2334 quodam
747 2305 790 2326 ex

82 2337 263 2379 flavedine‚
275 2352 374 2383 quem
388 2343 422 2373 in
441 2344 581 2374 maculis
597 2344 787 2376 Pan-dorum

81 2395 202 2422 notare
220 2392 313 2432 licet,
330 2393 388 2424 lib.
404 2403 460 2426 111.
488 2394 521 2425 iu
538 2395 761 2426 Stilichonem
777 2406 787 2427 z

80 2442 90 2457 ‘
107 2441 195 2472 Tum
217 2443 341 2474 virides
358 2445 502 2484 pardos,
525 2450 560 2477 et
576 2450 705 2477 caetera
721 2447 787 2478 col-

78 2489 154 2530 ligit
171 2491 290 2523 Austri
306 2493 493 2534 Ρτοᾱίςίειι.1

120 2541 270 2583 Adulter]
294 2544 466 2584 Corrupto
489 2545 621 2577 scilicet
648 2546 784 2579 Leaenae

79 2600 218 2630 genere.
272 2593 471 2626 Adulterium
495 2596 583 2627 enim
610 2598 784 2637 permistio

76 2650 144 2672 non
175 2652 410 2683 congrum-um.
465 2647 553 2678 Sunt
581 2651 696 2679 tamen
725 2649 783 2689 qui

77 2693 235 2723 Leaenam
252 2694 340 2724 inter
356 2694 445 2726 feras
458 2697 654 2738 conjugium
671 2709 782 2731 serva·

77 2751 129 2783 re,
150 2751 213 2774 nec
229 2744 365 2775 misceri
381 2746 490 2778 alieno
512 2749 700 2782 concubitu
716 2754 782 2782 tra-

165 2796 281 2838 Delplt.
295 2801 325 2830 et
349 2799 424 2831 Var.
442 2801 526 2834 Clas.

424 2923 440 2940 ἱ

765 2805 878 2836 Claud.

1467 209 1576 251 1441
1614 224 1616 226 ·

876 294 971 335 dant,
986 305 1023 329 ut
1042 299 1184 333 Basilius
1200 304 1434 342 Seleucicnsix.
1458 312 1574 347 Barth.

918 349 981 378 300
1006 349 1054 380 Hi
1072 354 1209 390 maculis,
1224 356 1291 396 &al
1319 359 1512 399 Leopardos
1527 366 1574 395 iu-

874 397 960 433 nuit,
979 399 1032 438 qui
1056 403 1240 440 maculosi3
1266 411 1301 436 ut
1329 413 1362 437 et
1391 410 1569 453 lynx,quae

874 445 1004 477 Maroni
1023 449 1149 482 ‹lit-itur
1165 455 1173 469 ‘
1193 457 1383 488 maculosa!
1408 461 1527 493 (laver.

915 495 963 525 Hi
977 500 1104 529 nim-ulis
1124 506 1229 540 putres
1245 505 1398 547 riserunt]
1423 509 1572 547 ch'rront

871 542 903 573 in
919 547 1014 583 prim.
1026 549 1203 583 vaticano.
1229 554 1352 586 I'uteni
1371 558 1570 595 legendum:

874 593 938 627 Qui
954 599 1081 627 maculis
1095 605 1198 637 putres
1211 604 1356 640 rrferanl.
1397 609 1436 639 D.
1453 610 1570 645 licius.

914 645 974 674 307
999 646 1112 686 Alpina
1127 651 1270 690 quicquid
1286 657 1420 698 lrgilur]
1457 660 1570 701 Libya-

868 702 936 724 rum
952 704 1105 728 recessus
1131 700 1173 730 ob
1191 708 1384 741 spectacula
1409 719 1567 742 excussus

867 745 993 776 mentio
1004 746 1161 788 frequens
1177 751 1208 780 in
1221 756 1427 788 auctoribus.
1452 759 1567 793 Barth.

909 797 971 826 310
995 797 1106 829 IlIulles
1120 802 1201 841 ludi]
1225 803 1406 844 Gymnasia
1419 811 1565 842 oninium

864 842 1080 889 flagitiorum,
1093 853 1354 894 tiu-pitudinum,
1366 858 1566 894 incestuum.

908 896 993 927 Nata
1008 900 1182 942 dulcedine]
1220 905 1357 937 Dulceclo
1371 918 1502 942 omnem
1517 913 1564 944 lu-

863 945 991 979 (liorum
1008 949 1168 984 facetiam
1181 961 1286 993 notat,
1302 963 1368 989 tam
1385 962 1474 992 vocis
1489 963 1564 996 Mus

861 996 954 1034 siem,
981 1010 1081 1040 quam
1112 1003 1421 1042 instrumentorum.
1484 1014 1562 1046 Nou

859 1046 1061 1082 inconcinne
1086 1053 1178 1093 legas
1204 1061 1277 1087 nola
1299 1060 1457 1093 dulcedine
1472 1064 1563 1096 ludii.

858 1097 947 1128 Nam
973 1100 1015 1130 dc
1039 1101 1227 1136 hominibus
1252 1108 1410 1148 loquitur,
1431 1121 1495 1142 non
1513 1114 1562 1143 lu-

858 1146 910 1178 dis
928 1149 1020 1189 ipsis.
1064 1153 1171 1194 Ludii,
1196 1157 1368 1191 ludionum
1396 1171 1492 1194 omne
1508 1174 1563 1204 ge-

856 1205 930 1232 nus.
978 1200 1035 1231 Nil
1055 1206 1167 1234 tamen
1184 1213 1287 1239 muto.
1315 1210 1431 1242 Barth.

899 1247 1084 1292 Dulccdine]
1119 1255 1267 1287 ‘Nosses
1298 1259 1428 1298 jocosae
1460 1263 1561 1296 dulce

855 1306 930 1328 cum
948 1308 1079 1331 sacrum
1098 1303 1230 1337 Flora‘!
1258 1308 1407 1341 Maniai.

899 1348 963 1378 310
994 1350 1111 1382 Nostra
1139 1354 1296 1387 dulcedine
1324 1359 1404 1399 ludi]
1439 1361 1557 1395 Malim

854 1399 928 1427 nota
955 1401 1122 1439 quomodo
1144 1412 1162 1433 a
1186 1405 1359 1445 Scaligero
1383 1410 1425 1440 ad
1450 1412 1560 1443 Mani-

855 1446 933 1477 lium
965 1449 1063 1481 citari
1097 1460 1210 1485 monet
1238 1457 1408 1490 Bartliius.
1446 1471 1558 1503 neque

854 1496 954 1528 aliter
972 1499 1115 1532 Claverii
1133 1503 1250 1536 editio.
1283 1507 1331 1539 sic
1348 1509 1367 1540 l.
1385 1519 1422 1542 11.
1439 1511 1471 1542 in
1489 1512 1555 1543 En-

853 1548 942 1586 trop.
973 1549 981 1564 ‘
1000 1554 1080 1580 nota
1111 1552 1291 1588 dulcedine
1320 1561 1472 1598 praedae.'
1508 1563 1555 1595 D.

852 1595 964 1628 Heius.

894 1650 957 1679 312
976 1650 1051 1691 Qui,
1067 1654 1130 1692 qui,
1145 1657 1214 1696 Esca]
1238 1657 1381 1690 Locutio
1394 1661 1552 1700 elegans:

850 1700 1012 1741 intelligit
1028 1704 1116 1733 enim
1135 1706 1267 1746 mimos,
1286 1709 1342 1748 qui
1360 1710 1554 1744 honestiore

851 1750 1017 1782 vocabulo
1046 1752 1217 1793 Apollinis
1250 1759 1412 1797 parasiti3
1447 1762 1554 1793 citha·
1585 1802 1589 1806 Α

851 1800 973 1839 roedos,
1002 1802 1170 1843 tibicines,
1199 1808 1357 1847 comicos,
1389 1811 1548 1850 tragicos.

849 1849 947 1880 Mimi
966 1856 1078 1883 autem
1103 1852 1199 1884 fuere
1223 1866 1297 1886 meo
1318 1857 1452 1897 judicio
1474 1861 1551 1892 sub-

849 1899 1009 1939 tilissimi,
1027 1903 1083 1943 qui
1110 1905 1371 1943 gesticulatione
1393 1919 1551 1943 manuum

847 1952 1025 1990 potuerint
1063 1954 1167 1986 animi
1203 1966 1301 1988 sensa
1346 1960 1550 2000 exprimere.

849 2001 971 2032 Clarer.

889 2051 954 2085 Qui
978 2053 1060 2083 loetis
1084 2054 1181 2085 risum
1209 2057 1337 2098 salibus]
1376 2059 1550 2092 Pantomi-

844 2110 927 2138 moS‚
962 2102 1148 2134 Ludionum
1184 2115 1282 2136 omne
1312 2118 1416 2147 genus
1451 2110 1546 2142 dicit.

843 2150 1048 2192 pantomimi,
1083 2154 1238 2185 omnibus
1277 2156 1416 2189 ludicris
1462 2161 1547 2200 apti.

842 2200 959 2231 Barth.

836 2286 839 2288 ,
884 2252 946 2281 313
972 2251 1035 2286 Qui
1051 2253 1142 2293 nutu]
1176 2254 1274 2286 Nictu
1291 2257 1389 2297 prim.
1407 2259 1545 2290 Vatica-

841 2309 913 2330 nus.
939 2300 1035 2332 bene.
1075 2303 1176 2335 Ovid.
1195 2306 1215 2336 l.
1230 2315 1285 2338 111.
1305 2307 1446 2340 Metam.
1472 2312 1480 2327 ‘
1495 2311 1541 2341 Et

841 2355 1005 2389 quantum
1031 2353 1123 2383 nictu
1140 2353 1279 2386 formosi
1296 2357 1451 2397 suspicor
1466 2359 1545 2398 oris,

838 2401 953 2431 Verba
977 2401 1084 2433 refers
1105 2414 1204 2435 aures
1224 2415 1289 2436 non
1308 2408 1543 2446 pervenientia

838 2451 996 2482 nostras?
1030 2452 1077 2483 ita
1104 2455 1193 2485 enim
1222 2460 1319 2487 vetus
1351 2457 1447 2488 liber.
1472 2458 1540 2497 alii,

836 2504 924 2532 metu.
970 2503 1083 2544 Vulgo
1100 2508 1194 2535 motu.
1226 2507 1272 2536 D.
1290 2506 1410 2537 Heius.

881 2553 944 2588 Qui
957 2557 1035 2585 nutu
1048 2555 1245 2596 manibusque
1261 2557 1387 2597 loquax]
1416 2556 1539 2597 Ingens

835 2603 955 2634 horum
985 2603 1156 2636 hominum
1187 2606 1220 2635 in
1250 2616 1351 2636 scena
1387 2607 1538 2637 Romana

835 2652 956 2692 gloria,
971 2655 1027 2694 qui
1044 2664 1101 2685 ore
1128 2659 1163 2685 et
1189 2655 1352 2694 gestibus,
1368 2664 1440 2694 quae
1467 2656 1537 2687 vel·

833 2702 918 2742 lent,
935 2704 1178 2743 exprimerent,
1204 2705 1329 2743 populo
1355 2713 1419 2734 non
1436 2705 1537 2736 aliter

833 2753 1013 2794 capienda,
1028 2763 1127 2794 quam
1143 2753 1172 2784 si
1188 2753 1298 2785 verbis
1314 2754 1536 2786 enunciaren-

1373 2808 1447 2840 4Y
