1851 3213
251 218 361 262 1288

248 326 357 369 prima
373 326 494 359 editio.
521 326 595 358 Lib.
611 334 706 358 xvir.
729 326 738 344 ‘
757 326 836 356 Dux
853 327 953 356 vetus

247 386 418 410 armorum
439 378 613 419 scitusque
638 376 827 408 accendere
852 375 956 406 corda

247 428 424 460 Laudibus
437 427 457 459 :’
475 433 577 469 atque
589 428 653 459 hoc
669 427 768 458 modo
781 426 837 457 ille
848 435 955 466 saepe.

248 480 299 511 D.
315 479 430 511 Heius.

292 533 355 562 297
392 531 540 570 Vicimus,
563 528 755 569 expulimus]
790 525 957 557 Ἐπινίκιον

249 580 344 612 velut
362 580 425 612 sibi
442 581 516 621 ipse
533 579 638 611 canit.
676 578 794 610 Barth.

291 634 355 662 298
390 632 490 667 Quem
518 631 639 661 rincere
661 628 774 669 solum]
811 628 957 659 Lucens.

249 680 394 722 Gyrald.
412 681 537 721 Isingr.
551 689 692 721 poscere.-
715 678 804 720 quod
821 679 905 720 quid
922 679 956 708 ni

248 732 451 772 sequamur?
475 735 512 762 ut
538 730 630 771 apud
656 730 778 769 Virgil.
810 733 819 747 ‘
838 728 909 759 Aut
926 739 958 759 a·

249 791 343 813 crem
366 781 500 813 dubites
526 782 559 812 in
575 781 697 822 praelia
713 789 856 820 poscere
872 780 959 810 Tur-

249 831 363 864 nu‘mz’
397 837 445 869 et,
468 832 477 848 ‘
495 832 600 862 solum
627 831 736 861 densa
757 830 789 860 in
812 829 957 868 caligine

247 882 399 913 Turnum
420 882 579 921 Vestigat
606 881 766 920 lustrans,
793 880 901 911 solum
924 881 957 910 in

249 932 439 962 certamina
455 931 586 971 poscit.'
601 931 772 970 Lucanus,
784 930 806 961 l.
820 940 864 962 iv.
880 930 890 947 ⁴
901 930 958 971 qui

249 981 386 1012 vincula
410 979 502 1012 ferro
519 980 696 1022 Rumpere
723 985 864 1012 conatus
887 990 961 1021 pos-

250 1032 299 1063 cit
315 1040 377 1072 spe
403 1031 524 1072 praelia
540 1032 656 1063 nulla.’
693 1032 837 1073 Statius,
851 1032 959 1063 Theb.

251 1091 331 1114 vm.
347 1082 390 1114 de
405 1082 521 1124 equis:
546 1083 556 1099 ‘
574 1083 695 1123 praelia
711 1086 857 1123 poscunt
874 1082 960 1114 Hiu-

249 1133 339 1172 nitu,
365 1134 558 1175 tolluntque
589 1134 732 1166 armosz'
771 1138 863 1165 amat
895 1135 960 1166 hoc

250 1183 390 1216 verbum
425 1187 542 1215 noster
560 1194 568 1222 ;
606 1184 810 1226 quandoque
848 1189 960 1215 tamen

253 1232 356 1265 sumit
387 1244 449 1274 pro
480 1234 691 1273 desiderare,
725 1239 786 1266 aut
815 1234 962 1266 libenter

250 1284 355 1323 adire,
384 1286 438 1315 vel
465 1285 568 1315 etiam
593 1285 780 1326 requirere,
805 1285 825 1315 l.
845 1294 901 1317 111.
917 1285 962 1317 de

252 1336 357 1376 Rapt..
374 1336 383 1352 ‘
394 1335 513 1366 Cadmi
530 1345 589 1366 seu
605 1335 728 1366 moenia
742 1340 871 1376 poscat,
883 1336 963 1367 Sive

250 1385 434 1426 Thyesteis
452 1389 617 1426 properet
640 1386 762 1416 saevire
777 1387 933 1428 Mycenis
945 1387 965 1418 :’

253 1440 289 1466 et
304 1445 408 1476 snpra
424 1436 447 1466 l.
467 1445 491 1467 1.
513 1436 521 1452 ‘
536 1435 789 1476 Phlegethonta
805 1447 963 1469 sonorum

251 1486 395 1518 Poscit-⁹
420 1486 558 1527 Nuptiis
573 1488 759 1519 Celerinae:
785 1489 964 1531 ‘interque

251 1547 389 1568 suorum
407 1536 538 1578 Agmen
567 1542 603 1568 et
626 1538 821 1570 innumeros
838 1539 966 1580 Hyme-

253 1598 366 1620 naeum
384 1589 497 1630 poscit
514 1599 647 1620 amores
660 1592 678 1620 z‘
711 1594 749 1620 ut
765 1590 835 1622 illic
851 1590 966 1622 melio-

254 1649 309 1670 res
325 1639 405 1670 libri
422 1640 553 1679 legnnt,
568 1649 633 1670 non
648 1641 780 1680 quoerit:
793 1641 802 1658 ‘
819 1650 965 1681 poscere

250 1689 474 1728 spectacula‚’
492 1690 513 1720 1.
528 1698 569 1721 11.
587 1690 619 1720 in
634 1691 779 1731 Eutrop.
794 1693 803 1709 ‘
822 1701 966 1732 poscere

254 1737 412 1769 verbera’
431 1740 533 1770 Cons.
547 1740 682 1770 Manlii.
696 1741 868 1772 Caeterum
885 1751 966 1772 non-

256 1788 335 1820 dum
366 1789 502 1829 integer
527 1794 587 1820 aut
617 1790 717 1830 plane
746 1795 884 1822 sanatus
914 1795 968 1822 est

254 1840 362 1871 locus,
400 1839 598 1880 Legendum
627 1840 809 1873 videlicet:
848 1845 857 1859 ‘
884 1842 967 1884 quid

255 1890 358 1929 enim,
383 1900 483 1932 quem
511 1900 656 1931 poscere
682 1893 789 1924 solum
807 1894 967 1933 Horruit,

254 1941 342 1972 hunc
370 1942 460 1973 tanti
487 1942 655 1973 munitum
680 1943 786 1975 milite
815 1945 931 1977 vincat
944 1945 967 1976 ?'

255 1991 446 2033 Perperam
463 1993 532 2034 quis
547 1994 629 2024 enim
645 1994 678 2024 in
696 1994 798 2026 editis
814 1996 968 2037 scriptis-

256 2052 321 2084 que
338 2042 465 2082 legitur
491 2044 675 2076 hactenus:
701 2055 802 2086 quam
830 2047 967 2088 conjec-

255 2096 367 2123 turam
385 2092 495 2124 codex
511 2104 544 2125 v.
559 2095 603 2125 cl.
619 2094 760 2127 Antonii
777 2097 898 2128 Oiseiii
923 2098 966 2128 ab

257 2141 414 2174 Emerico
434 2143 574 2184 Bigotio
589 2149 703 2176 nostro
720 2146 761 2177 ad
778 2156 832 2178 me
847 2147 968 2179 missus

256 2191 457 2230 confirmat3
482 2198 518 2224 et
545 2195 646 2234 paulo
672 2200 750 2236 post
767 2206 826 2237 pro
841 2198 968 2238 quisse-

254 2243 308 2272 ναί
321 2245 478 2274 armatum.
492 2244 615 2284 opinor
628 2255 647 2276 a
663 2246 853 2278 Claudiano
870 2249 968 2280 nobis

257 2289 364 2323 fuisse
380 2293 550 2335 relictum,
568 2296 632 2331 Qui
648 2296 738 2333 ferat
756 2307 817 2338 pro
832 2309 970 2340 quomo·

259 2340 323 2372 do:
350 2345 403 2372 est
430 2343 519 2374 enim
548 2345 591 2375 de
620 2345 806 2379 Stilichone
835 2358 967 2390 sermo;

260 2391 326 2423 nisi
342 2393 448 2424 mavis
467 2394 551 2428 Quid
560 2395 661 2432 ferat.
700 2397 742 2427 D.
762 2399 881 2431 Heins.

303 2444 366 2473 300
393 2444 473 2478 Quis
486 2444 574 2481 ferat
591 2447 760 2487 armatum]
784 2448 970 2489 Usurpavit

259 2491 323 2523 hoc
338 2492 608 2526 Saresburiensis
632 2496 764 2537 Elegia,
781 2499 823 2529 ad
847 2498 969 2532 librum

261 2541 523 2575 Policraticum:
548 2545 558 2562 ⁴
578 2545 663 2578 Quis
691 2546 781 2578 ferat
803 2554 969 2582 armatam

262 2603 340 2634 quae
366 2595 438 2626 sola
465 2595 655 2636 triumphat
679 2597 829 2639 inermis,
854 2598 971 2632 Arma-

263 2649 404 2686 tamque
429 2655 566 2678 manum
596 2647 733 2679 vincere
760 2650 831 2681 sola
857 2651 969 2683 solet!

263 2694 381 2726 Barth.

307 2747 369 2776 303
395 2746 515 2778 Nereus
542 2747 744 2790 interstrepat
775 2751 882 2792 undis]
916 2753 969 2784 In-

505 228 650 260 No'rAE
684 227 952 261 VARIORUM
987 226 1038 257 IN
1073 227 1148 258 GL.
1183 227 1370 258 CLAUD.
1403 227 1449 257 V.

1004 321 1131 364 terfluut
1149 323 1250 364 prim.
1266 322 1427 354 Vatican.
1448 320 1536 352 Puto
1548 320 1712 354 intertum.

1007 375 1051 406 D.
1068 375 1191 406 Heius.

1049 427 1112 456 306
1137 425 1250 460 Quaere
1258 423 1355 461 seron:
1370 420 1487 461 ensem]
1501 420 1597 462 Virg.
1613 421 1623 440 ⁴
1641 431 1711 453 non

1007 485 1060 505 me
1078 479 1138 506 tua
1163 473 1297 505 fervida
1323 475 1454 503 terrent
1471 471 1576 503 Dicta
1591 470 1715 503 ferox?

1008 525 1124 557 Barth.

1050 579 1112 607 307
1149 575 1348 605 Monumenta
1374 571 1531 613 priorum]
1565 572 1712 604 Lucens.

1006 627 1207 657 documenta:
1244 624 1332 667 quod
1363 623 1470 664 magis
1496 623 1625 663 placet.
1661 631 1716 656 lv,

1008 677 1112 707 Cous.
1142 676 1234 706 Hon.
1264 676 1273 692 ‘
1292 685 1368 716 quae
1400 679 1481 706 tunc
1509 673 1718 706 documenta

1007 726 1113 758 futuri
1125 727 1146 757 ἶν’
1176 728 1220 758 D.
1240 727 1351 758 Heius,

1050 781 1113 809 308
1140 778 1309 818 Quisquam
1324 780 1451 808 conatus
1463 777 1551 808 adire
1568 776 1639 807 Has
1647 775 1718 815 jac-

1007 830 1072 869 tat]
1102 828 1209 859 Adire
1225 837 1344 858 manus
1360 830 1506 858 nostras.
1553 827 1718 859 Nostram

1010 878 1200 919 potentiam
1218 877 1414 908 sollicitare.
1459 878 1573 910 Barth.

1069 929 1149 964 Quis
1170 938 1241 960 nam
1265 931 1391 958 conatus
1418 927 1523 968 adire]
1557 928 1636 964 Quis
1661 936 1721 968 pur

1010 979 1199 1011 Vaticanus
1229 978 1401 1019 optimus3
1437 981 1474 1009 et
1501 979 1630 1018 optime
1647 979 1721 1020 qui-

1011 1030 1110 1062 dem:
1135 1029 1179 1061 ad
1208 1029 1303 1070 paria
1328 1028 1558 1070 gladiatorum
1591 1029 1718 1060 allusit.

1012 1082 1061 1113 Ut
1087 1082 1215 1112 Lucan.
1251 1080 1260 1097 ‘
1277 1089 1355 1110 nani
1381 1089 1444 1120 par
1471 1079 1560 1120 quod
1583 1088 1721 1120 semper

1010 1132 1187 1172 habemus,
1211 1132 1370 1163 Libertas
1398 1135 1433 1163 et
1458 1132 1577 1162 Caesar
1594 1130 1723 1163 eruntss

1012 1184 1142 1216 Contra
1166 1183 1305 1215 Troilus
1322 1181 1413 1223 apud
1429 1182 1612 1222 Virgilium
1635 1183 1644 1199 ‘
1661 1181 1722 1212 im·-

1012 1245 1075 1276 par
1104 1244 1305 1276 congressus
1335 1232 1472 1265 Achilli’
1509 1232 1648 1264 dicitur.
1674 1233 1719 1264 D.

1014 1286 1126 1317 Heius.

1056 1339 1121 1367 309
1144 1335 1216 1366 Has
1232 1334 1339 1373 jactat
1366 1334 1480 1364 vitasse
1506 1333 1627 1374 manus]
1668 1334 1722 1365 Vi-

1013 1389 1083 1416 tare
1098 1386 1245 1416 Lucens.
1269 1384 1324 1415 Sic
1340 1383 1448 1414 infra:
1473 1385 1482 1400 ‘
1499 1384 1561 1415 hac
1578 1384 1724 1415 Stilicho

1015 1436 1240 1476 quemjactas
1264 1435 1393 1475 pellere
1408 1434 1530 1466 dextra
1544 1434 1563 1466 :'
1587 1445 1649 1476 pro
1667 1444 1725 1476 pe·

1016 1486 1156 1527 pulisse.
1195 1486 1292 1518 Idem.

1059 1537 1261 1569 Detrusimus
1286 1536 1357 1568 orbe
1384 1537 1427 1568 Te
1453 1536 1568 1577 medio]
1590 1537 1723 1568 Decem

1017 1588 1139 1630 scripti
1169 1588 1380 1619 destruximus
1409 1587 1510 1619 orbem
1539 1588 1581 1618 Te
1607 1588 1726 1619 medio:

1017 1646 1053 1671 et
1084 1644 1156 1671 tum
1189 1640 1231 1671 Te
1260 1641 1372 1679 medio,
1402 1644 1437 1670 te
1474 1638 1727 1678 intercedente,

1018 1689 1328 1730 interpretandum.
1366 1688 1467 1720 Silius
1483 1688 1506 1720 l.
1528 1697 1605 1719 xvl.
1621 1697 1726 1729 appo-

1017 1740 1104 1771 site:
1128 1742 1138 1758 ‘
1157 1739 1260 1771 Haud
1286 1738 1450 1770 deformis
1475 1739 1542 1770 erit
1571 1738 1663 1770 vobis
1681 1739 1725 1770 ad

1017 1790 1148 1821 foedera
1164 1790 1269 1821 versis
1286 1790 1438 1821 Pacator
1452 1789 1650 1829 mediusque
1667 1789 1728 1830 Sy-

1018 1839 1132 1880 phax!
1159 1840 1236 1872 Val.
1253 1839 1410 1878 Flaccus,
1429 1838 1487 1871 lib.
1504 1844 1537 1870 v:
1561 1839 1569 1855 ‘
1585 1838 1654 1870 Sed
1670 1849 1725 1870 me

1018 1891 1109 1922 nuda
1132 1890 1217 1922 fides
1244 1890 1423 1931 sanctique
1458 1890 1615 1931 potentia
1637 1889 1726 1930 justi

1018 1941 1098 1972 Huc
1125 1941 1217 1980 tulit,
1247 1945 1284 1972 et
1312 1940 1415 1971 medii
1438 1940 1599 1971 sociatrix
1617 1941 1727 1980 gratia

1018 1991 1171 2033 Phryxi!
1214 1991 1283 2023 Ubi
1315 2000 1497 2031 perperam
1536 1991 1655 2022 Carrio
1683 2001 1727 2023 ex

1018 2042 1129 2073 veteri
1158 2042 1260 2081 libro,
1285 2044 1376 2082 atque
1401 2040 1470 2071 mei.
1519 2040 1648 2071 Statius
1676 2041 1727 2072 sie

1018 2102 1124 2134 saepe.
1141 2092 1303 2133 Propert.
1331 2092 1351 2124 l.
1375 2101 1416 2123 11.
1443 2090 1494 2123 El.
1510 2093 1541 2123 9.
1565 2091 1574 2106 ‘
1590 2091 1667 2122 Non
1683 2091 1726 2122 ob

1020 2154 1126 2185 regna
1142 2143 1250 2184 magis
1267 2142 1352 2174 diris
1369 2141 1528 2173 cecidere
1546 2141 1609 2173 sub
1626 2141 1727 2173 armis

1018 2195 1186 2235 Thebani,
1211 2194 1323 2225 media
1349 2202 1416 2224 uon
1442 2192 1512 2223 sine
1537 2197 1646 2223 matre
1666 2192 1726 2222 du-

1020 2244 1100 2276 ces!
1125 2246 1253 2276 Lucan.
1271 2243 1328 2275 lib.
1346 2252 1370 2274 1.
1384 2243 1392 2259 ‘
1408 2243 1547 2273 Crassus
1560 2246 1634 2272 erat
1644 2241 1728 2273 belli

1019 2296 1151 2328 medius
1179 2294 1305 2327 moraz'
1328 2299 1431 2335 atque
1456 2293 1505 2324 ita
1525 2292 1726 2334 frequenter

1020 2345 1146 2386 poetae.
1191 2345 1319 2376 Noster
1336 2345 1438 2375 Cous.
1461 2343 1601 2374 Manlii:
1621 2344 1629 2360 ‘
1648 2353 1725 2384 quae

1020 2396 1156 2428 dissona
1183 2395 1253 2426 ritu
1279 2394 1476 2433 Barbaries,
1498 2393 1600 2424 medii
1627 2403 1727 2434 quam

1021 2456 1086 2479 non
1114 2444 1308 2476 reverentia
1338 2442 1509 2483 frangat?
1543 2442 1600 2474 Ita
1626 2444 1727 2475 veris-

1021 2496 1105 2526 sime
1123 2495 1274 2526 restituit
1292 2495 1342 2526 Cl.
1359 2493 1552 2531 Gemi-tius,
1573 2493 1630 2535 qui
1657 2504 1728 2525 om-

1020 2545 1099 2576 nino
1112 2544 1275 2576 videndus
1292 2543 1335 2575 de
1357 2544 1420 2574 hac
1437 2553 1520 2575 voce
1542 2544 1653 2576 Elect.
1670 2545 1727 2578 lib.

1021 2604 1063 2626 11.
1078 2598 1108 2626 7.
1133 2593 1321 2626 Confirmat
1337 2594 1412 2634 ejus
1429 2594 1662 2634 conjecturam
1680 2596 1731 2627 Si»

1022 2645 1140 2685 douius
1169 2644 1375 2685 Apollinaris
1397 2645 1597 2677 Narbone:
1636 2648 1644 2663 ‘
1663 2647 1729 2679 Pa-

1021 2705 1094 2726 cem
1112 2700 1146 2726 te
1163 2694 1273 2725 medio
1286 2694 1408 2726 darent
1423 2694 1558 2727 feroces
1572 2697 1731 2735 ebrinus,

1019 2746 1248 2787 Sauromates,
1263 2745 1382 2787 Getes,
1400 2746 1580 2779 Gelonus!
1617 2748 1730 2781 Multa

1830 1773 1842 1849 ,saev-
1831 1741 1839 1762 -ι-
