1851 3213
263 194 378 236 1246

265 298 402 339 Othryn
419 303 454 330 et
470 298 642 336 Haemuiu,
666 298 780 340 Atque
804 299 904 329 imum
922 297 970 329 fe-

265 350 313 381 lix
332 350 491 382 versabat
519 360 657 382 vomere
689 349 909 391 Olympum?
935 354 971 380 ct

264 401 335 432 alii.
380 401 549 441 Intelligit
577 406 690 432 autem
718 401 820 441 poeta
838 402 969 441 Byzan-

264 452 349 483 tium
365 462 422 483 seu
441 451 970 491 Constantinopolim,nonlouge

265 512 287 534 a
301 503 457 544 Bosporo
475 503 587 533 situm.
621 503 765 542 Dempst.

310 554 381 589 Qua
392 554 571 594 Bosphorus
580 553 669 593 urbe]
697 553 773 584 Non
786 563 856 584 arce
867 553 972 593 scrip-

266 604 314 635 ti:
347 612 383 636 et
409 609 526 641 recte;
567 614 642 635 nam
669 605 753 635 ans
776 614 862 635 arces
892 608 971 634 ante

266 654 421 686 dixerat:
448 664 526 685 mox
568 655 714 696 Odrysiis
742 664 804 695 pro
834 654 974 694 Otrysiis

265 708 353 748 lege.
394 707 556 748 Odrysia,
570 707 727 738 Thracia.
766 706 971 736 MirorBar-

266 758 372 789 thium
401 758 474 788 aliis
501 758 705 797 scriptorum
733 756 815 786 locis
842 756 973 795 pariter

266 809 437 840 mendosis
454 809 486 838 in
502 808 651 838 medium
674 806 816 845 prolatis
834 814 973 844 corrup-

267 863 313 891 tae
331 859 510 898 scripturae
529 855 750 896 patrocinari.
796 853 884 885 Vide
902 855 974 885 Ste-

266 910 411 950 phanum
431 908 639 948 Byzantium
655 906 688 937 in
702 907 868 947 Ὀδρυσαιε
894 905 974 936 iude

268 960 358 990 enim
370 958 538 999 Odrysius
553 957 748 990 deducitur.
765 956 976 988 Distermz'nut

267 1010 369 1042 etiam
386 1019 447 1050 pro
460 1009 666 1047 discriminat,
682 1008 811 1038 Moreti
828 1007 916 1038 liber
939 1011 975 1038 et

268 1060 518 1092 Farnesianus:
551 1059 641 1099 quod
674 1058 799 1098 placet.
832 1056 976 1096 Plinius,

267 1111 328 1144 lib.
343 1120 408 1142 xii.
426 1120 502 1150 cap.
518 1112 572 1140 21.
597 1110 605 1126 ‘
618 1108 747 1140 Arabia
761 1107 917 1141 Jndaeam
932 1107 976 1137 ab

269 1161 421 1202 AEgypto
445 1159 681 1191 disterminat)
716 1159 846 1190 Lucan.
874 1157 933 1188 lib.
950 1167 974 1188 1.

269 1214 279 1229 ‘
307 1211 441 1243 Gallica
469 1215 582 1241 certus
607 1210 719 1240 Limes
747 1209 789 1240 ab
818 1208 975 1239 Ausoniis

272 1262 490 1294 disterminat
530 1271 611 1291 arva
641 1260 793 1291 colonis!
851 1260 906 1290 Sic
941 1262 977 1289 et

270 1314 279 1330 ‘
293 1313 472 1344 Tartessos
489 1310 690 1341 distermina
702 1310 710 1323 '
728 1309 810 1340 Silio
826 1309 886 1341 lib.
903 1319 937 1340 v.

315 1366 376 1394 175
403 1361 564 1401 Odrysiis]
590 1360 759 1399 Thraciis,
775 1369 850 1400 quae
863 1360 896 1389 in
911 1360 977 1390 Eu-

272 1422 366 1454 ropa.
406 1411 575 1442 Ausonius
596 1411 805 1450 Epigramm.
823 1420 846 1440 ι.
881 1410 889 1427 ‘
908 1409 976 1440 Sed

272 1472 408 1495 carmen
435 1471 502 1493 uon
525 1462 626 1492 molle
651 1461 773 1500 modis,
796 1461 886 1492 bella
902 1460 978 1491 hor-

272 1514 349 1546 rida
377 1514 502 1544 Martis
541 1512 710 1553 Othrysii,
753 1512 978 1552 Thressaeque

272 1564 435 1605 viraginis
461 1573 554 1595 arma
569 1562 761 1594 retractat?
794 1562 978 1601 Martialis,

271 1615 331 1647 lib.
349 1624 415 1646 vu.
458 1614 466 1630 ‘
484 1623 573 1645 nuuc
599 1612 721 1652 ludite,
751 1613 874 1649 Musae,
901 1611 980 1642 Vic-

274 1670 328 1696 tor
359 1665 399 1695 ab
425 1663 574 1704 Odrysio
600 1663 732 1694 reditur
753 1662 838 1694 orbe
861 1661 981 1694 Deus!

274 1715 392 1748 Barth.

318 1768 383 1797 177⁷
403 1763 568 1805 Subrepsit
590 1765 624 1794 in
647 1764 765 1804 sudam]
798 1763 901 1795 Malis
930 1773 980 1794 ar-

275 1815 378 1848 tibus.
427 1815 531 1853 Ilicet,
561 1814 638 1855 quia
670 1814 780 1844 Furiae
812 1813 980 1844 adventus

274 1875 387 1900 mores
404 1864 579 1896 mutabat:
605 1864 715 1895 animo
742 1863 815 1904 ejus
838 1864 980 1903 illapsae,

278 1916 367 1957 quod
384 1914 495 1945 innuit
512 1914 629 1945 dicens
656 1924 729 1954 crgo
751 1914 848 1945 animi
867 1914 980 1944 victus.

277 1967 388 1999 Idem.
746 1995 748 1997 ,

321 2020 383 2048 178
406 2017 545 2048 Ambitio
560 2016 659 2056 nasci]
676 2015 981 2057 Expulsatrixjus-

277 2068 376 2100 titios.
410 2068 511 2099 Unde
524 2068 643 2108 pulcre
660 2068 693 2098 in
707 2067 880 2098 Laudibus
893 2067 983 2097 Stili-

279 2119 414 2151 chonis:
440 2120 448 2135 ‘
467 2118 591 2149 Trudis
609 2118 786 2149 avaritiam
807 2118 902 2158 cujus
923 2116 981 2148 foe-

279 2170 417 2202 dissima
441 2170 556 2201 nutrix
582 2169 748 2208 Ambitio,
775 2179 850 2210 quie
882 2168 982 2199 vesti-

280 2221 368 2252 bulis
390 2220 586 2262 foribusque
612 2225 791 2260 potentum
814 2219 984 2258 Excubat,

280 2276 317 2303 et
329 2271 448 2312 pretiis
461 2272 662 2303 commercia
676 2271 788 2312 pascit
800 2269 986 2302 honorum?

278 2323 336 2354 Sic
353 2323 416 2353 hoc
433 2323 525 2354 loro:
550 2323 666 2353 Verium
678 2325 788 2353 cuncta
801 2321 882 2361 dari,
903 2321 985 2353 Am-

279 2373 409 2404 bitione
454 2373 645 2412 ingruente.
702 2373 747 2402 Et
778 2371 982 2402 Petronius:

280 2425 290 2441 ·’
309 2422 447 2453 Venalis
463 2423 620 2463 populus,
643 2422 771 2453 venalis
794 2422 897 2453 Curia
921 2422 984 2453 Pa-

282 2477 382 2512 trum,
398 2473 548 2513 Ipsaque
562 2473 719 2513 majestas
731 2481 811 2502 auro
823 2477 985 2512 corrupta

277 2523 443 2566 jacebat.’
489 2524 604 2555 Barth.
650 2523 709 2553 Nil
741 2531 822 2553 saue
853 2522 985 2562 turpius

284 2585 384 2617 quam
399 2574 599 2605 nundinatio
616 2574 880 2613 Magistratuum
895 2583 903 2610 3
928 2573 986 2603 illa

282 2625 472 2666 iniquitatis
502 2624 706 2665 principium
733 2628 769 2654 et
798 2623 894 2661 finis3
928 2623 987 2653 illa

285 2676 434 2709 omnium
450 2676 617 2707 scelerum
632 2673 707 2705 fons
721 2673 919 2706 Justiniano
936 2673 986 2704 ‹li-

287 2725 386 2758 citur.
418 2726 538 2757 Claver.

331 2776 479 2822 Rectum]
500 2777 632 2819 Regula
639 2776 800 2818 Justitiae‚
822 2775 910 2817 juris
933 2774 989 2807 ad-

514 204 655 235 NOTAE
689 204 956 235 VARIORUM
991 203 1043 233 IN
1077 202 1150 233 GL.
1184 202 1366 233 CLAUD.
1399 202 1474 233 111.

1021 298 1225 329 ministratio
1239 306 1401 338 nusquam
1415 294 1515 327 flexa.
1549 293 1636 325 Inde
1653 303 1726 325 rec-

1023 354 1105 386 tum,
1129 350 1203 389 ipsa
1213 348 1358 390 justitia.
1408 346 1584 385 Horatius,
1599 345 1661 377 lib.
1674 354 1725 377 lv.

1023 400 1136 431 Carni.
1153 403 1184 431 4.
1210 401 1219 417 ‘
1237 399 1404 430 Doctrina
1429 396 1488 427 sed
1510 396 1576 426 vim
1592 405 1725 436 pronio-

1024 455 1082 481 vet
1099 450 1233 481 insitam
1251 449 1420 490 [tectique
1448 447 1558 479 cultus
1583 450 1727 487 pectora

1023 499 1209 531 roborant.’

1068 555 1130 583 179
1167 551 1295 589 Profert
1330 549 1460 589 arcana]
1496 547 1644 587 Proserre
1671 557 1728 580 ex-

1024 607 1145 642 cerpta
1159 602 1332 633 Medicea:
1347 605 1384 632 ut
1401 600 1564 640 legendus
1576 599 1625 630 sic
1637 603 1729 629 totus

1024 653 1118 683 locus
1150 652 1318 690 videatur,
1355 652 1364 668 ‘
1401 650 1554 690 proferre
1594 658 1729 688 arcana,

1025 703 1166 733 clientes
1186 702 1333 740 Fallere,
1358 705 1394 732 et
1416 699 1561 731 ambitos
1590 709 1610 730 a
1636 699 1729 739 prin-

1025 754 1102 793 cipe
1121 754 1270 784 vendere
1288 753 1430 783 honores
1446 752 1466 783 :⁷
1483 752 1532 782 ita
1547 759 1638 790 sirpe
1655 759 1730 781 nos-

1025 807 1079 834 ter
1094 803 1329 834 historicorum
1346 802 1516 841 exemplo.
1540 799 1582 831 Τὸ
1597 799 1730 831 ambitos

1026 854 1113 884 male
1136 853 1171 883 in
1198 853 1341 892 indeptos
1364 852 1541 884 Claverius
1571 850 1729 882 mutavit.

1028 904 1074 935 D.
1094 904 1207 934 Heius.

1073 953 1201 992 Profert
1231 953 1361 993 arcana]
1406 952 1502 984 Auiae
1542 950 1731 993 Regnique,

1028 1017 1104 1048 quae
1121 1007 1277 1047 plurima.
1326 1006 1412 1037 Haec
1443 1014 1522 1037 vero
1546 1004 1733 1035 sceleratus

1027 1059 1125 1089 homo
1142 1058 1184 1089 ob
1200 1058 1349 1098 pretium
1367 1056 1520 1087 hostibus
1538 1055 1732 1096 populoque

1029 1108 1218 1149 prostituit.
1270 1107 1318 1138 At
1335 1106 1587 1146 sapientissime
1608 1105 1732 1136 Horat.

1030 1169 1054 1191 1.
1083 1159 1270 1199 Epistolar.
1310 1157 1320 1174 ‘
1347 1157 1522 1188 Arcanum
1551 1164 1662 1196 neque
1695 1159 1733 1185 tu

1030 1209 1238 1241 scrutaberis
1261 1208 1361 1239 ullius
1383 1216 1554 1247 umquam,
1571 1205 1734 1237 Commis-

1030 1269 1170 1301 sumque
1197 1265 1292 1299 teges
1319 1262 1354 1289 et
1377 1258 1456 1288 vino
1479 1261 1589 1288 tortus
1607 1260 1642 1287 et
1660 1255 1733 1287 ira.’

1030 1310 1127 1340 Idem
1152 1309 1254 1340 alibi:
1291 1308 1300 1324 ‘
1323 1307 1474 1348 Regibus
1495 1307 1549 1338 hic
1579 1316 1650 1338 mos
1680 1310 1734 1338 est

1031 1360 1145 1390 multis
1173 1368 1297 1399 urgere
1328 1357 1464 1388 cultillis
1494 1357 1540 1387 Et
1572 1362 1734 1398 torquere

1030 1420 1124 1441 mero
1140 1419 1239 1451 quem
1257 1407 1475 1449 perspexisse
1490 1406 1670 1438 laborant)

1077 1460 1227 1491 Clienteis
1250 1458 1364 1499 fallit]
1401 1457 1575 1488 Summum
1605 1457 1735 1489 crimen

1030 1512 1204 1543 hominum
1226 1511 1433 1551 potentium,
1454 1518 1561 1550 usque
1587 1508 1672 1540 adeo
1698 1512 1738 1539 ut

1032 1562 1089 1592 vix
1104 1561 1209 1592 ullum
1227 1570 1246 1591 a
1267 1559 1379 1591 Sacris
1401 1558 1586 1598 Prophetis
1609 1557 1737 1589 abomi-

1032 1613 1178 1643 nabilius
1201 1612 1446 1653 proclametur,
1470 1619 1570 1651 quam
1592 1608 1737 1640 afflictos

1032 1665 1240 1705 miserosque
1268 1663 1418 1694 homines
1445 1671 1480 1692 se
1508 1666 1544 1692 et
1570 1670 1631 1692 sua
1656 1659 1737 1691 fidei

1033 1715 1177 1755 alicujus
1202 1713 1470 1753 committentes,
1493 1711 1535 1743 ab
1557 1721 1597 1743 eo
1624 1710 1738 1751 decipi

1034 1770 1068 1797 et
1085 1764 1286 1806 depraedari.
1316 1763 1434 1794 Barth,

1077 1819 1136 1846 181
1161 1815 1341 1854 Ingeminat
1358 1812 1489 1852 crimen]
1510 1813 1656 1847 Delator
1680 1812 1739 1844 ho-

1032 1867 1171 1905 miuum,
1197 1875 1340 1906 quorum
1358 1869 1472 1895 errata
1492 1863 1628 1894 veritati
1644 1863 1738 1894 addi-

1032 1918 1076 1948 tis
1093 1915 1263 1947 immensis
1279 1914 1466 1945 mendaciis
1482 1913 1515 1943 in
1533 1913 1740 1954 prodigialia

1033 1968 1177 2000 crimina
1211 1966 1301 2006 apud
1334 1965 1531 2005 Principem
1572 1963 1740 1995 extendit.

1033 2019 1129 2049 Talis
1157 2017 1273 2058 Sejani
1298 2016 1427 2046 animus
1454 2014 1543 2055 apud
1567 2014 1742 2053 Tacitum,

1034 2069 1158 2100 Aunal.
1177 2077 1226 2099 1v.
1260 2067 1268 2082 ‘
1286 2064 1434 2097 inflando
1458 2064 1536 2095 odio
1559 2064 1686 2095 Tiberii
1704 2064 1738 2095 iu

1034 2118 1233 2151 Germanici
1267 2115 1443 2148 sobolem.’
1504 2115 1632 2146 Pulcre
1655 2124 1739 2146 vere

1034 2170 1143 2209 Titus,
1165 2169 1221 2210 qui
1244 2168 1422 2199 traductos
1440 2175 1500 2207 per
1515 2164 1741 2206 Amphithea-

1037 2226 1124 2251 trum
1157 2219 1341 2251 Delatores
1371 2216 1516 2258 flagellis
1550 2216 1680 2248 cecidit
1707 2216 1741 2247 iu

1036 2271 1122 2311 foro,
1139 2275 1174 2302 et
1198 2271 1232 2300 in
1248 2279 1362 2300 servos
1381 2267 1549 2307 vendidit,
1569 2271 1606 2298 ut
1621 2271 1741 2299 auctor

1036 2322 1231 2359 Suetonius,
1247 2331 1322 2361 cap.
1337 2323 1368 2351 8.
1736 2342 1739 2349 ,

1079 2371 1205 2410 Ignem]
1219 2371 1344 2402 Odium
1363 2369 1640 2410 iracundiamque
1650 2367 1743 2410 prin-

1037 2422 1132 2463 cipis.
1157 2421 1269 2451 Barth.

1082 2474 1143 2502 182
1168 2470 1297 2509 Nati-it]
1319 2469 1437 2510 Auget
1453 2468 1710 2501 consentiendo.

1081 2520 1292 2559 Stimulando]
1315 2520 1371 2551 Ab
1388 2520 1483 2561 equis
1500 2529 1582 2561 quos
1598 2519 1743 2551 stimulis

1038 2572 1215 2604 fodiebant
1231 2577 1378 2603 veteres.
1400 2571 1517 2602 Barth.
1738 2600 1741 2602 .

1081 2624 1277 2654 Stimulando
1304 2623 1410 2653 vulnus
1433 2621 1571 2661 acerbat]
1596 2620 1743 2652 Codices

1038 2673 1190 2706 nonnulli
1205 2673 1398 2703 cumulando.
1422 2673 1467 2703 D.
1486 2672 1605 2704 Heius.
1694 2705 1697 2707 ,

1084 2727 1145 2756 183
1187 2725 1277 2756 Velut
1304 2724 1477 2754 innumeros
1501 2722 1620 2763 amnes]
1650 2723 1744 2753 Insa-

1042 2775 1193 2807 tiabilem
1222 2773 1388 2806 Avaritiae
1420 2773 1593 2815 gurgitem
1620 2773 1744 2814 pelago
