1851 3213
320 213 433 258 1348

321 333 394 365 sum
411 322 569 363 exempla
591 326 672 353 sunt
694 321 808 352 multis
833 321 866 352 in
884 321 1029 361 scripto-

319 374 425 404 ribus.
473 373 552 404 Non
570 373 617 403 ita
634 377 780 411 veteres,
806 381 948 412 quorum
967 370 1026 401 sub

320 425 465 465 pellibus
480 423 709 454 habitationes
725 423 793 453 alia
810 422 921 454 omnia
938 421 1027 453 fere-

318 475 412 507 bant.
436 476 552 506 Barth.

361 529 423 557 323
448 524 622 564 Eum-rent]
646 525 687 556 In
712 524 824 555 nervis
851 524 948 554 virile
975 533 1026 555 ro-

319 576 397 616 bur,
410 577 499 607 unde
513 576 546 606 id
560 575 708 614 demere,
721 585 897 606 enervare.
923 575 1026 606 Avie-

318 638 402 659 nus:
438 628 447 645 ‘
467 628 514 657 Ut
537 627 654 657 Venus
680 630 824 657 enervat
849 626 951 665 vii-cs,
976 626 1024 657 sic

316 680 417 720 copia
432 677 582 709 Bacchi!

360 730 509 760 Ponenda
536 727 653 759 salubri
681 729 795 758 Castra
820 725 899 765 Ioco]
936 725 1024 756 Vide

315 780 516 821 Vegetium,
543 787 567 809 1.
595 780 648 808 22.
693 778 750 807 De
777 777 924 807 Ratione
953 780 1026 806 tota

315 830 531 867 Onosander‚
548 837 576 859 (τ.
593 830 624 859 S.
648 827 766 857 Barth.

357 884 420 912 324
449 879 538 917 Viget
552 877 691 908 custodia
705 875 798 915 callo]
823 876 879 906 De
890 874 1024 915 Vigiliis

313 930 464 962 ubertim
480 932 645 959 notarunt
666 927 774 965 docti,
797 926 854 968 qui
870 926 1023 957 militiam

314 985 467 1012 veterem
485 980 712 1010 illustrarunt.
737 977 837 1008 Idem.

355 1034 417 1062 325
442 1031 550 1070 Disce,
572 1029 624 1060 ubi
642 1029 768 1060 densari
797 1027 924 1067 cuneus]
965 1029 1024 1058 Czc-

309 1091 382 1112 neos
403 1085 496 1112 recte
515 1079 769 1120 Raphelengius
787 1082 821 1109 et
838 1078 1022 1108 Livineius.

310 1131 440 1171 Scripti
458 1130 614 1170 plerique
630 1129 682 1160 ubi
698 1130 808 1160 densus
823 1128 883 1159 erit
897 1138 1019 1159 cuneus.

311 1181 412 1213 Unde
450 1180 572 1211 denseri
601 1189 709 1210 cuneos
746 1178 879 1218 conjeci
917 1178 1017 1209 olim:

310 1233 402 1274 quod
418 1231 582 1264 Lucensis
597 1231 683 1261 liber
694 1229 897 1261 confirmat:
923 1230 965 1260 de
978 1239 1019 1261 eo

309 1283 415 1314 verbo
428 1283 536 1313 multa
551 1281 593 1312 ad
606 1281 803 1312 Lucretium
817 1280 1020 1320 Giplianius,

312 1338 349 1364 et
372 1342 431 1363 nos
456 1332 498 1362 ad
526 1332 721 1362 Nasonem:
746 1340 811 1361 nec
835 1331 935 1360 aliter
956 1340 1019 1370 pro

308 1385 437 1414 densare
452 1382 617 1422 scriptum
643 1381 712 1411 fere
738 1379 891 1412 offendas
915 1380 948 1410 in
962 1389 1018 1410 an-

308 1433 508 1476 tiquissimis
522 1432 672 1472 Virgilii,
686 1429 815 1470 Ovidii,
826 1430 943 1469 Statii,
955 1431 1019 1461 Lu-

307 1485 398 1525 cani,
415 1484 498 1524 Silii,
513 1483 708 1522 Prudentii,
735 1483 877 1512 aliorum
892 1481 1018 1513 codici-

307 1535 383 1566 bus.
430 1534 644 1572 Ammianus,
673 1533 748 1564 libr.
779 1541 856 1563 xvr.
890 1532 900 1549 ‘
924 1531 1016 1564 Quos

306 1596 385 1618 cum
402 1585 475 1626 jam
503 1594 612 1625 prope
637 1584 820 1614 densantes
847 1587 955 1613 semet
982 1582 1017 1612 in

307 1646 433 1668 cuneos
463 1640 656 1667 nostrorum
690 1643 904 1674 conspexere
935 1633 1017 1664 duc-

307 1691 416 1726 tores,
448 1690 622 1717 steterunt
653 1684 805 1724 vestigiis
834 1683 932 1714 fixis!
969 1683 1014 1714 D.

307 1736 422 1767 Heius.

349 1786 459 1826 Disce,
489 1784 556 1824 ubi]
592 1785 771 1815 Momenta
806 1793 896 1815 nunc
927 1784 1015 1814 aciei

305 1835 517 1868 instruendae
543 1841 804 1875 temporumque
821 1835 1016 1875 Imperator

307 1886 592 1928 prudentissimus
616 1885 758 1916 militiae.
804 1885 959 1916 Maxima
981 1895 1013 1916 e-

306 1938 378 1970 nim
395 1935 661 1977 opportunitatis
677 1935 764 1966 ratio
777 1935 880 1966 etiam
896 1935 929 1965 in
945 1935 1014 1965 bel-

303 1988 378 2019 licis
394 1987 616 2018 successibus.

348 2037 486 2069 Densari
498 2037 621 2077 cuneos]
645 2036 687 2067 In
700 2040 833 2066 arctum
847 2034 1012 2066 contrahi.

303 2088 393 2119 Vide
429 2088 611 2125 AElianum,
650 2086 816 2118 Tacticon
857 2095 931 2126 cap.
960 2088 1012 2117 32.

305 2138 423 2169 Barth.

347 2188 500 2228 Densarz']
523 2188 533 2205 ‘
549 2187 687 2229 AEquali
700 2186 921 2227 legitimoque
936 2195 1011 2226 spa-

304 2238 376 2278 tio‚'
392 2239 440 2270 ait
453 2239 628 2279 Vegetius,
651 2241 659 2255 ‘
676 2238 772 2268 miles
789 2237 893 2268 distet
910 2246 928 2267 a
949 2237 1010 2267 mi-

302 2289 386 2328 lite;
411 2299 520 2330 neque
538 2290 630 2320 ultra
647 2299 746 2330 quam
763 2288 918 2328 expedit,
934 2297 1011 2318 con-

304 2340 463 2380 globetur
479 2350 601 2380 agmen
617 2345 675 2371 aut
691 2338 847 2370 laxetur?

365 2391 491 2421 Cornua
529 2389 628 2429 tendi]
674 2389 796 2420 Aciem
833 2388 1009 2430 explicari.

302 2440 420 2472 Barth.

344 2492 407 2520 327
445 2489 523 2524 Quae
545 2488 659 2526 fraudi
689 2489 881 2520 accommoda
905 2489 1009 2530 vallis]

301 2539 430 2582 Scripti
442 2539 600 2580 plerique
610 2540 765 2569 commoda
776 2550 786 2570 .·
809 2539 868 2569 sed
885 2548 1006 2579 perpe-

303 2601 386 2623 ram.
430 2591 553 2632 virgil.
598 2592 684 2622 ‘Est
714 2600 818 2621 curvo
849 2589 1005 2621 anfractu

299 2642 418 2674 vallis:
442 2641 662 2673 accommoda
673 2641 798 2679 fraudi,
811 2639 1006 2671 Armorum-

300 2701 369 2734 que
393 2691 504 2723 dolis.'
547 2692 690 2730 Statius,
715 2691 820 2722 Theb.
837 2700 874 2722 x.
898 2691 907 2707 ‘
925 2691 1005 2722 Nox

299 2742 460 2774 foecunda
470 2752 624 2784 operum,
636 2743 856 2784 pulchraeque
872 2751 1004 2772 accom-

299 2793 402 2825 moda.
427 2792 560 2825 fraudi.'
603 2794 711 2825 Theb.
727 2802 778 2825 Vl.
807 2793 817 2809 ‘
833 2792 921 2825 Inde
945 2791 1005 2822 do-

299 2841 370 2876 lum
400 2844 537 2886 Juvenis
574 2843 754 2886 fraudique
788 2843 1006 2875 accommoda

558 225 700 256 NoTAE

737 223 999 254 VARIORUM
1035 222 1086 252 IN
1120 223 1196 253 CL·
1229 221 1411 252 CLAUD.
1446 221 1556 252 vlu.

1081 320 1188 351 sensit
1217 317 1414 360 Tempora?
1469 317 1622 349 Alcimus
1651 313 1786 357 Avitus,

1079 370 1138 401 lib.
1154 380 1196 401 11.
1219 371 1228 387 ‘
1247 370 1455 410 Opportuna
1482 368 1568 398 dolis
1591 367 1785 408 clausaeque

1079 422 1296 453 accommoda
1313 418 1451 451 fraudi!
1475 419 1631 450 Utuntur
1647 428 1687 449 ea
1699 427 1785 449 voce

1077 473 1204 504 Statius
1245 477 1281 503 et
1318 476 1437 503 noster
1473 479 1540 500 non
1580 479 1668 501 rar0.
1736 468 1783 499 D.

1078 523 1192 555 Heius.

1121 575 1242 605 fraudi
1257 584 1323 614 qua>
1335 574 1489 605 commoda
1503 571 1613 611 vallis]
1635 569 1784 602 Insidias

1077 624 1173 663 dicit,
1204 636 1277 666 quae
1309 631 1387 656 sunt
1419 624 1526 664 copiae
1557 621 1783 655 accommodis

1075 676 1158 706 locis
1176 676 1368 707 occultatae.
1392 676 1512 706 Barth.

1120 728 1182 756 328
1208 727 1287 761 Quoe
1301 727 1353 757 ria
1371 724 1524 767 difficilis]
1557 724 1627 760 Qua
1649 723 1682 754 in
1700 732 1784 754 non-

1076 776 1189 816 nullis,
1213 777 1317 808 etiam
1342 778 1376 808 in
1402 777 1511 817 primo
1534 776 1714 807 Vaticano.
1738 776 1783 806 D.

1077 825 1191 857 Heius.

1109 876 1140 907 F
1141 876 1200 906 idit
1211 876 1239 906 si
1250 876 1396 907 moenibus
1404 876 1514 917 hostis]
1528 878 1620 918 Lege
1630 878 1786 918 AEneanl‚

1077 930 1113 957 et
1128 926 1250 957 Leonis
1266 936 1340 966 cap.
1358 930 1408 958 15.
1431 927 1549 959 Barth.

1119 980 1182 1008 329
1206 977 1329 1008 Murali
1344 978 1448 1018 pulsu]
1472 978 1540 1010 Qui
1556 986 1687 1008 murum
1703 985 1784 1008 con-

1076 1028 1186 1058 cutiat
1203 1034 1238 1058 et
1255 1027 1458 1059 labefactet.
1482 1028 1581 1059 Idem.

1117 1081 1180 1110 330
1204 1079 1293 1109 Saxa
1309 1082 1390 1109 rotet
1404 1089 1544 1119 preceps
1558 1078 1657 1119 aries]
1681 1077 1782 1110 Aries

1072 1138 1139 1159 non
1171 1133 1263 1159 rotat
1291 1139 1393 1159 saxa:
1434 1129 1522 1160 bene
1549 1139 1632 1170 ergo
1662 1129 1782 1170 scripti

1073 1179 1282 1219 quindecim,
1307 1180 1395 1210 Sacra
1411 1183 1501 1210 rota:
1522 1189 1657 1219 proeceps
1679 1180 1784 1210 aries:

1072 1230 1136 1260 nisi
1151 1230 1256 1260 mavis
1272 1229 1431 1269 fortasse,
1449 1229 1537 1260 Saxa
1551 1233 1635 1260 terat
1643 1239 1782 1270 preceps

1071 1281 1173 1311 aries.-
1196 1287 1232 1311 ut
1247 1290 1358 1311 muros
1373 1290 1492 1311 saxeos
1507 1281 1635 1312 innuat.
1652 1286 1688 1312 et
1701 1291 1781 1312 mox

1072 1340 1133 1370 pro
1146 1334 1354 1370 protectaque,
1377 1331 1629 1371 Raphelengius
1641 1336 1779 1372 proeten-

1071 1385 1172 1421 taque.
1233 1381 1424 1421 Isingrinus
1463 1381 1659 1421 projectaque
1701 1392 1778 1413 cum

1071 1432 1203 1463 duobus
1243 1432 1339 1463 aliis:
1379 1432 1515 1473 quidam
1555 1435 1778 1473 proetectaque.

1070 1484 1224 1514 Florent.
1253 1483 1287 1515 S.
1318 1483 1427 1514 Marci
1456 1486 1673 1523 portentaque,
1715 1492 1778 1523 pro

1066 1538 1282 1575 protentaque,
1312 1539 1349 1565 nt
1375 1538 1551 1575 protentum
1575 1537 1700 1565 contum
1727 1543 1779 1564 vr.

1070 1585 1327 1617 Cons.H0n01·ii
1342 1585 1430 1616 dixit
1445 1595 1451 1615 :
1477 1585 1559 1615 nillil
1574 1584 1774 1615 mutandum

1069 1635 1222 1666 videtur:
1249 1636 1320 1676 agit
1338 1635 1380 1665 de
1402 1635 1576 1666 testudine
1596 1633 1775 1666 arietaria:

1068 1698 1142 1719 eam
1160 1687 1334 1718 exeruisse
1352 1687 1451 1717 modo
1467 1691 1587 1726 caput,
1604 1685 1704 1716 modo
1720 1694 1776 1716 oc-

1067 1739 1227 1777 culuisse,
1254 1748 1293 1769 ac
1318 1737 1461 1778 proinde
1479 1737 1688 1767 testudinem
1705 1736 1776 1766 dic-

1067 1794 1135 1818 tam
1153 1788 1195 1819 ab
1213 1788 1286 1828 ejus
1305 1787 1456 1818 animalis
1473 1787 1708 1825 similitudine,
1731 1795 1775 1816 ex

1064 1839 1215 1869 'raeticis
1248 1838 1477 1878 scriptoribus
1507 1841 1616 1876 patet.
1660 1835 1774 1866 Video

1066 1895 1101 1921 et
1118 1889 1295 1920 Bartliium
1323 1889 1411 1919 curis
1440 1887 1596 1918 secundis
1623 1897 1686 1927 pro
1703 1887 1774 1917 vul·

1065 1944 1145 1980 gata
1160 1940 1334 1980 scriptura
1350 1947 1514 1978 pugnare.
1539 1938 1583 1968 D.
1603 1937 1715 1968 Heius.

1108 1990 1196 2021 Saxa
1225 1992 1308 2020 rotet
1332 1998 1470 2029 praeceps
1494 1986 1591 2026 aries]
1624 1986 1775 2027 Ingenti,

1063 2040 1227 2081 velutque
1255 2039 1402 2079 desuper
1427 2037 1574 2069 immisso
1606 2037 1773 2077 pondere.

1063 2090 1224 2131 Praeceps,
1240 2090 1317 2131 quia
1334 2099 1458 2130 magno
1477 2088 1624 2128 impetu,
1639 2091 1675 2118 et
1691 2087 1773 2117 mul-

1063 2145 1174 2171 torum
1190 2141 1361 2171 hominum
1379 2139 1506 2170 viribus
1523 2139 1700 2179 impulsus,
1717 2147 1772 2168 ve-

1061 2191 1113 2221 lut
1130 2201 1198 2221 non
1216 2190 1432 2222 revocabilis.
1457 2189 1576 2220 Barth.

1104 2243 1166 2272 331
1193 2241 1282 2272 Ruat
1306 2249 1462 2270 emersura
1479 2236 1642 2277 juventus]
1666 2236 1768 2267 Cuni-

1062 2291 1145 2321 culis
1161 2291 1224 2322 sub
1243 2296 1334 2321 terra
1351 2289 1495 2328 efl‘ossi<‚
1509 2293 1546 2319 ut
1559 2288 1768 2318 obsessorum

1061 2341 1095 2371 in
1120 2341 1241 2372 mediis
1269 2341 1414 2371 bostium
1441 2337 1684 2369 munitionibus
1712 2348 1770 2378 pa-

1060 2395 1136 2422 reat
1152 2390 1367 2431 improvisus.
1414 2391 1506 2428 Lege
1523 2387 1637 2418 AEneae
1654 2388 1767 2418 Tacti-

1060 2452 1149 2479 cum,
1173 2451 1239 2471 non
1256 2441 1326 2472 sine
1352 2439 1647 2480 praestantissimo*
1663 2438 1766 2470 Scho-

1059 2493 1169 2523 liasta.
1194 2492 1291 2522 Idem.

1102 2545 1164 2573 332
1188 2541 1226 2572 Si
1254 2542 1346 2580 longa
1371 2543 1508 2571 moretur
1536 2538 1680 2579 Obsidio]
1703 2538 1766 2570 Ca-

1057 2594 1202 2622 vendum
1231 2591 1292 2629 ait,
1316 2600 1358 2621 ne
1383 2594 1494 2620 tracta
1517 2588 1694 2620 obsidione
1718 2588 1766 2619 la·

1058 2641 1177 2672 bascat
1193 2640 1289 2680 vigor
1306 2639 1547 2678 obsidentium,
1563 2638 1698 2679 ipsique
1713 2647 1765 2669 se-

1057 2691 1128 2722 curi
1153 2691 1222 2721 sint
1248 2690 1447 2721 damnorum
1475 2690 1517 2720 ab
1544 2688 1692 2720 obsessis
1714 2688 1764 2719 in-

1055 2739 1286 2772 serendorum.
1331 2740 1508 2780 Vegetius,
1520 2748 1570 2770 ιν.
1587 2741 1640 2770 28.
1662 2737 1762 2769 Idem.

1099 2794 1162 2822 333
1186 2791 1318 2831 Secura]
1344 2791 1438 2822 Cave
1449 2800 1492 2821 ne
1505 2799 1568 2831 per
1579 2788 1761 2829 segnitiem

1057 2846 1116 2873 aut
1129 2840 1307 2873 secordem
1320 2840 1539 2872 securitatem
1550 2839 1698 2871 animum
1713 2846 1763 2869 re-
