1851 3213
267 177 383 219 1472

268 280 504 319 deducerent3
526 278 594 310 fine
610 288 699 309 nuuc
722 278 819 309 nobis
843 277 975 308 amisso.

269 331 386 364 Quare
400 331 527 372 primus
541 330 627 361 liber
644 330 687 360 de
700 329 841 368 honore,
857 337 976 359 secun-

267 382 331 413 dus
364 382 407 413 de
434 382 629 423 dejectione
657 381 821 421 loquitur,
852 380 975 410 tertius

266 443 402 474 poenam
418 434 534 464 habuit
550 432 704 471 monstri,
727 436 762 462 et
779 430 911 461 landem
929 430 976 460 ul-

266 485 361 516 toris.
406 486 558 524 Suntque
586 492 652 514 uno
676 492 793 513 omnes
821 486 975 522 tempore

266 535 402 576 scripti.
427 535 544 565 Barth.

307 589 372 617 412
404 587 486 616 Ecce
516 584 636 625 recens]
677 584 799 625 Repeus
830 582 974 624 Gyrald.

271 639 416 669 Lucens.
434 643 469 668 et
487 637 585 677 prim.
598 635 712 667 Vatic.
728 636 775 666 sic
791 644 899 674 repens
913 634 975 664 cla-

266 698 334 718 mor
350 687 438 718 bello
455 687 537 718 Get.
563 691 598 717 et
613 695 723 726 repens
736 685 854 724 fragor
871 684 973 714 alibi:

266 737 430 779 frequens
462 738 524 768 hoc
556 740 735 777 peccatum
768 735 860 775 apud
892 735 974 765 alios

265 788 366 819 etiam
379 788 575 827 scriptores.
599 787 682 817 Mox
693 787 804 824 clades,
813 785 851 815 ab
861 786 974 816 eisdem

263 838 408 878 part-ibus
423 848 509 868 unus
528 837 708 868 Mediceus
725 836 899 877 aliquanto
924 845 975 866 ro-

264 889 414 921 tundius.
439 889 483 920 D,
503 889 616 919 Heius.

309 942 370 971 415
396 938 542 979 Arsacio]
567 938 771 969 Parthorum
794 946 904 967 mores
926 936 975 967 di-

266 992 314 1022 cit
329 991 523 1031 corrupisse
547 991 732 1022 Romanam
756 989 973 1030 gravitatem.

264 1042 443 1074 Juvenalis
485 1042 680 1082 eleganter:
727 1042 736 1058 ‘
761 1040 973 1081 Jampridem

265 1094 371 1133 Syrus
395 1093 429 1123 in
455 1093 607 1124 Tiberim
635 1091 780 1124 defluxit
797 1090 973 1123 Orontes.5

267 1143 385 1174 Barth.

307 1196 369 1224 417
401 1193 560 1232 Vestique]
592 1192 718 1222 Curam
746 1189 894 1221 vestium
921 1199 973 1220 re-

267 1244 397 1281 glarum
422 1242 594 1273 Eunuchis
619 1241 733 1272 datam
760 1251 803 1271 ex
821 1240 973 1280 Corippo

266 1303 367 1333 supra
379 1296 546 1323 notatum.
564 1290 973 1331 Vestiarii,VestispiceS,

265 1343 338 1374 noti
357 1343 389 1373 in
408 1342 583 1373 famulitiis
600 1342 801 1373 Procerum.
826 1341 924 1372 Idem.

310 1397 372 1425 -118
394 1393 552 1425 Adhibere
569 1393 694 1424 silentia
709 1392 827 1432 somno]
852 1393 973 1423 Exem-

266 1446 359 1486 plum
377 1445 432 1475 ille
449 1445 483 1475 in
510 1444 674 1475 Eunucho
691 1443 858 1480 Terentii,
883 1443 972 1473 hunc

265 1498 299 1527 in
323 1496 424 1527 finem
454 1499 577 1532 emtus,
605 1499 640 1526 et
672 1494 794 1534 virgini
824 1493 973 1524 custodi-

266 1547 363 1578 endae
395 1546 550 1577 traditus.
597 1544 842 1583 silentiarium,
879 1544 973 1574 locus

265 1597 447 1638 peculiaris
467 1596 594 1627 Palatii
615 1594 844 1635 imperatorii,
870 1598 905 1624 et
931 1593 973 1623 si-

266 1648 412 1679 lentiarii
452 1647 593 1684 milites,
634 1644 803 1677 Custodes
836 1644 972 1676 Quietis

266 1698 444 1737 Augustae.
486 1697 704 1736 Trausgressa,
720 1696 773 1726 vel
801 1695 973 1734 Progressa

265 1748 383 1785 cubili,
408 1748 583 1784 eleganter
612 1746 754 1783 dictum,
780 1745 872 1774 velut
901 1743 971 1774 affi-

268 1797 380 1837 gentis
398 1795 569 1826 cubilibus
593 1804 724 1824 omnem
750 1803 844 1823 nsum
862 1793 975 1822 Eunu-

266 1848 416 1878 chorum.
462 1847 516 1876 De
535 1849 663 1876 caetero
690 1844 738 1874 ait
763 1852 824 1873 nec
843 1847 971 1873 tautam

267 1899 369 1928 etiam
401 1897 566 1926 hactenus
599 1895 838 1926 Eunuchorum
869 1892 973 1923 fuisse

266 1947 567 1983 existimationem,
592 1951 630 1977 ut
647 1946 715 1976 ullo
733 1950 835 1986 pacto
852 1944 885 1974 in
903 1944 974 1974 vita

266 1998 362 2038 fides,
389 2003 447 2028 ant
465 1998 497 2027 in
515 1998 642 2027 honore
665 1996 732 2027 ullo
748 1995 896 2026 fidelitas
921 2003 974 2024 co-

266 2059 354 2089 rum,
366 2049 418 2079 vel
433 2048 464 2078 in
478 2047 589 2078 officio
602 2047 834 2088 requireretur
847 2055 972 2086 opera;

267 2099 326 2131 sed
353 2110 410 2130 eos
436 2099 687 2137 neglectissime
712 2098 861 2137 habitos,
888 2102 925 2127 nt
954 2106 973 2127 a

267 2151 387 2192 quibus
413 2151 546 2182 omnino
565 2149 784 2181 metuendum
801 2149 884 2180 nihil
902 2148 973 2179 fue-

267 2202 323 2241 rit,
356 2207 498 2242 propter
528 2201 685 2232 inertiam
716 2206 751 2232 et
781 2200 970 2238 mollitiam,

267 2262 342 2292 quae
381 2252 551 2283 cubilibus
589 2252 737 2283 eviratos
775 2250 971 2291 affigebant.

266 2301 394 2332 Tutum
411 2304 524 2332 mentis
532 2302 647 2342 pignus
658 2302 771 2333 inertia
784 2312 794 2338 ,·
817 2312 876 2333 nan
891 2303 972 2332 enim

267 2357 429 2393 poterant
445 2353 625 2392 quicquam
651 2353 762 2383 moliri
789 2363 851 2384 nec
868 2353 909 2383 ad
928 2353 972 2383 vi-

268 2408 336 2434 tam
364 2402 602 2442 splendentem
629 2403 726 2443 eniti,
752 2404 794 2434 ab
819 2404 972 2434 omnibus

268 2453 434 2485 contemti
451 2464 458 2483 1
485 2458 519 2483 et
536 2454 647 2483 mentis
659 2453 775 2492 pignus
791 2454 875 2484 dicit
889 2454 971 2484 fide-

266 2504 396 2535 litatem
414 2504 578 2534 Eunucho
595 2503 757 2534 debilarn.
783 2505 879 2535 Idem.

311 2556 374 2585 419
416 2554 624 2592 Transgressa
649 2553 761 2594 cubile]
806 2554 894 2584 Haec
924 2555 972 2584 in-

269 2609 377 2635 nuunt
394 2604 597 2644 Eutropium
614 2603 717 2634 fuisse
737 2602 911 2644 πρόκοιτον,
935 2609 972 2635 ut

267 2655 565 2696 Suidasloqnitur.
611 2655 684 2685 Imo
711 2653 773 2685 fuit
802 2655 972 2695 Praeposi-

268 2712 323 2736 tus
340 2706 426 2737 sacri
444 2706 606 2736 cubiculi.
634 2706 758 2736 Claver.

312 2756 484 2797 Progressa
498 2756 608 2797 cubili]
629 2756 686 2788 Sic
708 2755 914 2788 Oxoniensis
937 2759 974 2787 et

478 185 623 216 No'rAE
656 183 924 215 VARIORUM
960 182 1012 212 IN
1046 182 1122 213 CL.
1156 182 1341 212 CLAUD.
1373 182 1525 212 Xvnl.

1030 276 1245 308 Oiselianns:
1284 276 1339 308 alii
1369 284 1485 307 omnes
1509 274 1630 312 cume,-
1666 275 1735 307 nisi

1029 328 1118 369 qnod
1149 332 1342 368 transgressa
1373 327 1501 368 primns
1531 326 1630 357 Med.
1665 335 1735 358 sec.

1027 378 1185 410 Vatican.
1202 384 1238 410 et
1255 379 1431 410 Palatinus
1447 389 1455 409 :
1482 381 1519 409 ut
1535 377 1631 414 aiibi,
1645 375 1655 393 ‘
1668 376 1736 407 ful-

1026 439 1086 460 vas
1116 430 1228 460 animo
1260 436 1472 469 transgressa
1502 426 1652 459 leaenas?
1689 427 1735 459 D.

1028 479 1140 510 Heins.

1069 533 1133 561 420
1166 530 1229 561 Sed
1254 530 1368 561 inertia
1395 530 1533 570 tantum]
1573 528 1735 569 Isingrin.

1026 582 1124 622 prim.
1149 582 1265 613 Vatic.
1294 587 1330 613 et
1359 582 1511 612 Florent.
1551 581 1583 612 S.
1609 579 1736 618 Marci,

1026 643 1104 663 cum
1120 633 1316 670 Pricaeano,
1332 635 1453 663 tutum:
1476 636 1584 662 recte.
1630 630 1736 662 Pata-

1026 683 1094 714 vin.
1116 684 1210 714 Ecel.
1225 683 1369 713 Cathed.
1385 692 1503 713 rarum.
1527 682 1636 713 Idem.

1068 735 1132 764 422
1156 734 1184 763 A
1203 732 1313 770 fronte
1334 732 1494 772 recedant]
1519 732 1549 763 A
1566 733 1736 773 guberna·

1027 785 1115 824 culo,
1130 794 1240 825 prora.
1264 784 1373 815 Prora
1387 784 1474 814 enim
1487 784 1614 815 dicitur
1627 784 1737 824 frons,

1027 845 1104 866 cum
1132 835 1215 865 nihil
1243 835 1289 865 sit
1315 833 1528 875 frequentius
1552 845 1654 875 quam
1681 845 1736 867 res

1026 886 1235 925 navigiorum
1254 885 1353 922 Curis
1371 885 1512 926 Imperii
1527 885 1734 917 adsimilare.

1026 938 1144 969 Barth.

1068 989 1098 1019 A
1113 988 1225 1026 fronte
1246 989 1390 1019 recedant
1412 985 1558 1028 Imperii]
1592 987 1670 1017 Duo
1693 996 1735 1018 ex

1025 1039 1148 1069 nostris
1172 1043 1208 1070 et
1224 1038 1419 1077 Delrianus,
1441 1048 1460 1069 a
1481 1040 1584 1068 sorte:
1606 1037 1654 1068 sic
1670 1047 1736 1068 sors

1025 1090 1149 1130 imperii
1159 1089 1248 1130 apud
1261 1089 1423 1121 Ovidium
1437 1089 1470 1119 in
1481 1088 1615 1119 Fastis:
1641 1089 1650 1104 ‘
1666 1087 1733 1118 Sed

1024 1149 1154 1170 memor
1180 1140 1314 1179 imperii
1342 1143 1468 1170 sortem
1493 1138 1683 1170 consistere
1699 1137 1734 1169 in

1024 1188 1115 1218 illis.¹
1143 1189 1185 1218 D.
1204 1188 1318 1218 Heius.

1068 1241 1130 1269 423
1156 1237 1289 1277 Tener-0]
1311 1237 1488 1276 Muliebri,
1502 1241 1538 1268 et
1555 1238 1646 1268 curis
1663 1247 1735 1269 mu·

1025 1288 1188 1320 liebribus
1205 1287 1389 1319 destinato.
1413 1287 1530 1320 Barth.

1066 1343 1129 1371 424
1168 1339 1300 1370 Publica
1330 1338 1492 1379 majestas]
1530 1338 1732 1370 Auctoritas

1026 1391 1256 1433 gubernandae
1272 1390 1498 1431 Reipublicae.
1522 1391 1582 1421 Est
1598 1390 1632 1420 in
1650 1399 1734 1421 voce

1027 1442 1207 1483 Maiestatis
1222 1442 1310 1472 ultra
1326 1441 1505 1471 humanam
1520 1449 1732 1471 communem

1023 1499 1151 1524 sortem
1180 1491 1321 1533 aliquid,
1352 1492 1468 1532 paullo
1501 1491 1734 1532 appellatione

1024 1544 1212 1574 divinitatis
1228 1541 1380 1573 inferius.
1406 1542 1505 1572 Idem.

1067 1597 1129 1625 425
1170 1594 1312 1625 Vidimus
1340 1592 1486 1623 Eunuchi
1512 1594 1598 1623 clavo
1622 1601 1735 1633 parere

1024 1645 1186 1686 magistri]
1213 1646 1306 1676 Claro
1322 1645 1485 1685 magistro,
1507 1643 1733 1685 prim.vatic.

1024 1697 1069 1727 D.
1090 1696 1202 1727 Heius.
1544 1704 1547 1708 '

1066 1749 1130 1777 426
1156 1746 1223 1776 Nos
1237 1747 1312 1776 adeo
1331 1746 1436 1785 sperui
1450 1744 1581 1784 faciles]
1617 1743 1734 1785 Indig-

1023 1796 1171 1826 nationis
1188 1794 1332 1825 formula
1349 1804 1368 1825 a
1383 1799 1569 1826 contemtu.
1594 1795 1711 1826 Barth.

1067 1847 1128 1876 427
1163 1845 1319 1875 Auroram
1346 1845 1435 1884 sane]
1470 1845 1525 1875 Ita
1553 1855 1628 1876 cnm
1657 1845 1734 1876 Cla-

1025 1895 1118 1925 verio
1135 1898 1171 1925 et
1194 1894 1314 1925 Delrio
1341 1895 1449 1925 nostri
1466 1895 1627 1935 potiores.
1667 1896 1733 1927 Ra-

1026 1945 1223 1986 phelengius
1240 1946 1396 1976 Auroram
1411 1949 1504 1977 certe.
1537 1946 1651 1987 Vulgo
1667 1947 1734 1977 Au-

1023 2006 1096 2027 rora
1112 2001 1194 2027 certe
1209 1999 1267 2027 est.
1301 1995 1459 2027 Patavin.
1486 1996 1643 2027 Auroram
1669 1998 1732 2028 sal-

1023 2050 1105 2078 tem:
1130 2046 1301 2087 quomodo
1313 2051 1348 2076 et
1363 2055 1422 2086 pro
1437 2046 1570 2076 diversa
1585 2046 1732 2078 lectione

1025 2098 1153 2138 primus
1177 2098 1373 2128 Vaticanus.
1423 2097 1591 2129 Junianus
1616 2097 1734 2137 etiam,

1027 2150 1173 2180 Gaudeat
1194 2152 1351 2179 assuetas.-
1385 2158 1447 2189 per
1471 2149 1733 2189 appositionem,

1023 2200 1182 2230 Auroram
1213 2199 1325 2230 urbes:
1355 2199 1553 2239 eleganter:
1601 2199 1731 2230 dictum

1023 2250 1114 2281 bello
1132 2250 1223 2281 Gild.
1242 2259 1290 2281 vs.
1309 2252 1382 2280 136.
1406 2250 1451 2280 D.
1469 2248 1583 2280 Heius.

1066 2304 1129 2332 428
1166 2301 1322 2331 Adsuetas
1350 2299 1481 2340 sceptris
1515 2297 1730 2338 muliebribus]

1022 2352 1099 2384 Jaul
1116 2351 1195 2382 inde
1212 2361 1231 2381 a
1248 2356 1405 2390 tempore
1418 2349 1648 2381 Semiramidis
1662 2347 1731 2379 Re-

1023 2402 1122 2442 ginae.
1186 2401 1370 2432 Mollitiem
1402 2401 1579 2441 regionum
1617 2403 1728 2430 notat.

1023 2452 1140 2482 Barth.

1063 2505 1128 2533 429
1155 2501 1276 2540 Urunt]
1299 2501 1405 2531 Velut
1431 2499 1599 2539 stigmatis
1621 2499 1730 2530 molli-

1022 2553 1189 2583 tudinum.
1214 2552 1310 2582 Idem.

1064 2605 1126 2632 433
1154 2601 1275 2637 Quibus
1286 2601 1411 2642 extitit]
1436 2599 1556 2635 Quibus
1567 2599 1646 2630 exiit
1661 2608 1730 2630 ma-

1021 2653 1091 2684 lim.
1114 2653 1212 2683 Idem.

1064 2706 1127 2734 434
1151 2704 1259 2734 Famce
1282 2706 1452 2734 contemtor
1478 2701 1627 2741 Orontes]
1650 2701 1727 2732 Flu-

1022 2754 1077 2786 vio
1092 2754 1202 2795 Syriae
1223 2755 1345 2794 Syram
1368 2752 1536 2786 luxuriem
1558 2756 1594 2784 et
1617 2751 1727 2784 molli-
