1852 3182
578 222 629 252 IN
667 221 898 251 RUFINUM
934 221 1029 250 LIB.
1064 221 1116 250 11.

119 328 188 350 rem
206 319 396 356 insuetnm3
420 326 495 348 nam
518 316 550 346 in
576 315 670 346 atriis
695 316 817 345 saluta-

117 370 225 400 tiones
253 368 387 410 quidem
413 366 553 403 fiebant,
578 365 635 395 scd
662 365 817 395 convivia

116 418 150 448 in
167 419 340 450 coeuacnlo
357 426 415 447 sen
433 415 602 453 triclinio;
627 415 685 445 sed
704 420 816 446 tamen

115 471 226 509 epula*
245 467 463 507 triumphales
490 467 522 496 iu
551 468 638 497 atrio
656 467 814 507 Capitolii

115 518 374 553 exhibebantur,
392 527 431 546 cx
451 516 584 546 Zonara
601 517 621 547 l.
639 526 678 547 n.
696 517 816 547 Annal.

113 569 147 599 in
165 568 318 599 Camillo.
354 567 463 597 Faber
479 567 501 596 1.
520 576 543 598 1.
559 567 720 597 Sernestr.
738 577 766 597 c.
782 570 814 597 6.

112 625 147 650 et
170 618 318 649 nonnihil
342 618 436 649 Serv.
461 617 503 648 ad
531 618 613 648 illud
640 618 814 648 Maronis:

110 669 119 686 ⁴
137 669 210 699 illos
241 669 428 707 porticibus
459 679 517 699 rex
549 669 742 708 accipiebat
781 669 814 699 iu

109 717 252 758 amplis.'
277 718 365 749 Vide
379 719 570 749 convivium
588 718 695 749 Didus
706 719 778 750 stin.
791 728 814 750 1.

107 767 140 798 in
153 767 232 799 fine.
270 769 412 809 Dempst.

149 821 212 850 342
236 820 516 860 Inscribipropriis
529 820 653 859 aurztm]
678 819 814 859 Iusculpi

106 869 249 902 Lucens.
265 871 410 910 Gyrald.
439 874 473 901 et
502 871 598 910 prim.
616 871 729 901 Vane.
746 880 811 900 non

105 920 216 951 audio.
251 920 410 952 Juvenal.
428 922 499 951 Sat.
517 930 565 951 vi.
588 921 597 937 ‘
615 921 743 960 scripto
762 930 812 950 ra-

105 970 176 1002 diat
187 971 413 1002 Germanicus
428 970 530 1001 auro.’
556 970 708 1000 Martial.
725 970 744 1000 l.
759 978 810 1001 xr.

104 1021 169 1061 Ep.
187 1025 218 1052 5.
245 1022 252 1036 ‘
267 1022 422 1061 Scriptus
443 1030 478 1051 es
494 1024 624 1050 oeterno
642 1029 729 1050 nunc
746 1020 810 1059 pri-

103 1080 194 1101 mum
209 1071 348 1110 Jupiter
362 1070 469 1101 anro.'
495 1069 596 1100 Ovid.
614 1068 722 1108 Epist.
738 1069 809 1109 Hy-

104 1130 212 1161 perm.
237 1122 245 1137 ‘
264 1120 470 1160 Scriptaque
485 1119 551 1149 sint
575 1119 675 1149 titulo
692 1123 810 1149 nostra

99 1171 276 1212 sepulchra
295 1170 391 1201 brevi
404 1169 424 1201 ε’
448 1179 524 1211 quae
538 1169 585 1200 ibi
600 1179 679 1200 vera
694 1170 808 1210 lectio,

99 1230 166 1252 non
194 1220 393 1261 Sculptaque.
439 1221 494 1251 Sic
511 1225 546 1251 et
561 1221 691 1251 Statius
709 1222 807 1262 Equo

99 1272 310 1303 Domitiani:
349 1272 357 1288 ‘
384 1270 539 1312 Apelleae
572 1275 741 1311 cuperent
772 1276 807 1302 te

99 1322 250 1354 scribere
267 1321 380 1353 ceran’
430 1322 471 1353 D.
489 1321 601 1352 Heius.

141 1372 276 1404 Inscribi
298 1372 434 1413 propriis
459 1381 568 1403 aurum
587 1371 706 1411 jutole]
744 1372 807 1402 Fa-

99 1423 160 1454 tale
187 1427 299 1460 vocat,
332 1423 410 1464 qnia
438 1422 560 1452 nemini
585 1422 711 1452 licebat
742 1422 805 1452 nisi

98 1473 304 1513 Imperatori
317 1472 465 1512 effigiem
479 1482 572 1503 suam
588 1472 730 1502 nmnmis
748 1472 806 1502 im-

97 1523 249 1565 pingere.
287 1523 429 1554 Rufinus
446 1532 511 1553 non
527 1523 687 1563 sperabat
704 1522 805 1552 aliter

96 1583 168 1604 rem
185 1583 351 1612 casuram,
369 1583 469 1613 quam
489 1577 525 1603 ut
541 1572 714 1612 particeps
740 1572 805 1602 Im-

96 1616 393 1664 perii'declaratus
410 1625 495 1664 ipse,
512 1623 648 1654 domum
665 1623 802 1655 rediens

94 1674 191 1705 militi
207 1674 420 1714 donativum,
437 1675 572 1715 Populo
590 1675 741 1715 epulum,
758 1675 801 1705 ob

94 1724 190 1756 initia
207 1725 431 1766 principatus,
448 1725 559 1757 daret.
583 1726 675 1756 Huic
694 1725 801 1765 Regio

96 1776 276 1817 privilegio
291 1776 432 1816 aptabat
450 1776 573 1816 omnia,
588 1776 690 1807 etiam
708 1785 802 1806 num-

93 1836 164 1858 mos
193 1837 253 1858 sna
283 1827 426 1866 imagine
462 1827 597 1867 percuti
633 1826 801 1867 faciebat,

93 1888 176 1919 quos
200 1878 335 1909 rediens
358 1878 511 1919 jactaret
539 1879 574 1909 in
604 1878 738 1918 vulgus,
764 1882 800 1908 et

94 1928 192 1960 militi
204 1928 360 1959 donaret.
390 1929 480 1968 Ergo
489 1927 593 1966 fatale
609 1938 718 1959 aurum
733 1937 799 1959 non

93 1979 159 2010 alia
175 1979 304 2010 ratione
320 1978 571 2019 dicitur,quam
591 1979 669 2019 quia
683 1979 799 2009 immo-

92 2029 160 2060 bile
190 2029 292 2059 solins
322 2029 495 2068 Principis
525 2029 559 2059 in
591 2038 632 2059 eo
664 2029 799 2069 privile-

92 2079 196 2119 gium.
230 2079 346 2109 Barth.

134 2129 269 2160 Inscribi
284 2130 410 2170 aarum]
426 2129 495 2160 Hic
509 2129 656 2170 notabis,
671 2136 798 2171 quanta

90 2178 195 2210 fuerit
211 2180 440 2219 praerogativa
459 2180 497 2211 P.
514 2180 550 2211 F.
568 2181 624 2221 qui
643 2191 797 2213 nummos

91 2240 211 2263 aureos
228 2241 288 2262 sua
304 2231 414 2271 figura
430 2232 570 2271 cudere,
598 2244 637 2264 ac
663 2234 797 2266 donati-

90 2290 166 2312 vum
190 2281 365 2320 militibus,
402 2292 509 2313 more·
534 2283 798 2326 Imperatorum,

89 2331 171 2364 dare
187 2332 418 2363 constituerit.
457 2334 580 2365 Clarer.

131 2384 278 2425 Figuris]
301 2383 424 2424 Effigie
442 2385 576 2424 capitis.
611 2386 700 2417 Nam
719 2387 796 2418 alio-

88 2434 164 2477 quin
182 2439 241 2466 aut
257 2435 442 2466 Numinum
460 2436 646 2476 aliquorum
665 2437 794 2477 figuris,

88 2489 148 2516 aut
178 2485 319 2526 judiciis
350 2495 461 2516 rerum
493 2486 644 2518 feliciter
683 2494 794 2527 gesta-

87 2548 161 2569 rum
192 2537 320 2569 nummi
361 2537 641 2577 insigniebantur.
698 2539 792 2570 Scite

85 2589 146 2618 has
178 2589 262 2619 tales
287 2587 410 2628 figuras
442 2588 613 2627 (enigmata
638 2589 791 2629 appellat

87 2637 308 2668 Prudentius.
337 2638 453 2668 Barth.

129 2689 192 2717 343
217 2686 393 2718 Salutatum
408 2687 548 2727 reduces]
583 2688 666 2718 Eum
691 2689 791 2720 hono-

86 2746 157 2768 rem
182 2737 371 2777 legionibus
385 2738 427 2768 ab
443 2737 718 2778 Imperatoribus
734 2739 790 2770 ba-

88 2786 196 2818 bitnm
212 2795 315 2827 supra
330 2787 537 2819 notavimus.
567 2788 666 2820 Idem.

1459 211 1572 254 1:291

911 317 971 344 314
998 315 1146 354 Principe
1160 315 1282 354 celsior]
1319 315 1441 347 Animo
1465 318 1571 358 magis

868 364 970 402 clato,
998 364 1094 403 cujus
1121 364 1214 403 sigua
1244 364 1375 393 incessu
1407 366 1573 403 prodebat

867 414 1008 444 stolidus
1025 415 1122 444 homo
1148 419 1182 445 et
1198 415 1339 453 impurae
1358 416 1572 453 arrogantiae.

873 464 985 494 lim-tlt.

911 517 972 543 345
1001 513 1299 554 Cullaquefoemiueo
1311 513 1453 551 jactabat
1471 515 1572 545 mollia

864 565 972 604 gestu]
1018 565 1137 603 Vides,
1165 574 1226 595 cur
1250 564 1478 604 jactationem
1495 565 1572 596 colli

867 614 1032 645 flumineis
1052 615 1204 651 gestibus
1223 615 1390 645 asscribat
1413 615 1572 645 Claudia-

866 675 940 706 nus,
956 667 1112 697 nimirum
1130 667 1296 697 cinoedico
1314 666 1428 706 aliquo
1452 666 1571 698 habitu

868 718 961 748 velut
987 717 1018 747 iu
1048 727 1184 748 scenam
1212 717 1340 748 (lucens
1367 727 1463 747 suum
1483 716 1570 748 Rufi-

867 777 957 798 num.
997 769 1104 798 Erant
1121 768 1298 808 prostituti
1316 768 1454 808 pudoris
1467 767 1571 798 nebu-

865 819 958 849 lones
976 820 1065 850 inter
1084 820 1264 859 Romanos,
1279 820 1336 860 qui
1352 820 1454 859 vulgo
1475 818 1571 849 babi-

866 873 901 899 tu
919 870 1118 911 incessuque
1138 870 1422 910 agnoscebantur,
1444 874 1479 900 et
1495 878 1570 909 ges-

865 924 918 949 tus
957 930 1073 950 omnes
1112 919 1287 951 fu‘mincos
1326 919 1568 952 assimilabant.

865 969 962 1000 Idem.

905 1020 1054 1050 ductabat
1084 1021 1187 1051 mollin
1211 1021 1319 1060 gestu]
1358 1021 1413 1052 Ita
1449 1020 1569 1061 scripti

861 1069 937 1100 fere
973 1080 1089 1101 omues
1122 1076 1157 1101 et
1189 1071 1356 1102 editiones
1387 1072 1568 1102 nonnullae.

859 1119 1003 1159 gestabat
1015 1124 1092 1150 ante
1104 1120 1303 1160 legebatur:
1330 1120 1417 1160 quod
1433 1121 1566 1160 durum⁷

862 1176 1004 1210 propter
1033 1169 1071 1200 τὸ
1095 1174 1199 1209 gestu.
1254 1170 1359 1201 Ovid.
1388 1171 1475 1202 Met.
1508 1180 1566 1202 111.

860 1222 868 1238 ‘
889 1221 1051 1262 Collaque
1077 1222 1238 1262 jactavit,
1271 1222 1467 1263 crinemque
1504 1232 1566 1262 per

859 1271 938 1302 a'e'ra
954 1272 1081 1302 movit.’
1108 1273 1270 1303 Lucensis
1287 1278 1400 1304 tamen
1412 1272 1566 1304 solvebat:

858 1322 998 1361 optime.
1042 1323 1099 1352 Sic
1129 1324 1205 1353 luxu
1234 1324 1329 1353 solz-i.-
1365 1332 1432 1364 quo
1459 1323 1564 1354 verbo

857 1373 1032 1411 eleganter
1049 1371 1260 1404 effeminatos
1279 1384 1317 1404 ac
1335 1374 1453 1404 molles
1471 1372 1564 1404 Rufi-

857 1423 889 1452 ni
908 1428 1022 1463 gestus
1037 1424 1219 1463 expressit.
1265 1424 1320 1454 Sic
1349 1424 1464 1454 ‘molli
1494 1425 1564 1454 lan-

857 1482 962 1511 guore
992 1474 1134 1505 solutus’
1163 1474 1251 1514 apud
1281 1474 1467 1505 Nasonem.
1515 1474 1561 1505 D.

856 1523 970 1554 Heius.

898 1576 961 1604 316
988 1574 1118 1613 Tegeret
1133 1584 1187 1605 ceu
1199 1584 1339 1614 purpura
1356 1575 1470 1605 dudum
1487 1575 1562 1605 Cor—

850 1624 925 1664 pus]
963 1625 1077 1655 Tutum
1106 1625 1304 1655 Claverius:
1330 1627 1477 1656 mundum
1504 1636 1562 1657 cx-

854 1679 977 1714 cerpta
1002 1676 1259 1715 Pomponiana:
1296 1679 1376 1706 tert.
1404 1677 1560 1709 Vatican.

855 1726 968 1757 Palat.
995 1731 1030 1757 et
1054 1733 1200 1767 quatuor
1227 1727 1282 1757 alii
1309 1728 1444 1758 nudum:
1477 1737 1561 1759 unns

852 1777 997 1807 nundum.
1043 1777 1203 1807 Viderint
1220 1777 1401 1808 acutiores,
1439 1778 1538 1810 Idem.

898 1826 1027 1865 Tegeret
1050 1836 1104 1857 ceu
1128 1837 1268 1867 purpura
1292 1828 1407 1857 dudum
1426 1827 1561 1868 Corpus]

853 1876 959 1908 Quasi
976 1876 1103 1907 dudum
1125 1877 1214 1917 jam,
1239 1877 1298 1917 ait,
1326 1886 1477 1917 purpura
1493 1877 1561 1909 Im-

852 1927 1025 1967 peratoria
1040 1927 1232 1967 insignitus,
1245 1932 1280 1958 et
1296 1927 1345 1958 ita
1357 1927 1430 1967 jam
1447 1927 1559 1968 Impe-
1594 1937 1597 1939 ’

850 1978 890 2007 rii
930 1987 1082 2017 securuS,
1122 1988 1185 2009 nec
1223 1978 1416 2019 ambiguam
1448 1978 1558 2010 adhuc

851 2037 944 2068 spem
964 2027 1092 2059 fovens.
1127 2028 1242 2059 Bar-171.

891 2080 953 2108 347
977 2078 1142 2108 Ambireut
1158 2080 1301 2109 ardentes
1316 2082 1457 2119 tempora
1470 2089 1558 2119 gem-

848 2127 922 2167 moe]
959 2129 1014 2158 De
1045 2128 1238 2159 diademate
1269 2129 1433 2170 loquitur,
1467 2130 1556 2171 quod

850 2178 989 2219 gemmis
1005 2179 1134 2209 cultum
1151 2178 1252 2210 fuisse
1271 2184 1387 2211 notum
1407 2189 1449 2211 ex
1466 2189 1559 2211 num-

849 2231 911 2260 mis
931 2229 1194 2269 Imperatorum.
1230 2230 1329 2262 Idem.

890 2282 951 2310 351
987 2281 1111 2311 Ornatu
1137 2281 1268 2320 fulgida
1295 2280 1397 2320 ferri]
1435 2282 1556 2312 IlIartis

850 2330 958 2361 Aldus
989 2336 1024 2362 et
1055 2332 1212 2372 plerique
1244 2331 1386 2372 scripti:
1425 2332 1553 2372 placet.

835 2383 855 2406 -‘
875 2382 1046 2413 Ornatum
1062 2382 1209 2420 Martis‚’
1226 2392 1319 2412 arma
1338 2387 1448 2413 vocat.
1482 2381 1552 2412 Pro

845 2434 986 2471 tramite,
1003 2434 1101 2463 limite
1120 2434 1263 2463 Lucens.
1292 2433 1335 2463 D.
1355 2433 1466 2463 Heius.

890 2485 1014 2514 Ornutu
1023 2483 1168 2522 fulgida]
1187 2482 1288 2514 Acies
1305 2483 1470 2513 instructa
1483 2491 1551 2512 om-

844 2535 942 2565 nibus
967 2535 1035 2565 suis
1062 2534 1250 2573 ordinibus,
1275 2539 1312 2564 ut
1338 2534 1485 2563 Martem
1502 2532 1551 2571 ip-

842 2595 914 2615 sum
931 2585 1084 2624 exigere,
1113 2590 1217 2625 atque
1245 2583 1323 2614 inde
1340 2583 1549 2622 voluptatem

842 2644 966 2675 capere
984 2644 1137 2665 censeas.
1176 2635 1292 2665 Barth.

884 2688 945 2716 355
971 2685 1098 2716 Soerum
1124 2685 1254 2714 cristato
1281 2682 1394 2713 vertice
1419 2679 1548 2719 nutant]

841 2735 1112 2775 Elegantissime.
1160 2735 1317 2773 Apparet
1333 2731 1421 2761 enim
1445 2731 1476 2761 in
1495 2735 1548 2761 tot

841 2787 1013 2827 galearum
1043 2784 1247 2826 fulgentium
1287 2783 1464 2825 cristisque
1487 2791 1548 2814 nu-
