1851 3213
254 210 368 253 1450
469 222 610 253 No'rAE

255 318 322 358 Ep.
339 319 370 349 2.
392 316 450 349 lib.
464 326 514 350 rx.
532 318 595 358 Ep.
613 320 645 350 9.
661 328 832 359 quumque
851 318 966 358 malig-

254 368 342 399 nitas
374 375 613 409 perseveraret
641 368 788 399 infantes
822 368 964 403 evirare,

257 428 392 459 poenam
424 419 547 459 capitis
579 424 730 449 castrare
762 419 965 449 audentibus

255 469 468 501 Justiuianus
497 469 630 507 indixit,
654 469 673 500 l.
700 478 722 499 1.
748 470 783 499 C.
804 470 841 499 de
862 470 966 499 Eunu-

255 519 334 550 ckis.
360 519 447 550 Vide
460 520 567 550 locum
583 525 618 549 et
631 518 821 549 considera.
848 519 966 559 Demp-

256 573 334 601 ster.

300 619 499 660 Nefandam]
524 620 614 650 Sane
631 629 722 658 vero,
738 619 834 660 cujus
858 620 967 660 gratia

256 671 353 701 multi
368 671 519 701 homines
533 671 630 701 simul
644 670 847 701 occiduntur
861 671 966 710 prius-

259 729 359 761 quam
390 720 486 752 fiant.
544 721 667 761 Itaque
708 726 742 751 et
776 721 968 760 Imperator

263 771 510 802 Constantinus-
538 772 571 801 iu
600 771 695 801 Orbe
725 772 877 802 Romano
904 773 968 801 Eu-

259 821 389 852 nuchos
409 820 481 850 fieri
504 820 641 859 capitali
660 821 829 860 suppiicio
846 821 966 852 vetuit.

257 872 278 903 l.
297 880 321 902 1.
340 882 367 901 c.
384 873 422 901 de
439 871 610 901 Eunuchis.

301 921 432 952 Molzire
446 920 561 960 mares]
586 919 816 952 Effoemiuare.
848 922 967 952 Barth.

301 973 344 1002 49
379 971 567 1002 Foecmulum
594 972 731 1011 corporis
759 973 878 1012 ignem]
916 972 968 1003 In-

257 1031 341 1061 guen
358 1020 517 1060 Isingrini
540 1020 657 1052 Codex
673 1032 681 1058 ;
708 1022 797 1062 quod
816 1022 968 1062 Gyraldo

259 1072 442 1114 placebat:
464 1073 631 1112 quomodo
644 1073 884 1113 Farnesianus,
898 1074 972 1104 Pri-

261 1132 397 1154 caeanus
425 1127 460 1153 et
486 1123 825 1163 Rottendorphianus
840 1134 882 1154 ex
898 1133 971 1155 nos-

261 1174 323 1204 tris
351 1183 412 1214 pro
440 1174 575 1205 diversa
607 1174 768 1205 lectione.
819 1175 971 1206 Martini.

259 1224 271 1241 ‘
292 1224 346 1256 Ne
363 1224 460 1254 nimis
484 1224 648 1254 exhausto
673 1230 902 1256 macresceret
926 1225 972 1256 in-

262 1274 364 1314 guine
391 1274 535 1304 Gallus.'
576 1274 661 1304 Mihi
688 1275 828 1314 vulgata
860 1280 972 1305 tamen

264 1325 369 1355 lectio
386 1324 491 1363 magis
505 1324 646 1355 arridet.
681 1325 764 1355 Mox
782 1326 974 1366 officiumque

259 1375 363 1416 patris
379 1384 445 1405 non
461 1375 606 1416 officium,
623 1375 793 1413 meliores,
811 1381 846 1406 et
866 1387 975 1407 causas

255 1425 329 1463 fato
354 1435 414 1465 pro
436 1436 569 1456 causam.
605 1426 697 1456 Cave
715 1427 819 1457 etiam
837 1427 976 1458 Acturus

259 1477 397 1517 pretium
413 1485 474 1517 pro
488 1480 633 1507 aucturus
646 1487 722 1507 cum
737 1477 852 1507 Delrio
870 1478 978 1518 legas,

263 1527 366 1558 aliter
383 1527 604 1558 suadentibus
621 1528 837 1569 membranis,
852 1534 887 1560 et
901 1531 975 1570 ipso

264 1577 464 1609 Claudiano.
490 1579 535 1610 D.
555 1580 667 1610 Heius.

309 1628 436 1668 Ignem]
459 1629 536 1658 'Vim
566 1630 765 1669 generandi,
789 1641 857 1672 qua
883 1631 977 1662 velut

264 1677 310 1708 de
328 1678 406 1717 igne
433 1679 532 1719 igis-S,
553 1680 599 1710 sic
631 1680 744 1711 divina
766 1682 977 1721 operatione,

267 1736 311 1758 ex
325 1728 462 1759 homine
478 1730 577 1760 homo
592 1730 732 1761 venitin
748 1732 866 1761 vitam.
892 1732 976 1762 Con-

267 1781 322 1808 tra
337 1777 466 1817 frigidi,
483 1781 696 1817 generationi
714 1781 834 1821 inepti.
859 1782 975 1811 Barth.

311 1828 436 1867 Ignem]
467 1829 604 1859 Iudicat
631 1830 710 1868 vim,
737 1841 803 1870 qua
832 1831 976 1862 virilitas

266 1878 440 1908 excitatur
458 1879 682 1919 autjuvatm·.
709 1881 832 1911 (L'Iarer.

310 1931 353 1959 50
380 1930 448 1960 Uno
479 1930 533 1960 sub
564 1931 644 1971 ictu]
683 1931 837 1964 Poetice.
887 1933 976 1964 Nam

269 1978 384 2018 plures
410 1980 581 2011 sectiones
610 1981 755 2022 requirit
779 1982 906 2014 Paulus
927 1984 979 2014 ΑΞ-

273 2030 404 2070 giueta.
429 2031 544 2062 Barth.

314 2083 355 2111 52
376 2081 550 2120 Ambigua-s
563 2082 650 2122 vitre]
668 2083 796 2114 Notum
815 2094 880 2115 non
898 2095 978 2125 pau-

270 2140 328 2162 cos
346 2130 495 2163 infantes
513 2133 679 2163 acerrimo
696 2144 736 2164 eo
754 2134 872 2165 dolore
891 2135 978 2176 peri-

269 2181 350 2212 isse.
389 2182 541 2224 Ideoque
568 2184 639 2214 Lex
666 2184 709 2214 D.
734 2184 876 2215 Adriani
904 2187 980 2216 Cas-

268 2233 437 2264 trationem
477 2244 577 2275 poena
612 2235 712 2276 Legis
741 2236 907 2267 Corneliae
937 2237 980 2268 de

270 2282 410 2313 sicariis
450 2284 709 2326 Homicidisque
754 2288 979 2327 compescuit.

271 2332 361 2363 Vide
391 2333 586 2373 Ulpianum,
607 2346 682 2377 cap.
699 2340 728 2368 4.
751 2337 792 2367 ad
821 2338 859 2369 L.
876 2338 979 2369 Corn.

272 2382 316 2413 de
334 2382 476 2414 sicariis.
502 2384 598 2414 Idem.

315 2436 357 2465 53
385 2436 421 2464 ln
453 2435 607 2465 cerebrum
632 2436 707 2466 secti
732 2439 898 2468 traxerunt
913 2437 980 2476 fri-

269 2493 348 2523 gora
363 2483 465 2522 nen-2¹]
493 2484 558 2513 Res
577 2484 648 2523 ipsa
664 2489 726 2521 est,
743 2486 831 2526 quod
855 2487 898 2517 de
915 2487 982 2518 Pa-

273 2533 395 2564 rotidis
422 2533 515 2563 venis
532 2534 657 2573 incisis,
680 2535 771 2566 circa
787 2545 884 2566 aures
902 2542 982 2568 sunt

274 2593 337 2624 eae,
353 2583 550 2614 virilitatem
567 2593 610 2614 ex
627 2584 700 2624 ipso
717 2585 858 2617 cerebro
875 2596 980 2628 usque

275 2634 558 2675 exstirpantibus,
573 2639 694 2666 notant
711 2635 816 2667 docti.

319 2686 407 2717 Secti
419 2689 601 2716 traxerunt
623 2685 754 2725 frigora
789 2687 891 2728 nervi]
933 2688 983 2719 Ut

274 2734 534 2775 effoeminatum,
553 2735 701 2775 mollem,
717 2736 917 2768 muliebrem
934 2736 984 2769 fa-

274 2790 405 2818 cerent.
439 2785 600 2818 Foeminis
627 2785 718 2818 enim
746 2786 822 2829 plus
847 2785 984 2830 frigoris

646 221 910 253 VARIORUM
944 223 995 252 IN
1029 222 1103 252 ct..
1135 222 1319 254 CLAUD.
1352 223 1499 254 XVIII.

1016 317 1123 348 inesse
1155 328 1255 358 quam
1293 316 1446 348 nobiliori
1477 317 1575 348 sexui
1602 321 1722 349 notum

1017 368 1170 409 Physicis
1186 374 1221 400 et
1247 369 1461 400 Medicorum
1478 368 1565 400 filiis.
1603 368 1659 399 Ab
1675 369 1726 399 in·

1017 420 1094 450 nisis
1112 426 1225 451 autem
1250 420 1361 451 nervis
1384 420 1521 451 Abscissi
1543 419 1723 460 postmodo

1018 470 1218 501 dicebantur
1236 471 1404 502 Eunuchi.

1062 521 1214 560 Frigora]
1242 522 1329 552 Nam
1352 521 1444 552 calor
1461 520 1568 552 omnis
1586 519 1629 550 ad
1645 518 1725 550 viri-

1018 572 1083 601 lem
1100 578 1260 602 virtutem
1280 582 1346 602 una
1363 583 1438 602 vum
1463 571 1624 602 membris
1650 579 1726 601 sex-

1018 632 1073 652 um
1091 622 1292 653 facientibus
1311 622 1522 662 praeciditur.
1563 620 1681 652 Barth.

1061 676 1100 703 55
1128 672 1223 711 Fato]
1258 673 1368 703 Fatau
1398 671 1614 712 turpitudini.
1655 671 1727 701 Cri.

1018 733 1086 753 men
1095 723 1237 760 satorum
1255 723 1338 752 dicit
1355 723 1448 753 alibi.
1473 723 1569 752 Idem.

1063 775 1104 802 56
1129 772 1284 802 Mansisse
1300 771 1417 812 viram]
1441 773 1622 803 Eunuchus
1639 771 1728 802 enim

1020 823 1071 854 vir
1087 833 1153 854 non
1171 828 1235 854 est.
1265 824 1362 854 Idem.

1063 877 1103 905 58
1127 874 1267 915 Asc-uria>
1291 874 1472 905 commercia
1488 873 1581 914 ripce]
1605 874 1730 914 Empo-

1021 925 1105 956 rium
1123 924 1379 962 nobilissimum,
1396 924 1606 964 Babylonem
1631 924 1729 954 intel-

1019 976 1109 1016 ligit,
1126 986 1225 1017 quam
1240 976 1358 1006 urbem
1374 976 1519 1006 mediam
1537 975 1730 1016 Euphrates

1021 1026 1200 1058 interfluit.
1262 1027 1508 1065 Negotiatores
1548 1024 1731 1066 Babylonii

1023 1077 1175 1117 primarii
1193 1076 1356 1108 Asiaticae
1373 1077 1527 1108 luxuriae.
1563 1077 1661 1108 Idem.

1066 1131 1107 1158 59
1148 1128 1264 1158 Galata
1295 1129 1435 1168 ductare]
1473 1128 1503 1158 Ii
1536 1131 1731 1158 mercatura

1023 1178 1268 1217 mancipiorum
1288 1177 1430 1207 nobiles.
1463 1178 1560 1207 Idem.

1067 1230 1103 1257 61
1133 1227 1272 1257 Stabulis
1300 1227 1500 1266 Ptolemaeus]
1524 1228 1612 1258 Nam
1637 1225 1732 1257 fasti-

1025 1277 1076 1308 dit
1093 1277 1195 1307 etiam
1218 1277 1399 1307 Dominum
1418 1277 1612 1308 describere
1635 1277 1735 1308 Clau-

1026 1327 1158 1363 dianus,
1175 1333 1328 1358 extremo
1357 1332 1531 1358 contemtu
1558 1327 1734 1368 mancipii.

1025 1377 1158 1409 Stabula
1177 1379 1362 1409 Galatarum
1380 1379 1475 1409 dit-it.
1505 1379 1603 1410 Idem.

1069 1429 1209 1460 Stabulis
1232 1430 1420 1460 Ptolemaeus
1445 1430 1477 1460 Ξη
1504 1429 1584 1469 illis]
1611 1429 1736 1461 Tabulis

1026 1485 1172 1520 quatuor
1203 1479 1346 1520 εει-ἱρῆς
1390 1485 1427 1510 ut
1463 1480 1662 1520 conjecerat
1690 1481 1736 1511 V.

1027 1531 1078 1562 (ΣΙ.
1097 1530 1261 1561 Albertus
1279 1530 1477 1561 Rubenius:
1503 1530 1594 1571 quod
1615 1530 1738 1561 Clave-

1028 1580 1095 1611 rius
1108 1590 1242 1621 quoque
1263 1581 1297 1610 iu
1314 1581 1463 1611 editione
1480 1591 1540 1610 sua
1556 1580 1737 1620 expressit.

1028 1632 1170 1672 Supra,‘
1190 1632 1376 1672 quotjura,
1400 1636 1482 1672 quot
1506 1631 1562 1661 ille
1584 1630 1737 1662 Mutavit

1027 1682 1181 1714 tabulas)
1217 1683 1340 1713 Verior
1358 1688 1470 1712 tamen
1489 1682 1662 1721 scriptura
1680 1680 1738 1711 mi-

1027 1735 1070 1764 les
1093 1734 1219 1772 stabuli,
1247 1733 1416 1774 quomodo
1446 1732 1572 1772 primus
1598 1730 1735 1761 Vatica-

1027 1793 1088 1813 nus
1111 1792 1171 1821 pro
1193 1782 1330 1812 diversa
1352 1782 1511 1819 lectione,
1538 1785 1574 1811 ut
1600 1785 1635 1811 et
1658 1780 1738 1810 Far-

1029 1833 1185 1863 nesianus
1209 1843 1247 1863 ac
1269 1833 1477 1863 Pricaeanns.
1523 1830 1738 1863 Confirmant

1028 1884 1189 1913 Lucensis
1206 1883 1354 1922 optimus
1371 1892 1446 1911 cum
1465 1892 1530 1912 uno
1554 1881 1736 1913 Mediceo:

1030 1933 1119 1973 quod
1148 1942 1262 1962 verum
1289 1937 1359 1962 est:
1389 1931 1476 1961 iufra
1500 1941 1530 1962 v.
1560 1933 1632 1962 156.
1656 1941 1738 1972 quo-

1030 1983 1130 2013 modo
1145 1988 1298 2013 vetustus
1310 1981 1419 2012 codex
1435 1992 1442 2012 :
1467 1984 1476 1999 ‘
1491 1982 1533 2012 ab
1548 1981 1621 2011 imis
1633 1982 1740 2013 Evec-

1032 2040 1085 2064 tus
1103 2033 1242 2063 stabulis
1265 2042 1412 2063 summos
1430 2031 1555 2062 invasit
1571 2030 1739 2064 honores?

1032 2085 1077 2114 D.
1097 2084 1209 2114 Heius.

1074 2137 1116 2166 62
1142 2133 1285 2174 Pellicis]
1317 2133 1485 2173 Eunuchi,
1506 2141 1606 2175 quem
1636 2132 1740 2164 habe-

1031 2186 1091 2217 bat
1109 2196 1170 2226 pro
1187 2186 1257 2216 tali.

1076 2236 1202 2266 Pollu-is
1232 2235 1304 2275 usa]
1354 2234 1433 2266 Non
1465 2235 1558 2266 velut
1587 2234 1739 2275 propriae

1032 2286 1255 2327 possessione.
1303 2285 1411 2317 Uxori
1443 2286 1533 2317 enim
1564 2285 1741 2326 legitimae,

1033 2339 1195 2380 propriae,
1211 2343 1401 2379 perpetuae,
1423 2337 1579 2369 usuraria
1599 2336 1741 2377 opponi-

1033 2394 1099 2420 tur.
1129 2389 1246 2419 Barth.

1076 2441 1116 2469 63
1152 2438 1261 2469 Donat
1286 2436 1466 2476 Arinthoeo]
1509 2436 1586 2467 Hoc
1616 2445 1740 2467 nomeu

1034 2489 1125 2520 varie
1156 2488 1348 2529 legebatur,
1376 2487 1479 2518 etiam
1518 2487 1552 2517 in
1591 2487 1740 2527 antiquis

1033 2538 1133 2570 codd.
1152 2538 1217 2568 fuit
1233 2542 1345 2568 autem
1359 2536 1410 2567 vir
1426 2539 1543 2576 togata
1559 2540 1595 2567 et
1611 2540 1743 2566 armata

1034 2588 1154 2619 militia
1182 2587 1402 2626 clarissimus,
1430 2586 1473 2616 de
1499 2595 1564 2627 quo
1590 2585 1742 2617 Ammia-

1034 2647 1109 2676 nus,
1136 2637 1193 2667 lib.
1220 2645 1338 2667 xxvii.
1366 2640 1402 2666 et
1428 2635 1544 2666 Graeci
1573 2635 1742 2668 historici.

1036 2689 1098 2719 Est
1115 2697 1194 2718 saue
1211 2688 1360 2727 epistola
1377 2686 1468 2727 apud
1490 2686 1666 2727 Basiliam,
1681 2685 1742 2718 ubi

1035 2748 1127 2770 suam
1143 2738 1318 2769 tristitiam
1334 2746 1376 2768 ex
1387 2736 1555 2767 Arimuaei
1569 2740 1679 2767 morte
1692 2736 1742 2767 in-

1036 2790 1150 2830 dicat3
1182 2788 1211 2821 si
1238 2788 1377 2831 quidem
1391 2786 1446 2820 ‘ab
1469 2796 1510 2819 eo
1537 2796 1604 2819 nou
1634 2786 1742 2820 solum
