<?xml version="1.0" encoding="UTF-8"?>
<!DOCTYPE html PUBLIC "-//W3C//DTD XHTML 1.0 Transitional//EN"
    "http://www.w3.org/TR/xhtml1/DTD/xhtml1-transitional.dtd">
<html xmlns="http://www.w3.org/1999/xhtml" xml:lang="en" lang="en">
 <head>
  <title>
</title>
<meta http-equiv="Content-Type" content="text/html;charset=utf-8" />
  <meta name='ocr-system' content='tesseract 3.04.00' />
  <meta name='ocr-capabilities' content='ocr_page ocr_carea ocr_par ocr_line ocrx_word'/>
</head>
<body>
  <div class='ocr_page' id='page_1' title='image "./operaomniaexedit03clauuoft_0337.png"; bbox 0 0 1852 3182; ppageno 0'>
   <div class='ocr_carea' id='block_1_1' title="bbox 516 228 1077 258">
    <p class='ocr_par' dir='ltr' id='par_1_1' title="bbox 516 228 1077 258">
     <span class='ocr_line' id='line_1_1' title="bbox 516 228 1077 258; baseline -0.005 0"><span class='ocrx_word' id='word_1_1' title='bbox 516 228 578 258; x_wconf 81' lang='lat' dir='ltr'>DE</span> <span class='ocrx_word' id='word_1_2' title='bbox 612 228 684 257; x_wconf 83' lang='lat'>111.</span> <span class='ocrx_word' id='word_1_3' title='bbox 718 228 858 257; x_wconf 55' lang='lat' dir='ltr'>Cous.</span> <span class='ocrx_word' id='word_1_4' title='bbox 891 228 1077 258; x_wconf 74' lang='lat' dir='ltr'>HONOR.</span> 
     </span>
    </p>
   </div>
   <div class='ocr_carea' id='block_1_2' title="bbox 51 318 766 1813">
    <p class='ocr_par' dir='ltr' id='par_1_2' title="bbox 59 318 766 710">
     <span class='ocr_line' id='line_1_2' title="bbox 67 318 766 363; baseline -0.007 -10"><span class='ocrx_word' id='word_1_5' title='bbox 67 323 240 363; x_wconf 76' lang='lat' dir='ltr'>principes</span> <span class='ocrx_word' id='word_1_6' title='bbox 265 321 346 353; x_wconf 80' lang='lat' dir='ltr'>nihil</span> <span class='ocrx_word' id='word_1_7' title='bbox 373 330 436 351; x_wconf 89' lang='lat' dir='ltr'>non</span> <span class='ocrx_word' id='word_1_8' title='bbox 459 319 620 350; x_wconf 82' lang='lat' dir='ltr'>militibus</span> <span class='ocrx_word' id='word_1_9' title='bbox 648 322 685 349; x_wconf 89' lang='lat' dir='ltr'>et</span> <span class='ocrx_word' id='word_1_10' title='bbox 708 318 766 349; x_wconf 88' lang='lat' dir='ltr'>de-</span> 
     </span>
     <span class='ocr_line' id='line_1_3' title="bbox 65 369 766 404; baseline -0.007 0"><span class='ocrx_word' id='word_1_11' title='bbox 65 373 201 404; x_wconf 90' lang='lat' dir='ltr'>buerint</span> <span class='ocrx_word' id='word_1_12' title='bbox 217 377 251 402; x_wconf 92' lang='lat' dir='ltr'>et</span> <span class='ocrx_word' id='word_1_13' title='bbox 269 371 457 402; x_wconf 83' lang='lat' dir='ltr'>tribuerint.</span> <span class='ocrx_word' id='word_1_14' title='bbox 504 369 550 398; x_wconf 80' lang='lat' dir='ltr'>Ut</span> <span class='ocrx_word' id='word_1_15' title='bbox 570 377 645 399; x_wconf 84' lang='lat' dir='ltr'>rara</span> <span class='ocrx_word' id='word_1_16' title='bbox 662 378 713 398; x_wconf 89' lang='lat' dir='ltr'>res</span> <span class='ocrx_word' id='word_1_17' title='bbox 731 372 766 399; x_wconf 87' lang='lat' dir='ltr'>et</span> 
     </span>
     <span class='ocr_line' id='line_1_4' title="bbox 65 418 766 464; baseline -0.007 -11"><span class='ocrx_word' id='word_1_18' title='bbox 65 423 278 464; x_wconf 87' lang='lat' dir='ltr'>principibus</span> <span class='ocrx_word' id='word_1_19' title='bbox 295 421 365 451; x_wconf 84' lang='lat' dir='ltr'>fere</span> <span class='ocrx_word' id='word_1_20' title='bbox 391 420 578 459; x_wconf 71' lang='lat' dir='ltr'>periculosa</span> <span class='ocrx_word' id='word_1_21' title='bbox 594 418 697 449; x_wconf 81' lang='lat' dir='ltr'>fucrit</span> <span class='ocrx_word' id='word_1_22' title='bbox 712 419 766 449; x_wconf 70' lang='lat' dir='ltr'>Se-</span> 
     </span>
     <span class='ocr_line' id='line_1_5' title="bbox 64 469 766 512; baseline -0.009 -7"><span class='ocrx_word' id='word_1_23' title='bbox 64 479 180 504; x_wconf 86' lang='lat' dir='ltr'>natum</span> <span class='ocrx_word' id='word_1_24' title='bbox 194 470 368 512; x_wconf 78' lang='lat' dir='ltr'>dignitatis</span> <span class='ocrx_word' id='word_1_25' title='bbox 381 479 447 499; x_wconf 77' lang='lat' dir='ltr'>suae</span> <span class='ocrx_word' id='word_1_26' title='bbox 464 469 603 499; x_wconf 85' lang='lat' dir='ltr'>laudare</span> <span class='ocrx_word' id='word_1_27' title='bbox 620 469 671 499; x_wconf 90' lang='lat' dir='ltr'>vel</span> <span class='ocrx_word' id='word_1_28' title='bbox 690 477 766 499; x_wconf 89' lang='lat' dir='ltr'>auc-</span> 
     </span>
     <span class='ocr_line' id='line_1_6' title="bbox 63 520 765 558; baseline -0.009 -3"><span class='ocrx_word' id='word_1_29' title='bbox 63 528 172 554; x_wconf 79' lang='lat' dir='ltr'>torem</span> <span class='ocrx_word' id='word_1_30' title='bbox 190 524 241 553; x_wconf 87' lang='lat' dir='ltr'>vel</span> <span class='ocrx_word' id='word_1_31' title='bbox 259 521 422 552; x_wconf 75' lang='lat' dir='ltr'>fautorem</span> <span class='ocrx_word' id='word_1_32' title='bbox 438 530 446 558; x_wconf 89' lang='lat'>;</span> <span class='ocrx_word' id='word_1_33' title='bbox 473 525 508 549; x_wconf 91' lang='lat' dir='ltr'>ut</span> <span class='ocrx_word' id='word_1_34' title='bbox 523 520 544 550; x_wconf 91' lang='lat' dir='ltr'>ii</span> <span class='ocrx_word' id='word_1_35' title='bbox 561 524 680 550; x_wconf 87' lang='lat' dir='ltr'>contra</span> <span class='ocrx_word' id='word_1_36' title='bbox 697 520 765 549; x_wconf 90' lang='lat' dir='ltr'>lau·</span> 
     </span>
     <span class='ocr_line' id='line_1_7' title="bbox 62 569 765 612; baseline -0.009 -8"><span class='ocrx_word' id='word_1_37' title='bbox 62 574 135 604; x_wconf 87' lang='lat' dir='ltr'>dati</span> <span class='ocrx_word' id='word_1_38' title='bbox 158 581 260 612; x_wconf 87' lang='lat' dir='ltr'>supra</span> <span class='ocrx_word' id='word_1_39' title='bbox 282 579 397 601; x_wconf 87' lang='lat' dir='ltr'>omnes</span> <span class='ocrx_word' id='word_1_40' title='bbox 415 570 470 610; x_wconf 90' lang='lat' dir='ltr'>qui</span> <span class='ocrx_word' id='word_1_41' title='bbox 486 569 628 600; x_wconf 85' lang='lat' dir='ltr'>Senatui</span> <span class='ocrx_word' id='word_1_42' title='bbox 652 569 765 609; x_wconf 82' lang='lat' dir='ltr'>pristi·</span> 
     </span>
     <span class='ocr_line' id='line_1_8' title="bbox 61 619 764 660; baseline -0.009 -6"><span class='ocrx_word' id='word_1_43' title='bbox 61 632 138 654; x_wconf 75' lang='lat' dir='ltr'>nam</span> <span class='ocrx_word' id='word_1_44' title='bbox 162 621 412 659; x_wconf 85' lang='lat' dir='ltr'>auctoritatem,</span> <span class='ocrx_word' id='word_1_45' title='bbox 430 625 594 660; x_wconf 88' lang='lat' dir='ltr'>quantum</span> <span class='ocrx_word' id='word_1_46' title='bbox 623 620 655 649; x_wconf 90' lang='lat' dir='ltr'>in</span> <span class='ocrx_word' id='word_1_47' title='bbox 684 619 764 659; x_wconf 82' lang='lat' dir='ltr'>ipsis</span> 
     </span>
     <span class='ocr_line' id='line_1_9' title="bbox 59 671 384 710; baseline -0.009 -7"><span class='ocrx_word' id='word_1_48' title='bbox 59 672 132 710; x_wconf 79' lang='lat' dir='ltr'>fuit,</span> <span class='ocrx_word' id='word_1_49' title='bbox 149 671 384 702; x_wconf 87' lang='lat' dir='ltr'>restituerunt.</span> 
     </span>
    </p>

    <p class='ocr_par' dir='ltr' id='par_1_3' title="bbox 56 719 763 912">
     <span class='ocr_line' id='line_1_10' title="bbox 100 719 763 760; baseline -0.005 -7"><span class='ocrx_word' id='word_1_50' title='bbox 100 720 288 760; x_wconf 73' lang='lat' dir='ltr'>Succedunt]</span> <span class='ocrx_word' id='word_1_51' title='bbox 312 720 398 751; x_wconf 90' lang='lat' dir='ltr'>Post</span> <span class='ocrx_word' id='word_1_52' title='bbox 421 719 680 760; x_wconf 88' lang='lat' dir='ltr'>Rempublicam</span> <span class='ocrx_word' id='word_1_53' title='bbox 712 729 763 750; x_wconf 91' lang='lat' dir='ltr'>ar-</span> 
     </span>
     <span class='ocr_line' id='line_1_11' title="bbox 56 770 763 810; baseline -0.004 -7"><span class='ocrx_word' id='word_1_54' title='bbox 56 772 119 803; x_wconf 80' lang='lat' dir='ltr'>mis</span> <span class='ocrx_word' id='word_1_55' title='bbox 134 770 322 810; x_wconf 85' lang='lat' dir='ltr'>defensam,</span> <span class='ocrx_word' id='word_1_56' title='bbox 339 771 517 802; x_wconf 81' lang='lat' dir='ltr'>Senatoria</span> <span class='ocrx_word' id='word_1_57' title='bbox 534 775 568 801; x_wconf 85' lang='lat' dir='ltr'>et</span> <span class='ocrx_word' id='word_1_58' title='bbox 583 770 763 800; x_wconf 75' lang='lat' dir='ltr'>Consul-ari</span> 
     </span>
     <span class='ocr_line' id='line_1_12' title="bbox 57 820 762 860; baseline -0.001 -8"><span class='ocrx_word' id='word_1_59' title='bbox 57 821 260 852; x_wconf 82' lang='lat' dir='ltr'>auctoritate</span> <span class='ocrx_word' id='word_1_60' title='bbox 273 820 456 860; x_wconf 85' lang='lat' dir='ltr'>regendam</span> <span class='ocrx_word' id='word_1_61' title='bbox 475 820 572 857; x_wconf 88' lang='lat' dir='ltr'>dicit,</span> <span class='ocrx_word' id='word_1_62' title='bbox 589 825 625 850; x_wconf 91' lang='lat' dir='ltr'>ut</span> <span class='ocrx_word' id='word_1_63' title='bbox 643 820 762 860; x_wconf 76' lang='lat' dir='ltr'>priscis</span> 
     </span>
     <span class='ocr_line' id='line_1_13' title="bbox 59 870 657 912; baseline -0.002 -10"><span class='ocrx_word' id='word_1_64' title='bbox 59 875 172 912; x_wconf 70' lang='lat' dir='ltr'>aeqnet</span> <span class='ocrx_word' id='word_1_65' title='bbox 185 880 280 902; x_wconf 90' lang='lat' dir='ltr'>suum</span> <span class='ocrx_word' id='word_1_66' title='bbox 294 870 494 901; x_wconf 86' lang='lat' dir='ltr'>Honorium.</span> <span class='ocrx_word' id='word_1_67' title='bbox 540 870 657 901; x_wconf 70' lang='lat' dir='ltr'>Barth.</span> 
     </span>
    </p>

    <p class='ocr_par' dir='ltr' id='par_1_4' title="bbox 55 920 763 1061">
     <span class='ocr_line' id='line_1_14' title="bbox 99 920 763 961; baseline -0.005 -8"><span class='ocrx_word' id='word_1_68' title='bbox 99 920 290 960; x_wconf 79' lang='lat' dir='ltr'>Succedunt]</span> <span class='ocrx_word' id='word_1_69' title='bbox 312 921 352 951; x_wconf 88' lang='lat' dir='ltr'>Id</span> <span class='ocrx_word' id='word_1_70' title='bbox 371 921 472 952; x_wconf 83' lang='lat' dir='ltr'>aliter</span> <span class='ocrx_word' id='word_1_71' title='bbox 489 921 649 961; x_wconf 73' lang='lat' dir='ltr'>exprimit</span> <span class='ocrx_word' id='word_1_72' title='bbox 666 920 763 951; x_wconf 88' lang='lat' dir='ltr'>Sido·</span> 
     </span>
     <span class='ocr_line' id='line_1_15' title="bbox 58 971 762 1012; baseline -0.001 -10"><span class='ocrx_word' id='word_1_73' title='bbox 58 971 146 1011; x_wconf 88' lang='lat' dir='ltr'>nius,</span> <span class='ocrx_word' id='word_1_74' title='bbox 172 982 234 1002; x_wconf 91' lang='lat' dir='ltr'>nec</span> <span class='ocrx_word' id='word_1_75' title='bbox 265 971 373 1002; x_wconf 88' lang='lat' dir='ltr'>minus</span> <span class='ocrx_word' id='word_1_76' title='bbox 398 972 582 1012; x_wconf 82' lang='lat' dir='ltr'>praeclare:</span> <span class='ocrx_word' id='word_1_77' title='bbox 604 975 674 1011; x_wconf 81' lang='lat' dir='ltr'>post</span> <span class='ocrx_word' id='word_1_78' title='bbox 696 972 762 1011; x_wconf 84' lang='lat' dir='ltr'>pal-</span> 
     </span>
     <span class='ocr_line' id='line_1_16' title="bbox 55 1022 575 1061; baseline -0.002 -9"><span class='ocrx_word' id='word_1_79' title='bbox 55 1032 137 1052; x_wconf 84' lang='lat' dir='ltr'>mam</span> <span class='ocrx_word' id='word_1_80' title='bbox 151 1023 287 1061; x_wconf 80' lang='lat' dir='ltr'>palmata</span> <span class='ocrx_word' id='word_1_81' title='bbox 303 1022 395 1052; x_wconf 68' lang='lat' dir='ltr'>venit.</span> <span class='ocrx_word' id='word_1_82' title='bbox 441 1022 575 1052; x_wconf 85' lang='lat' dir='ltr'>Claver.</span> 
     </span>
    </p>

    <p class='ocr_par' dir='ltr' id='par_1_5' title="bbox 54 1070 760 1261">
     <span class='ocr_line' id='line_1_17' title="bbox 104 1070 759 1110; baseline -0.005 -8"><span class='ocrx_word' id='word_1_83' title='bbox 104 1071 249 1102; x_wconf 78' lang='lat' dir='ltr'>Tentoria</span> <span class='ocrx_word' id='word_1_84' title='bbox 264 1071 356 1101; x_wconf 80' lang='lat' dir='ltr'>lictor</span> <span class='ocrx_word' id='word_1_85' title='bbox 370 1070 514 1110; x_wconf 73' lang='lat' dir='ltr'>Ambiut]</span> <span class='ocrx_word' id='word_1_86' title='bbox 536 1071 581 1101; x_wconf 86' lang='lat' dir='ltr'>Ut</span> <span class='ocrx_word' id='word_1_87' title='bbox 597 1070 759 1101; x_wconf 81' lang='lat' dir='ltr'>Consules</span> 
     </span>
     <span class='ocr_line' id='line_1_18' title="bbox 54 1120 760 1161; baseline -0.003 -10"><span class='ocrx_word' id='word_1_88' title='bbox 54 1121 169 1161; x_wconf 82' lang='lat' dir='ltr'>prisci,</span> <span class='ocrx_word' id='word_1_89' title='bbox 186 1120 439 1160; x_wconf 82' lang='lat' dir='ltr'>expeditionem</span> <span class='ocrx_word' id='word_1_90' title='bbox 457 1121 657 1158; x_wconf 79' lang='lat' dir='ltr'>subeuntes,</span> <span class='ocrx_word' id='word_1_91' title='bbox 674 1121 760 1151; x_wconf 87' lang='lat' dir='ltr'>Con-</span> 
     </span>
     <span class='ocr_line' id='line_1_19' title="bbox 55 1169 760 1209; baseline -0.001 -8"><span class='ocrx_word' id='word_1_92' title='bbox 55 1170 222 1201; x_wconf 87' lang='lat' dir='ltr'>sularibus</span> <span class='ocrx_word' id='word_1_93' title='bbox 240 1169 424 1200; x_wconf 88' lang='lat' dir='ltr'>utebantur</span> <span class='ocrx_word' id='word_1_94' title='bbox 447 1169 635 1209; x_wconf 86' lang='lat' dir='ltr'>insignibus</span> <span class='ocrx_word' id='word_1_95' title='bbox 656 1169 760 1200; x_wconf 88' lang='lat' dir='ltr'>etiam</span> 
     </span>
     <span class='ocr_line' id='line_1_20' title="bbox 55 1219 524 1261; baseline 0 -11"><span class='ocrx_word' id='word_1_96' title='bbox 55 1219 145 1261; x_wconf 80' lang='lat' dir='ltr'>apud</span> <span class='ocrx_word' id='word_1_97' title='bbox 162 1219 365 1251; x_wconf 88' lang='lat' dir='ltr'>exercitum.</span> <span class='ocrx_word' id='word_1_98' title='bbox 409 1219 524 1250; x_wconf 80' lang='lat' dir='ltr'>Barth.</span> 
     </span>
    </p>

    <p class='ocr_par' dir='ltr' id='par_1_6' title="bbox 54 1268 760 1401">
     <span class='ocr_line' id='line_1_21' title="bbox 96 1268 760 1308; baseline -0.002 -8"><span class='ocrx_word' id='word_1_99' title='bbox 96 1272 117 1300; x_wconf 86' lang='lat'><strong>6</strong></span> <span class='ocrx_word' id='word_1_100' title='bbox 140 1269 241 1301; x_wconf 69' lang='lat' dir='ltr'>Latia</span> <span class='ocrx_word' id='word_1_101' title='bbox 265 1268 398 1308; x_wconf 82' lang='lat' dir='ltr'>secures]</span> <span class='ocrx_word' id='word_1_102' title='bbox 424 1268 620 1299; x_wconf 86' lang='lat' dir='ltr'>Consularis</span> <span class='ocrx_word' id='word_1_103' title='bbox 647 1273 760 1308; x_wconf 87' lang='lat' dir='ltr'>potes-</span> 
     </span>
     <span class='ocr_line' id='line_1_22' title="bbox 54 1319 759 1351; baseline -0.003 0"><span class='ocrx_word' id='word_1_104' title='bbox 54 1324 118 1351; x_wconf 82' lang='lat' dir='ltr'>tas.</span> <span class='ocrx_word' id='word_1_105' title='bbox 161 1320 267 1350; x_wconf 81' lang='lat' dir='ltr'>Velut</span> <span class='ocrx_word' id='word_1_106' title='bbox 291 1319 430 1350; x_wconf 86' lang='lat' dir='ltr'>decreto</span> <span class='ocrx_word' id='word_1_107' title='bbox 455 1319 598 1349; x_wconf 85' lang='lat' dir='ltr'>Patrum</span> <span class='ocrx_word' id='word_1_108' title='bbox 620 1319 759 1350; x_wconf 89' lang='lat' dir='ltr'>Consuli</span> 
     </span>
     <span class='ocr_line' id='line_1_23' title="bbox 54 1369 558 1401; baseline -0.002 -1"><span class='ocrx_word' id='word_1_109' title='bbox 54 1370 154 1401; x_wconf 85' lang='lat' dir='ltr'>datus</span> <span class='ocrx_word' id='word_1_110' title='bbox 172 1370 216 1400; x_wconf 88' lang='lat' dir='ltr'>sit</span> <span class='ocrx_word' id='word_1_111' title='bbox 231 1369 413 1400; x_wconf 90' lang='lat' dir='ltr'>exercitus.</span> <span class='ocrx_word' id='word_1_112' title='bbox 459 1369 558 1399; x_wconf 85' lang='lat' dir='ltr'>Idem.</span> 
     </span>
    </p>

    <p class='ocr_par' dir='ltr' id='par_1_7' title="bbox 51 1418 759 1709">
     <span class='ocr_line' id='line_1_24' title="bbox 97 1418 758 1460; baseline -0.002 -10"><span class='ocrx_word' id='word_1_113' title='bbox 97 1422 115 1450; x_wconf 86' lang='grc'><strong>7</strong></span> <span class='ocrx_word' id='word_1_114' title='bbox 144 1420 259 1460; x_wconf 80' lang='lat' dir='ltr'>Tuque,</span> <span class='ocrx_word' id='word_1_115' title='bbox 275 1429 304 1457; x_wconf 91' lang='lat' dir='ltr'>o,</span> <span class='ocrx_word' id='word_1_116' title='bbox 327 1419 380 1458; x_wconf 83' lang='lat' dir='ltr'>qui</span> <span class='ocrx_word' id='word_1_117' title='bbox 403 1418 557 1458; x_wconf 82' lang='lat' dir='ltr'>patrium]</span> <span class='ocrx_word' id='word_1_118' title='bbox 580 1419 758 1450; x_wconf 87' lang='lat' dir='ltr'>Exclama-</span> 
     </span>
     <span class='ocr_line' id='line_1_25' title="bbox 55 1469 759 1509; baseline -0.001 -8"><span class='ocrx_word' id='word_1_119' title='bbox 55 1470 103 1502; x_wconf 84' lang='lat' dir='ltr'>tio</span> <span class='ocrx_word' id='word_1_120' title='bbox 131 1476 190 1500; x_wconf 84' lang='lat' dir='ltr'>aut</span> <span class='ocrx_word' id='word_1_121' title='bbox 216 1469 411 1500; x_wconf 85' lang='lat' dir='ltr'>inclamatio</span> <span class='ocrx_word' id='word_1_122' title='bbox 444 1469 602 1509; x_wconf 72' lang='lat' dir='ltr'>poetica,</span> <span class='ocrx_word' id='word_1_123' title='bbox 633 1470 759 1501; x_wconf 79' lang='lat' dir='ltr'>usitata</span> 
     </span>
     <span class='ocr_line' id='line_1_26' title="bbox 55 1518 758 1559; baseline 0.001 -9"><span class='ocrx_word' id='word_1_124' title='bbox 55 1530 131 1551; x_wconf 88' lang='lat' dir='ltr'>cum</span> <span class='ocrx_word' id='word_1_125' title='bbox 161 1518 204 1550; x_wconf 87' lang='lat' dir='ltr'>ad</span> <span class='ocrx_word' id='word_1_126' title='bbox 230 1519 395 1559; x_wconf 85' lang='lat' dir='ltr'>insignem</span> <span class='ocrx_word' id='word_1_127' title='bbox 432 1528 613 1559; x_wconf 84' lang='lat' dir='ltr'>personam</span> <span class='ocrx_word' id='word_1_128' title='bbox 644 1529 695 1550; x_wconf 89' lang='lat' dir='ltr'>res</span> <span class='ocrx_word' id='word_1_129' title='bbox 723 1525 758 1551; x_wconf 92' lang='lat' dir='ltr'>et</span> 
     </span>
     <span class='ocr_line' id='line_1_27' title="bbox 55 1567 757 1601; baseline 0 0"><span class='ocrx_word' id='word_1_130' title='bbox 55 1570 166 1601; x_wconf 83' lang='lat' dir='ltr'>oratio</span> <span class='ocrx_word' id='word_1_131' title='bbox 192 1567 397 1600; x_wconf 80' lang='lat' dir='ltr'>deflectitur.</span> <span class='ocrx_word' id='word_1_132' title='bbox 422 1570 537 1600; x_wconf 85' lang='lat' dir='ltr'>Valer.</span> <span class='ocrx_word' id='word_1_133' title='bbox 555 1570 670 1601; x_wconf 87' lang='lat' dir='ltr'>Flacc.</span> <span class='ocrx_word' id='word_1_134' title='bbox 692 1571 715 1600; x_wconf 94' lang='lat' dir='ltr'>l.</span> <span class='ocrx_word' id='word_1_135' title='bbox 732 1579 757 1601; x_wconf 85' lang='lat'>1.</span> 
     </span>
     <span class='ocr_line' id='line_1_28' title="bbox 51 1620 758 1661; baseline 0.001 -10"><span class='ocrx_word' id='word_1_136' title='bbox 51 1621 59 1637; x_wconf 92' lang='lat'>‘</span> <span class='ocrx_word' id='word_1_137' title='bbox 78 1621 211 1661; x_wconf 87' lang='lat' dir='ltr'>Tuque,</span> <span class='ocrx_word' id='word_1_138' title='bbox 238 1628 270 1659; x_wconf 89' lang='lat'>0,</span> <span class='ocrx_word' id='word_1_139' title='bbox 299 1620 411 1660; x_wconf 85' lang='lat' dir='ltr'>pelagi</span> <span class='ocrx_word' id='word_1_140' title='bbox 438 1620 493 1650; x_wconf 90' lang='lat' dir='ltr'>cui</span> <span class='ocrx_word' id='word_1_141' title='bbox 516 1620 622 1660; x_wconf 90' lang='lat' dir='ltr'>major</span> <span class='ocrx_word' id='word_1_142' title='bbox 647 1621 758 1661; x_wconf 84' lang='lat' dir='ltr'>aperti</span> 
     </span>
     <span class='ocr_line' id='line_1_29' title="bbox 53 1669 260 1709; baseline 0 -8"><span class='ocrx_word' id='word_1_143' title='bbox 53 1669 181 1709; x_wconf 81' lang='lat' dir='ltr'>Fama,’</span> <span class='ocrx_word' id='word_1_144' title='bbox 196 1672 260 1701; x_wconf 73' lang='grc' dir='ltr'>διο.</span> 
     </span>
    </p>

    <p class='ocr_par' dir='ltr' id='par_1_8' title="bbox 52 1719 758 1813">
     <span class='ocr_line' id='line_1_30' title="bbox 95 1719 758 1761; baseline -0.002 -10"><span class='ocrx_word' id='word_1_145' title='bbox 95 1720 242 1751; x_wconf 79' lang='lat' dir='ltr'>Patrium</span> <span class='ocrx_word' id='word_1_146' title='bbox 265 1719 382 1761; x_wconf 85' lang='lat' dir='ltr'>orbem]</span> <span class='ocrx_word' id='word_1_147' title='bbox 416 1719 604 1760; x_wconf 89' lang='lat' dir='ltr'>Imperium</span> <span class='ocrx_word' id='word_1_148' title='bbox 634 1719 758 1751; x_wconf 84' lang='lat' dir='ltr'>Roma-</span> 
     </span>
     <span class='ocr_line' id='line_1_31' title="bbox 52 1771 758 1813; baseline -0.001 -10"><span class='ocrx_word' id='word_1_149' title='bbox 52 1782 144 1812; x_wconf 88' lang='lat' dir='ltr'>num,</span> <span class='ocrx_word' id='word_1_150' title='bbox 159 1771 261 1813; x_wconf 90' lang='lat' dir='ltr'>quod,</span> <span class='ocrx_word' id='word_1_151' title='bbox 283 1772 469 1803; x_wconf 83' lang='lat' dir='ltr'>ambitione</span> <span class='ocrx_word' id='word_1_152' title='bbox 496 1772 670 1813; x_wconf 80' lang='lat' dir='ltr'>loquendi,</span> <span class='ocrx_word' id='word_1_153' title='bbox 695 1771 758 1804; x_wconf 89' lang='lat' dir='ltr'>Or-</span> 
     </span>
    </p>
   </div>
   <div class='ocr_carea' id='block_1_3' title="bbox 3 1821 759 1854">
    <p class='ocr_par' dir='ltr' id='par_1_9' title="bbox 3 1821 759 1854">
     <span class='ocr_line' id='line_1_32' title="bbox 3 1821 759 1854; baseline 0.001 -1"><span class='ocrx_word' id='word_1_154' title='bbox 3 1828 7 1832; x_wconf 91' lang='grc'><em>·</em></span> <span class='ocrx_word' id='word_1_155' title='bbox 53 1822 131 1853; x_wconf 86' lang='lat' dir='ltr'>bem</span> <span class='ocrx_word' id='word_1_156' title='bbox 162 1827 331 1853; x_wconf 89' lang='lat' dir='ltr'>terrarum</span> <span class='ocrx_word' id='word_1_157' title='bbox 370 1821 574 1852; x_wconf 88' lang='lat' dir='ltr'>Universum</span> <span class='ocrx_word' id='word_1_158' title='bbox 604 1822 759 1854; x_wconf 81' lang='lat' dir='ltr'>denotat.</span> 
     </span>
    </p>
   </div>
   <div class='ocr_carea' id='block_1_4' title="bbox 52 1872 761 2816">
    <p class='ocr_par' dir='ltr' id='par_1_10' title="bbox 54 1872 170 1904">
     <span class='ocr_line' id='line_1_33' title="bbox 54 1872 170 1904; baseline -0.009 0"><span class='ocrx_word' id='word_1_159' title='bbox 54 1872 170 1904; x_wconf 77' lang='lat' dir='ltr'>Barth.</span> 
     </span>
    </p>

    <p class='ocr_par' dir='ltr' id='par_1_11' title="bbox 52 1920 759 2156">
     <span class='ocr_line' id='line_1_34' title="bbox 96 1920 758 1962; baseline -0.003 -8"><span class='ocrx_word' id='word_1_160' title='bbox 96 1925 117 1954; x_wconf 89' lang='grc'>8</span> <span class='ocrx_word' id='word_1_161' title='bbox 141 1923 207 1954; x_wconf 85' lang='lat' dir='ltr'>Eoo</span> <span class='ocrx_word' id='word_1_162' title='bbox 222 1920 421 1962; x_wconf 81' lang='lat' dir='ltr'>cumfratre]</span> <span class='ocrx_word' id='word_1_163' title='bbox 435 1921 570 1953; x_wconf 89' lang='lat' dir='ltr'>Alludit</span> <span class='ocrx_word' id='word_1_164' title='bbox 581 1921 679 1953; x_wconf 88' lang='lat' dir='ltr'>simul</span> <span class='ocrx_word' id='word_1_165' title='bbox 693 1932 758 1953; x_wconf 89' lang='lat' dir='ltr'>am-</span> 
     </span>
     <span class='ocr_line' id='line_1_35' title="bbox 52 1972 758 2004; baseline -0.001 0"><span class='ocrx_word' id='word_1_166' title='bbox 52 1973 113 2004; x_wconf 86' lang='lat' dir='ltr'>bos</span> <span class='ocrx_word' id='word_1_167' title='bbox 127 1972 303 2003; x_wconf 89' lang='lat' dir='ltr'>Consules.</span> <span class='ocrx_word' id='word_1_168' title='bbox 350 1972 507 2003; x_wconf 88' lang='lat' dir='ltr'>Tertium</span> <span class='ocrx_word' id='word_1_169' title='bbox 533 1972 622 2003; x_wconf 86' lang='lat' dir='ltr'>enim</span> <span class='ocrx_word' id='word_1_170' title='bbox 641 1972 758 2003; x_wconf 89' lang='lat' dir='ltr'>Hono—</span> 
     </span>
     <span class='ocr_line' id='line_1_36' title="bbox 54 2022 759 2064; baseline 0.001 -10"><span class='ocrx_word' id='word_1_171' title='bbox 54 2024 105 2054; x_wconf 88' lang='lat' dir='ltr'>rio</span> <span class='ocrx_word' id='word_1_172' title='bbox 132 2024 166 2053; x_wconf 89' lang='lat' dir='ltr'>in</span> <span class='ocrx_word' id='word_1_173' title='bbox 191 2022 398 2062; x_wconf 85' lang='lat' dir='ltr'>Occidente,</span> <span class='ocrx_word' id='word_1_174' title='bbox 421 2028 578 2064; x_wconf 89' lang='lat' dir='ltr'>quartum</span> <span class='ocrx_word' id='word_1_175' title='bbox 599 2024 759 2055; x_wconf 88' lang='lat' dir='ltr'>Consula-</span> 
     </span>
     <span class='ocr_line' id='line_1_37' title="bbox 55 2073 757 2113; baseline 0.001 -9"><span class='ocrx_word' id='word_1_176' title='bbox 55 2079 125 2104; x_wconf 90' lang='lat' dir='ltr'>tum</span> <span class='ocrx_word' id='word_1_177' title='bbox 140 2073 173 2104; x_wconf 89' lang='lat' dir='ltr'>in</span> <span class='ocrx_word' id='word_1_178' title='bbox 191 2073 336 2105; x_wconf 88' lang='lat' dir='ltr'>Oriente</span> <span class='ocrx_word' id='word_1_179' title='bbox 360 2082 420 2104; x_wconf 84' lang='lat' dir='ltr'>suo</span> <span class='ocrx_word' id='word_1_180' title='bbox 445 2073 551 2113; x_wconf 83' lang='lat' dir='ltr'>gessit</span> <span class='ocrx_word' id='word_1_181' title='bbox 576 2073 757 2106; x_wconf 84' lang='lat' dir='ltr'>Arcadius.</span> 
     </span>
     <span class='ocr_line' id='line_1_38' title="bbox 56 2125 156 2156; baseline -0.01 0"><span class='ocrx_word' id='word_1_182' title='bbox 56 2125 156 2156; x_wconf 86' lang='lat' dir='ltr'>Idem.</span> 
     </span>
    </p>

    <p class='ocr_par' dir='ltr' id='par_1_12' title="bbox 53 2174 760 2408">
     <span class='ocr_line' id='line_1_39' title="bbox 100 2174 760 2215; baseline 0.002 -10"><span class='ocrx_word' id='word_1_183' title='bbox 100 2177 141 2205; x_wconf 91' lang='grc'>10</span> <span class='ocrx_word' id='word_1_184' title='bbox 175 2174 252 2215; x_wconf 74' lang='lat' dir='ltr'>Spes</span> <span class='ocrx_word' id='word_1_185' title='bbox 277 2177 438 2214; x_wconf 80' lang='lat' dir='ltr'>columque</span> <span class='ocrx_word' id='word_1_186' title='bbox 472 2174 553 2214; x_wconf 82' lang='lat' dir='ltr'>poli]</span> <span class='ocrx_word' id='word_1_187' title='bbox 598 2175 760 2206; x_wconf 81' lang='lat' dir='ltr'>Formula</span> 
     </span>
     <span class='ocr_line' id='line_1_40' title="bbox 54 2224 760 2257; baseline 0.003 -2"><span class='ocrx_word' id='word_1_188' title='bbox 54 2225 148 2256; x_wconf 83' lang='lat' dir='ltr'>velut</span> <span class='ocrx_word' id='word_1_189' title='bbox 166 2224 445 2256; x_wconf 81' lang='lat' dir='ltr'>Acclamationis.</span> <span class='ocrx_word' id='word_1_190' title='bbox 486 2226 585 2257; x_wconf 88' lang='lat' dir='ltr'>Maro</span> <span class='ocrx_word' id='word_1_191' title='bbox 600 2225 642 2257; x_wconf 85' lang='lat' dir='ltr'>dc</span> <span class='ocrx_word' id='word_1_192' title='bbox 657 2226 760 2257; x_wconf 89' lang='lat' dir='ltr'>Asca-</span> 
     </span>
     <span class='ocr_line' id='line_1_41' title="bbox 53 2275 758 2315; baseline 0.003 -9"><span class='ocrx_word' id='word_1_193' title='bbox 53 2275 110 2306; x_wconf 89' lang='lat' dir='ltr'>nio</span> <span class='ocrx_word' id='word_1_194' title='bbox 136 2285 179 2306; x_wconf 85' lang='lat' dir='ltr'>ex</span> <span class='ocrx_word' id='word_1_195' title='bbox 207 2275 394 2315; x_wconf 82' lang='lat' dir='ltr'>Ciceronis,</span> <span class='ocrx_word' id='word_1_196' title='bbox 421 2280 458 2307; x_wconf 92' lang='lat' dir='ltr'>nt</span> <span class='ocrx_word' id='word_1_197' title='bbox 476 2277 605 2315; x_wconf 85' lang='lat' dir='ltr'>volunt,</span> <span class='ocrx_word' id='word_1_198' title='bbox 626 2277 758 2308; x_wconf 85' lang='lat' dir='ltr'>verbis:</span> 
     </span>
     <span class='ocr_line' id='line_1_42' title="bbox 54 2326 760 2368; baseline 0.003 -11"><span class='ocrx_word' id='word_1_199' title='bbox 54 2326 63 2343; x_wconf 93' lang='lat'>‘</span> <span class='ocrx_word' id='word_1_200' title='bbox 82 2327 220 2367; x_wconf 73' lang='lat' dir='ltr'>Magnae</span> <span class='ocrx_word' id='word_1_201' title='bbox 237 2337 314 2368; x_wconf 85' lang='lat' dir='ltr'>spes</span> <span class='ocrx_word' id='word_1_202' title='bbox 334 2328 443 2359; x_wconf 85' lang='lat' dir='ltr'>altera</span> <span class='ocrx_word' id='word_1_203' title='bbox 459 2329 597 2359; x_wconf 73' lang='lat' dir='ltr'>Romae.’</span> <span class='ocrx_word' id='word_1_204' title='bbox 621 2329 760 2367; x_wconf 79' lang='lat' dir='ltr'>Votum,</span> 
     </span>
     <span class='ocr_line' id='line_1_43' title="bbox 54 2375 400 2408; baseline 0.003 -1"><span class='ocrx_word' id='word_1_205' title='bbox 54 2375 273 2408; x_wconf 87' lang='lat' dir='ltr'>desiderium.</span> <span class='ocrx_word' id='word_1_206' title='bbox 300 2378 400 2408; x_wconf 92' lang='lat' dir='ltr'>Idem.</span> 
     </span>
    </p>

    <p class='ocr_par' dir='ltr' id='par_1_13' title="bbox 54 2425 761 2816">
     <span class='ocr_line' id='line_1_44' title="bbox 96 2425 760 2468; baseline 0.002 -11"><span class='ocrx_word' id='word_1_207' title='bbox 96 2425 174 2467; x_wconf 81' lang='lat' dir='ltr'>Spes</span> <span class='ocrx_word' id='word_1_208' title='bbox 186 2431 346 2467; x_wconf 74' lang='lat' dir='ltr'>votumque</span> <span class='ocrx_word' id='word_1_209' title='bbox 358 2427 438 2468; x_wconf 80' lang='lat' dir='ltr'>poli]</span> <span class='ocrx_word' id='word_1_210' title='bbox 474 2427 566 2459; x_wconf 89' lang='lat' dir='ltr'>Huic</span> <span class='ocrx_word' id='word_1_211' title='bbox 589 2427 662 2459; x_wconf 91' lang='lat' dir='ltr'>loco</span> <span class='ocrx_word' id='word_1_212' title='bbox 692 2428 760 2468; x_wconf 87' lang='lat' dir='ltr'>pla-</span> 
     </span>
     <span class='ocr_line' id='line_1_45' title="bbox 54 2477 758 2517; baseline 0.004 -11"><span class='ocrx_word' id='word_1_213' title='bbox 54 2483 97 2506; x_wconf 89' lang='lat' dir='ltr'>ne</span> <span class='ocrx_word' id='word_1_214' title='bbox 112 2477 353 2508; x_wconf 81' lang='lat' dir='ltr'>convenientia</span> <span class='ocrx_word' id='word_1_215' title='bbox 369 2477 510 2517; x_wconf 86' lang='lat' dir='ltr'>legimus</span> <span class='ocrx_word' id='word_1_216' title='bbox 534 2478 567 2507; x_wconf 90' lang='lat' dir='ltr'>in</span> <span class='ocrx_word' id='word_1_217' title='bbox 594 2477 758 2509; x_wconf 79' lang='lat' dir='ltr'>Oratione</span> 
     </span>
     <span class='ocr_line' id='line_1_46' title="bbox 56 2525 759 2567; baseline 0.004 -10"><span class='ocrx_word' id='word_1_218' title='bbox 56 2525 255 2558; x_wconf 89' lang='lat' dir='ltr'>Commodi:</span> <span class='ocrx_word' id='word_1_219' title='bbox 277 2527 287 2544; x_wconf 93' lang='lat'>‘</span> <span class='ocrx_word' id='word_1_220' title='bbox 306 2528 406 2559; x_wconf 90' lang='lat' dir='ltr'>Nunc</span> <span class='ocrx_word' id='word_1_221' title='bbox 424 2538 477 2558; x_wconf 84' lang='lat' dir='ltr'>me</span> <span class='ocrx_word' id='word_1_222' title='bbox 496 2528 603 2567; x_wconf 85' lang='lat' dir='ltr'>vobis,</span> <span class='ocrx_word' id='word_1_223' title='bbox 619 2527 759 2560; x_wconf 83' lang='lat' dir='ltr'>fortissi-</span> 
     </span>
     <span class='ocr_line' id='line_1_47' title="bbox 55 2577 759 2619; baseline 0.006 -13"><span class='ocrx_word' id='word_1_224' title='bbox 55 2577 101 2607; x_wconf 90' lang='lat' dir='ltr'>mi</span> <span class='ocrx_word' id='word_1_225' title='bbox 128 2578 269 2617; x_wconf 81' lang='lat' dir='ltr'>militeS,</span> <span class='ocrx_word' id='word_1_226' title='bbox 294 2578 444 2610; x_wconf 85' lang='lat' dir='ltr'>Fortuna</span> <span class='ocrx_word' id='word_1_227' title='bbox 481 2579 670 2619; x_wconf 79' lang='lat' dir='ltr'>principem</span> <span class='ocrx_word' id='word_1_228' title='bbox 702 2579 759 2610; x_wconf 88' lang='lat' dir='ltr'>de-</span> 
     </span>
     <span class='ocr_line' id='line_1_48' title="bbox 54 2624 758 2669; baseline 0.006 -13"><span class='ocrx_word' id='word_1_229' title='bbox 54 2624 172 2658; x_wconf 84' lang='lat' dir='ltr'>functo</span> <span class='ocrx_word' id='word_1_230' title='bbox 200 2632 311 2668; x_wconf 80' lang='lat' dir='ltr'>patre,</span> <span class='ocrx_word' id='word_1_231' title='bbox 343 2638 411 2659; x_wconf 88' lang='lat' dir='ltr'>non</span> <span class='ocrx_word' id='word_1_232' title='bbox 446 2629 580 2669; x_wconf 87' lang='lat' dir='ltr'>quidem</span> <span class='ocrx_word' id='word_1_233' title='bbox 610 2629 758 2660; x_wconf 85' lang='lat' dir='ltr'>electum</span> 
     </span>
     <span class='ocr_line' id='line_1_49' title="bbox 57 2676 760 2721; baseline 0.007 -15"><span class='ocrx_word' id='word_1_234' title='bbox 57 2676 162 2707; x_wconf 91' lang='lat' dir='ltr'>sedin</span> <span class='ocrx_word' id='word_1_235' title='bbox 179 2679 302 2718; x_wconf 87' lang='lat' dir='ltr'>palatio</span> <span class='ocrx_word' id='word_1_236' title='bbox 318 2684 432 2710; x_wconf 88' lang='lat' dir='ltr'>natum</span> <span class='ocrx_word' id='word_1_237' title='bbox 449 2686 550 2721; x_wconf 87' lang='lat' dir='ltr'>atque</span> <span class='ocrx_word' id='word_1_238' title='bbox 567 2680 760 2720; x_wconf 83' lang='lat' dir='ltr'>educatum,</span> 
     </span>
     <span class='ocr_line' id='line_1_50' title="bbox 56 2725 761 2771; baseline 0.01 -16"><span class='ocrx_word' id='word_1_239' title='bbox 56 2725 164 2766; x_wconf 85' lang='lat' dir='ltr'>dedit,</span> <span class='ocrx_word' id='word_1_240' title='bbox 175 2731 213 2758; x_wconf 89' lang='lat' dir='ltr'>ut</span> <span class='ocrx_word' id='word_1_241' title='bbox 224 2727 281 2767; x_wconf 88' lang='lat' dir='ltr'>qui</span> <span class='ocrx_word' id='word_1_242' title='bbox 293 2737 357 2759; x_wconf 87' lang='lat' dir='ltr'>nec</span> <span class='ocrx_word' id='word_1_243' title='bbox 369 2730 401 2759; x_wconf 90' lang='lat' dir='ltr'>in</span> <span class='ocrx_word' id='word_1_244' title='bbox 412 2729 550 2770; x_wconf 87' lang='lat' dir='ltr'>plebeiis</span> <span class='ocrx_word' id='word_1_245' title='bbox 561 2730 648 2771; x_wconf 86' lang='lat' dir='ltr'>vagii</span> <span class='ocrx_word' id='word_1_246' title='bbox 661 2740 761 2762; x_wconf 87' lang='lat' dir='ltr'>cuna-</span> 
     </span>
     <span class='ocr_line' id='line_1_51' title="bbox 55 2775 760 2816; baseline 0.01 -10"><span class='ocrx_word' id='word_1_247' title='bbox 55 2775 143 2807; x_wconf 81' lang='lat' dir='ltr'>bulis</span> <span class='ocrx_word' id='word_1_248' title='bbox 156 2787 165 2816; x_wconf 84' lang='lat'>;</span> <span class='ocrx_word' id='word_1_249' title='bbox 181 2777 280 2808; x_wconf 80' lang='lat' dir='ltr'>simul</span> <span class='ocrx_word' id='word_1_250' title='bbox 299 2777 389 2810; x_wconf 87' lang='lat' dir='ltr'>enim</span> <span class='ocrx_word' id='word_1_251' title='bbox 405 2783 514 2811; x_wconf 85' lang='lat' dir='ltr'>mater</span> <span class='ocrx_word' id='word_1_252' title='bbox 529 2789 583 2812; x_wconf 84' lang='lat' dir='ltr'>me</span> <span class='ocrx_word' id='word_1_253' title='bbox 599 2780 633 2811; x_wconf 92' lang='lat' dir='ltr'>in</span> <span class='ocrx_word' id='word_1_254' title='bbox 648 2781 760 2813; x_wconf 79' lang='lat' dir='ltr'>lucem</span> 
     </span>
    </p>
   </div>
   <div class='ocr_carea' id='block_1_5' title="bbox 1408 223 1521 264">
    <p class='ocr_par' dir='ltr' id='par_1_14' title="bbox 1408 223 1521 264">
     <span class='ocr_line' id='line_1_52' title="bbox 1408 223 1521 264; baseline 0.018 -2"><span class='ocrx_word' id='word_1_255' title='bbox 1408 223 1521 264; x_wconf 80' lang='lat'>1:309</span> 
     </span>
    </p>
   </div>
   <div class='ocr_carea' id='block_1_6' title="bbox 808 319 1522 2818">
    <p class='ocr_par' dir='ltr' id='par_1_15' title="bbox 816 319 1521 461">
     <span class='ocr_line' id='line_1_53' title="bbox 817 319 1518 365; baseline 0.011 -16"><span class='ocrx_word' id='word_1_256' title='bbox 817 319 937 355; x_wconf 78' lang='lat' dir='ltr'>edidit,</span> <span class='ocrx_word' id='word_1_257' title='bbox 970 324 1064 350; x_wconf 80' lang='lat' dir='ltr'>veste</span> <span class='ocrx_word' id='word_1_258' title='bbox 1090 320 1257 361; x_wconf 68' lang='lat' dir='ltr'>imperiali</span> <span class='ocrx_word' id='word_1_259' title='bbox 1278 324 1418 355; x_wconf 76' lang='lat' dir='ltr'>amictus</span> <span class='ocrx_word' id='word_1_260' title='bbox 1435 336 1518 365; x_wconf 80' lang='lat' dir='ltr'>sum,</span> 
     </span>
     <span class='ocr_line' id='line_1_54' title="bbox 817 369 1521 414; baseline 0.013 -16"><span class='ocrx_word' id='word_1_261' title='bbox 817 369 1005 410; x_wconf 75' lang='lat' dir='ltr'>codemque</span> <span class='ocrx_word' id='word_1_262' title='bbox 1022 376 1194 401; x_wconf 86' lang='lat' dir='ltr'>momento</span> <span class='ocrx_word' id='word_1_263' title='bbox 1220 381 1272 401; x_wconf 85' lang='lat' dir='ltr'>me</span> <span class='ocrx_word' id='word_1_264' title='bbox 1287 372 1342 403; x_wconf 82' lang='lat' dir='ltr'>Sol</span> <span class='ocrx_word' id='word_1_265' title='bbox 1361 374 1413 404; x_wconf 84' lang='lat' dir='ltr'>liic</span> <span class='ocrx_word' id='word_1_266' title='bbox 1431 378 1521 414; x_wconf 88' lang='lat' dir='ltr'>prin-</span> 
     </span>
     <span class='ocr_line' id='line_1_55' title="bbox 816 419 1520 461; baseline 0.011 -12"><span class='ocrx_word' id='word_1_267' title='bbox 816 419 927 459; x_wconf 89' lang='lat' dir='ltr'>cipem</span> <span class='ocrx_word' id='word_1_268' title='bbox 944 425 1044 461; x_wconf 88' lang='lat' dir='ltr'>atque</span> <span class='ocrx_word' id='word_1_269' title='bbox 1061 421 1230 452; x_wconf 83' lang='lat' dir='ltr'>homiuem</span> <span class='ocrx_word' id='word_1_270' title='bbox 1250 422 1354 453; x_wconf 86' lang='lat' dir='ltr'>vidit.&#39;</span> <span class='ocrx_word' id='word_1_271' title='bbox 1397 425 1520 457; x_wconf 70' lang='lat' dir='ltr'>Ctaver.</span> 
     </span>
    </p>

    <p class='ocr_par' dir='ltr' id='par_1_16' title="bbox 814 470 1522 811">
     <span class='ocr_line' id='line_1_56' title="bbox 861 470 1519 512; baseline 0.011 -13"><span class='ocrx_word' id='word_1_272' title='bbox 861 470 969 500; x_wconf 73' lang='lat' dir='ltr'>Primo</span> <span class='ocrx_word' id='word_1_273' title='bbox 984 481 1003 501; x_wconf 84' lang='grc' dir='ltr'><strong>α</strong></span> <span class='ocrx_word' id='word_1_274' title='bbox 1023 472 1128 501; x_wconf 79' lang='lat' dir='ltr'>limine</span> <span class='ocrx_word' id='word_1_275' title='bbox 1153 471 1241 511; x_wconf 68' lang='lat' dir='ltr'>titre]</span> <span class='ocrx_word' id='word_1_276' title='bbox 1282 473 1374 503; x_wconf 83' lang='lat' dir='ltr'>Malo</span> <span class='ocrx_word' id='word_1_277' title='bbox 1399 475 1519 512; x_wconf 75' lang='lat' dir='ltr'>primoe.</span> 
     </span>
     <span class='ocr_line' id='line_1_57' title="bbox 815 519 1519 565; baseline 0.011 -17"><span class='ocrx_word' id='word_1_278' title='bbox 815 519 864 549; x_wconf 84' lang='lat' dir='ltr'>sie</span> <span class='ocrx_word' id='word_1_279' title='bbox 893 521 981 560; x_wconf 84' lang='lat' dir='ltr'>apud</span> <span class='ocrx_word' id='word_1_280' title='bbox 1015 522 1162 552; x_wconf 75' lang='lat' dir='ltr'>Maniai.</span> <span class='ocrx_word' id='word_1_281' title='bbox 1187 523 1242 553; x_wconf 85' lang='lat' dir='ltr'>lib.</span> <span class='ocrx_word' id='word_1_282' title='bbox 1260 524 1519 565; x_wconf 77' lang='lat' dir='ltr'>111.Ep.5.pr1·-</span> 
     </span>
     <span class='ocr_line' id='line_1_58' title="bbox 816 569 1522 606; baseline 0.011 -8"><span class='ocrx_word' id='word_1_283' title='bbox 816 579 873 598; x_wconf 85' lang='lat' dir='ltr'>mae</span> <span class='ocrx_word' id='word_1_284' title='bbox 889 569 921 599; x_wconf 83' lang='lat' dir='ltr'>in</span> <span class='ocrx_word' id='word_1_285' title='bbox 935 570 1043 601; x_wconf 83' lang='lat' dir='ltr'>limine</span> <span class='ocrx_word' id='word_1_286' title='bbox 1058 575 1157 603; x_wconf 73' lang='lat' dir='ltr'>tectoe.</span> <span class='ocrx_word' id='word_1_287' title='bbox 1175 573 1223 602; x_wconf 90' lang='lat' dir='ltr'>ita</span> <span class='ocrx_word' id='word_1_288' title='bbox 1250 574 1338 603; x_wconf 89' lang='lat' dir='ltr'>euim</span> <span class='ocrx_word' id='word_1_289' title='bbox 1356 584 1398 604; x_wconf 84' lang='lat' dir='ltr'>ex</span> <span class='ocrx_word' id='word_1_290' title='bbox 1417 576 1522 606; x_wconf 74' lang='lat' dir='ltr'>vcsti-</span> 
     </span>
     <span class='ocr_line' id='line_1_59' title="bbox 816 619 1519 662; baseline 0.011 -14"><span class='ocrx_word' id='word_1_291' title='bbox 816 619 878 659; x_wconf 89' lang='lat' dir='ltr'>giis</span> <span class='ocrx_word' id='word_1_292' title='bbox 895 619 1054 650; x_wconf 84' lang='lat' dir='ltr'>Vaticani</span> <span class='ocrx_word' id='word_1_293' title='bbox 1073 621 1146 652; x_wconf 89' lang='lat' dir='ltr'>libri</span> <span class='ocrx_word' id='word_1_294' title='bbox 1174 623 1385 662; x_wconf 83' lang='lat' dir='ltr'>corrigebam</span> <span class='ocrx_word' id='word_1_295' title='bbox 1414 626 1491 655; x_wconf 91' lang='lat' dir='ltr'>olim</span> <span class='ocrx_word' id='word_1_296' title='bbox 1511 638 1519 657; x_wconf 87' lang='lat'>:</span> 
     </span>
     <span class='ocr_line' id='line_1_60' title="bbox 815 669 1518 714; baseline 0.011 -16"><span class='ocrx_word' id='word_1_297' title='bbox 815 669 904 709; x_wconf 87' lang='lat' dir='ltr'>quod</span> <span class='ocrx_word' id='word_1_298' title='bbox 923 669 963 700; x_wconf 88' lang='lat' dir='ltr'>ad</span> <span class='ocrx_word' id='word_1_299' title='bbox 981 671 1145 700; x_wconf 77' lang='lat' dir='ltr'>Senecam</span> <span class='ocrx_word' id='word_1_300' title='bbox 1170 672 1221 702; x_wconf 92' lang='lat' dir='ltr'>Cl.</span> <span class='ocrx_word' id='word_1_301' title='bbox 1238 672 1428 704; x_wconf 87' lang='lat' dir='ltr'>Gronovius</span> <span class='ocrx_word' id='word_1_302' title='bbox 1447 675 1518 714; x_wconf 87' lang='lat' dir='ltr'>jam</span> 
     </span>
     <span class='ocr_line' id='line_1_61' title="bbox 816 720 1519 762; baseline 0.009 -12"><span class='ocrx_word' id='word_1_303' title='bbox 816 720 1006 760; x_wconf 87' lang='lat' dir='ltr'>occupavit.</span> <span class='ocrx_word' id='word_1_304' title='bbox 1051 720 1163 761; x_wconf 80' lang='lat' dir='ltr'>Vulgo</span> <span class='ocrx_word' id='word_1_305' title='bbox 1188 722 1285 762; x_wconf 75' lang='lat' dir='ltr'>primi</span> <span class='ocrx_word' id='word_1_306' title='bbox 1311 724 1397 756; x_wconf 80' lang='lat' dir='ltr'>tecti.</span> <span class='ocrx_word' id='word_1_307' title='bbox 1446 725 1519 756; x_wconf 87' lang='lat' dir='ltr'>Tec-</span> 
     </span>
     <span class='ocr_line' id='line_1_62' title="bbox 814 770 1376 811; baseline 0.009 -12"><span class='ocrx_word' id='word_1_308' title='bbox 814 772 878 800; x_wconf 82' lang='lat' dir='ltr'>tum</span> <span class='ocrx_word' id='word_1_309' title='bbox 894 770 975 800; x_wconf 76' lang='lat' dir='ltr'>viam</span> <span class='ocrx_word' id='word_1_310' title='bbox 990 771 1160 811; x_wconf 83' lang='lat' dir='ltr'>intelligit.</span> <span class='ocrx_word' id='word_1_311' title='bbox 1198 771 1243 803; x_wconf 93' lang='lat' dir='ltr'>D.</span> <span class='ocrx_word' id='word_1_312' title='bbox 1263 773 1376 804; x_wconf 74' lang='lat' dir='ltr'>Heius.</span> 
     </span>
    </p>

    <p class='ocr_par' dir='ltr' id='par_1_17' title="bbox 812 820 1519 1060">
     <span class='ocr_line' id='line_1_63' title="bbox 859 820 1517 861; baseline 0.015 -12"><span class='ocrx_word' id='word_1_313' title='bbox 859 820 966 850; x_wconf 74' lang='lat' dir='ltr'>Primo</span> <span class='ocrx_word' id='word_1_314' title='bbox 981 830 1000 851; x_wconf 83' lang='lat' dir='ltr'>a</span> <span class='ocrx_word' id='word_1_315' title='bbox 1017 821 1122 852; x_wconf 84' lang='lat' dir='ltr'>limine</span> <span class='ocrx_word' id='word_1_316' title='bbox 1138 821 1224 861; x_wconf 78' lang='lat' dir='ltr'>vitoe]</span> <span class='ocrx_word' id='word_1_317' title='bbox 1249 823 1289 854; x_wconf 91' lang='lat' dir='ltr'>In</span> <span class='ocrx_word' id='word_1_318' title='bbox 1306 829 1517 858; x_wconf 85' lang='lat' dir='ltr'>contemtum</span> 
     </span>
     <span class='ocr_line' id='line_1_64' title="bbox 815 869 1519 913; baseline 0.011 -14"><span class='ocrx_word' id='word_1_319' title='bbox 815 879 884 910; x_wconf 84' lang='lat' dir='ltr'>prae</span> <span class='ocrx_word' id='word_1_320' title='bbox 902 869 1056 900; x_wconf 88' lang='lat' dir='ltr'>Honorio</span> <span class='ocrx_word' id='word_1_321' title='bbox 1073 869 1211 902; x_wconf 80' lang='lat' dir='ltr'>Arcadii</span> <span class='ocrx_word' id='word_1_322' title='bbox 1230 873 1342 913; x_wconf 86' lang='lat' dir='ltr'>jactat</span> <span class='ocrx_word' id='word_1_323' title='bbox 1359 875 1447 907; x_wconf 90' lang='lat' dir='ltr'>illius</span> <span class='ocrx_word' id='word_1_324' title='bbox 1465 887 1519 907; x_wconf 83' lang='lat' dir='ltr'>na-</span> 
     </span>
     <span class='ocr_line' id='line_1_65' title="bbox 814 921 1517 965; baseline 0.011 -15"><span class='ocrx_word' id='word_1_325' title='bbox 814 921 998 959; x_wconf 86' lang='lat' dir='ltr'>tivitatem,</span> <span class='ocrx_word' id='word_1_326' title='bbox 1035 928 1132 960; x_wconf 86' lang='lat' dir='ltr'>patre</span> <span class='ocrx_word' id='word_1_327' title='bbox 1172 923 1243 962; x_wconf 90' lang='lat' dir='ltr'>jam</span> <span class='ocrx_word' id='word_1_328' title='bbox 1287 924 1517 965; x_wconf 81' lang='lat' dir='ltr'>Imperatore.</span> 
     </span>
     <span class='ocr_line' id='line_1_66' title="bbox 814 970 1518 1017; baseline 0.014 -18"><span class='ocrx_word' id='word_1_329' title='bbox 814 971 943 1000; x_wconf 86' lang='lat' dir='ltr'>Contra</span> <span class='ocrx_word' id='word_1_330' title='bbox 968 970 1154 1002; x_wconf 79' lang='lat' dir='ltr'>Arcadium</span> <span class='ocrx_word' id='word_1_331' title='bbox 1178 976 1391 1007; x_wconf 83' lang='lat' dir='ltr'>commendat</span> <span class='ocrx_word' id='word_1_332' title='bbox 1411 977 1518 1017; x_wconf 57' lang='lat' dir='ltr'>Syne-</span> 
     </span>
     <span class='ocr_line' id='line_1_67' title="bbox 812 1021 1307 1060; baseline 0.006 -9"><span class='ocrx_word' id='word_1_333' title='bbox 812 1021 879 1051; x_wconf 87' lang='lat' dir='ltr'>sins</span> <span class='ocrx_word' id='word_1_334' title='bbox 899 1021 957 1051; x_wconf 91' lang='lat' dir='ltr'>lib.</span> <span class='ocrx_word' id='word_1_335' title='bbox 977 1021 1016 1050; x_wconf 88' lang='lat' dir='ltr'>de</span> <span class='ocrx_word' id='word_1_336' title='bbox 1037 1022 1165 1060; x_wconf 78' lang='lat' dir='ltr'>Regno.</span> <span class='ocrx_word' id='word_1_337' title='bbox 1191 1023 1307 1054; x_wconf 76' lang='lat' dir='ltr'>Barth.</span> 
     </span>
    </p>

    <p class='ocr_par' dir='ltr' id='par_1_18' title="bbox 809 1072 1518 1455">
     <span class='ocr_line' id='line_1_68' title="bbox 856 1072 1517 1115; baseline 0.009 -15"><span class='ocrx_word' id='word_1_338' title='bbox 856 1074 895 1102; x_wconf 84' lang='lat'>13</span> <span class='ocrx_word' id='word_1_339' title='bbox 920 1072 1066 1102; x_wconf 75' lang='lat' dir='ltr'>Privatos</span> <span class='ocrx_word' id='word_1_340' title='bbox 1093 1073 1188 1103; x_wconf 80' lang='lat' dir='ltr'>nescit</span> <span class='ocrx_word' id='word_1_341' title='bbox 1207 1074 1354 1115; x_wconf 79' lang='lat' dir='ltr'>fortuna]</span> <span class='ocrx_word' id='word_1_342' title='bbox 1393 1077 1517 1108; x_wconf 81' lang='lat' dir='ltr'>Pulcre</span> 
     </span>
     <span class='ocr_line' id='line_1_69' title="bbox 812 1121 1517 1163; baseline 0.009 -11"><span class='ocrx_word' id='word_1_343' title='bbox 812 1121 982 1161; x_wconf 80' lang='lat' dir='ltr'>Georgius</span> <span class='ocrx_word' id='word_1_344' title='bbox 1000 1122 1255 1163; x_wconf 74' lang='lat' dir='ltr'>Pacliyinerius,</span> <span class='ocrx_word' id='word_1_345' title='bbox 1268 1124 1326 1154; x_wconf 88' lang='lat' dir='ltr'>lib.</span> <span class='ocrx_word' id='word_1_346' title='bbox 1343 1131 1379 1155; x_wconf 84' lang='lat' dir='ltr'>n.</span> <span class='ocrx_word' id='word_1_347' title='bbox 1400 1126 1517 1158; x_wconf 78' lang='lat' dir='ltr'>Histo-</span> 
     </span>
     <span class='ocr_line' id='line_1_70' title="bbox 813 1172 1515 1212; baseline 0.009 -11"><span class='ocrx_word' id='word_1_348' title='bbox 813 1172 892 1202; x_wconf 86' lang='lat' dir='ltr'>riar.</span> <span class='ocrx_word' id='word_1_349' title='bbox 925 1172 934 1188; x_wconf 88' lang='lat'>‘</span> <span class='ocrx_word' id='word_1_350' title='bbox 953 1172 1036 1202; x_wconf 89' lang='lat' dir='ltr'>Eum</span> <span class='ocrx_word' id='word_1_351' title='bbox 1060 1173 1291 1212; x_wconf 83' lang='lat' dir='ltr'>principatum</span> <span class='ocrx_word' id='word_1_352' title='bbox 1321 1175 1515 1207; x_wconf 86' lang='lat' dir='ltr'>rectissime</span> 
     </span>
     <span class='ocr_line' id='line_1_71' title="bbox 812 1222 1518 1264; baseline 0.006 -10"><span class='ocrx_word' id='word_1_353' title='bbox 812 1222 1041 1254; x_wconf 87' lang='lat' dir='ltr'>commendari</span> <span class='ocrx_word' id='word_1_354' title='bbox 1071 1222 1114 1253; x_wconf 84' lang='lat' dir='ltr'>ad</span> <span class='ocrx_word' id='word_1_355' title='bbox 1154 1232 1254 1263; x_wconf 89' lang='lat' dir='ltr'>quem</span> <span class='ocrx_word' id='word_1_356' title='bbox 1293 1230 1451 1264; x_wconf 84' lang='lat' dir='ltr'>spectata</span> <span class='ocrx_word' id='word_1_357' title='bbox 1481 1231 1518 1258; x_wconf 89' lang='lat' dir='ltr'>et</span> 
     </span>
     <span class='ocr_line' id='line_1_72' title="bbox 812 1273 1516 1316; baseline 0.006 -13"><span class='ocrx_word' id='word_1_358' title='bbox 812 1273 955 1314; x_wconf 89' lang='lat' dir='ltr'>probata</span> <span class='ocrx_word' id='word_1_359' title='bbox 986 1273 1114 1304; x_wconf 86' lang='lat' dir='ltr'>virtute</span> <span class='ocrx_word' id='word_1_360' title='bbox 1154 1274 1329 1305; x_wconf 82' lang='lat' dir='ltr'>eveharis:</span> <span class='ocrx_word' id='word_1_361' title='bbox 1368 1276 1456 1316; x_wconf 90' lang='lat' dir='ltr'>quod</span> <span class='ocrx_word' id='word_1_362' title='bbox 1488 1277 1516 1307; x_wconf 90' lang='lat' dir='ltr'>is</span> 
     </span>
     <span class='ocr_line' id='line_1_73' title="bbox 811 1324 1518 1365; baseline 0.006 -11"><span class='ocrx_word' id='word_1_363' title='bbox 811 1324 945 1355; x_wconf 84' lang='lat' dir='ltr'>demum</span> <span class='ocrx_word' id='word_1_364' title='bbox 975 1325 1102 1364; x_wconf 90' lang='lat' dir='ltr'>populo</span> <span class='ocrx_word' id='word_1_365' title='bbox 1128 1325 1248 1364; x_wconf 89' lang='lat' dir='ltr'>prosit,</span> <span class='ocrx_word' id='word_1_366' title='bbox 1272 1325 1328 1365; x_wconf 91' lang='lat' dir='ltr'>qui</span> <span class='ocrx_word' id='word_1_367' title='bbox 1357 1325 1391 1356; x_wconf 85' lang='lat' dir='ltr'>id</span> <span class='ocrx_word' id='word_1_368' title='bbox 1420 1336 1518 1358; x_wconf 82' lang='lat' dir='ltr'>exse—</span> 
     </span>
     <span class='ocr_line' id='line_1_74' title="bbox 810 1374 1516 1415; baseline 0.007 -12"><span class='ocrx_word' id='word_1_369' title='bbox 810 1374 980 1415; x_wconf 87' lang='lat' dir='ltr'>quendum</span> <span class='ocrx_word' id='word_1_370' title='bbox 998 1374 1059 1404; x_wconf 85' lang='lat' dir='ltr'>sibi</span> <span class='ocrx_word' id='word_1_371' title='bbox 1078 1379 1189 1414; x_wconf 83' lang='lat' dir='ltr'>putet,</span> <span class='ocrx_word' id='word_1_372' title='bbox 1215 1374 1312 1415; x_wconf 84' lang='lat' dir='ltr'>cujus</span> <span class='ocrx_word' id='word_1_373' title='bbox 1335 1377 1446 1415; x_wconf 82' lang='lat' dir='ltr'>gratia</span> <span class='ocrx_word' id='word_1_374' title='bbox 1470 1377 1516 1407; x_wconf 76' lang='lat' dir='ltr'>sit</span> 
     </span>
     <span class='ocr_line' id='line_1_75' title="bbox 809 1421 1182 1455; baseline -0.003 0"><span class='ocrx_word' id='word_1_375' title='bbox 809 1421 1041 1455; x_wconf 63' lang='lat' dir='ltr'>constitutus!</span> <span class='ocrx_word' id='word_1_376' title='bbox 1085 1424 1182 1455; x_wconf 83' lang='lat' dir='ltr'>Idem.</span> 
     </span>
    </p>

    <p class='ocr_par' dir='ltr' id='par_1_19' title="bbox 808 1475 1519 1813">
     <span class='ocr_line' id='line_1_76' title="bbox 855 1475 1516 1516; baseline 0.008 -13"><span class='ocrx_word' id='word_1_377' title='bbox 855 1477 893 1504; x_wconf 74' lang='lat'>14</span> <span class='ocrx_word' id='word_1_378' title='bbox 918 1475 963 1504; x_wconf 90' lang='lat' dir='ltr'>Et</span> <span class='ocrx_word' id='word_1_379' title='bbox 988 1484 1117 1513; x_wconf 82' lang='lat' dir='ltr'>regnum</span> <span class='ocrx_word' id='word_1_380' title='bbox 1142 1485 1211 1506; x_wconf 85' lang='lat' dir='ltr'>cum</span> <span class='ocrx_word' id='word_1_381' title='bbox 1237 1476 1302 1506; x_wconf 84' lang='lat' dir='ltr'>luce</span> <span class='ocrx_word' id='word_1_382' title='bbox 1325 1476 1425 1516; x_wconf 84' lang='lat' dir='ltr'>dedit]</span> <span class='ocrx_word' id='word_1_383' title='bbox 1450 1477 1516 1508; x_wconf 88' lang='lat' dir='ltr'>Ea-</span> 
     </span>
     <span class='ocr_line' id='line_1_77' title="bbox 810 1523 1519 1559; baseline 0.007 -5"><span class='ocrx_word' id='word_1_384' title='bbox 810 1523 886 1555; x_wconf 88' lang='lat' dir='ltr'>dem</span> <span class='ocrx_word' id='word_1_385' title='bbox 902 1524 943 1555; x_wconf 87' lang='lat' dir='ltr'>de</span> <span class='ocrx_word' id='word_1_386' title='bbox 960 1525 1078 1555; x_wconf 80' lang='lat' dir='ltr'>eodem</span> <span class='ocrx_word' id='word_1_387' title='bbox 1101 1526 1191 1556; x_wconf 83' lang='lat' dir='ltr'>canit</span> <span class='ocrx_word' id='word_1_388' title='bbox 1218 1535 1266 1558; x_wconf 80' lang='lat' dir='ltr'>iv.</span> <span class='ocrx_word' id='word_1_389' title='bbox 1286 1528 1387 1558; x_wconf 87' lang='lat' dir='ltr'>Cous.</span> <span class='ocrx_word' id='word_1_390' title='bbox 1405 1529 1414 1544; x_wconf 89' lang='lat'>‘</span> <span class='ocrx_word' id='word_1_391' title='bbox 1430 1528 1519 1559; x_wconf 83' lang='lat' dir='ltr'>Nas-</span> 
     </span>
     <span class='ocr_line' id='line_1_78' title="bbox 808 1575 1516 1617; baseline 0 -11"><span class='ocrx_word' id='word_1_392' title='bbox 808 1575 896 1606; x_wconf 83' lang='lat' dir='ltr'>ceris</span> <span class='ocrx_word' id='word_1_393' title='bbox 913 1585 1062 1615; x_wconf 80' lang='lat' dir='ltr'>aequaeva</span> <span class='ocrx_word' id='word_1_394' title='bbox 1077 1586 1152 1606; x_wconf 92' lang='lat' dir='ltr'>cum</span> <span class='ocrx_word' id='word_1_395' title='bbox 1166 1577 1347 1616; x_wconf 83' lang='lat' dir='ltr'>majestate</span> <span class='ocrx_word' id='word_1_396' title='bbox 1366 1582 1516 1617; x_wconf 73' lang='lat' dir='ltr'>creatus,</span> 
     </span>
     <span class='ocr_line' id='line_1_79' title="bbox 810 1625 1517 1668; baseline 0.004 -13"><span class='ocrx_word' id='word_1_397' title='bbox 810 1625 980 1665; x_wconf 79' lang='lat' dir='ltr'>Nullaque</span> <span class='ocrx_word' id='word_1_398' title='bbox 1019 1626 1162 1665; x_wconf 82' lang='lat' dir='ltr'>privatae</span> <span class='ocrx_word' id='word_1_399' title='bbox 1203 1635 1321 1666; x_wconf 82' lang='lat' dir='ltr'>passus</span> <span class='ocrx_word' id='word_1_400' title='bbox 1357 1628 1517 1668; x_wconf 76' lang='lat' dir='ltr'>contagia</span> 
     </span>
     <span class='ocr_line' id='line_1_80' title="bbox 809 1674 1515 1715; baseline 0.004 -11"><span class='ocrx_word' id='word_1_401' title='bbox 809 1674 920 1705; x_wconf 81' lang='lat' dir='ltr'>sortis.</span> <span class='ocrx_word' id='word_1_402' title='bbox 974 1674 1142 1705; x_wconf 80' lang='lat' dir='ltr'>Omnibus</span> <span class='ocrx_word' id='word_1_403' title='bbox 1179 1675 1331 1715; x_wconf 80' lang='lat' dir='ltr'>acceptis</span> <span class='ocrx_word' id='word_1_404' title='bbox 1360 1677 1449 1706; x_wconf 81' lang='lat' dir='ltr'>ultro</span> <span class='ocrx_word' id='word_1_405' title='bbox 1482 1683 1515 1707; x_wconf 84' lang='lat' dir='ltr'>te</span> 
     </span>
     <span class='ocr_line' id='line_1_81' title="bbox 810 1724 1515 1765; baseline 0.003 -11"><span class='ocrx_word' id='word_1_406' title='bbox 810 1724 920 1765; x_wconf 88' lang='lat' dir='ltr'>Regia</span> <span class='ocrx_word' id='word_1_407' title='bbox 945 1725 1051 1754; x_wconf 91' lang='lat' dir='ltr'>solum</span> <span class='ocrx_word' id='word_1_408' title='bbox 1070 1725 1234 1763; x_wconf 85' lang='lat' dir='ltr'>Protulit,</span> <span class='ocrx_word' id='word_1_409' title='bbox 1252 1730 1287 1756; x_wconf 87' lang='lat' dir='ltr'>et</span> <span class='ocrx_word' id='word_1_410' title='bbox 1305 1726 1416 1765; x_wconf 84' lang='lat' dir='ltr'>patrio</span> <span class='ocrx_word' id='word_1_411' title='bbox 1434 1725 1515 1756; x_wconf 77' lang='lat' dir='ltr'>felix</span> 
     </span>
     <span class='ocr_line' id='line_1_82' title="bbox 809 1774 1384 1813; baseline -0.002 -7"><span class='ocrx_word' id='word_1_412' title='bbox 809 1775 971 1806; x_wconf 85' lang='lat' dir='ltr'>adolescis</span> <span class='ocrx_word' id='word_1_413' title='bbox 988 1774 1021 1804; x_wconf 91' lang='lat' dir='ltr'>in</span> <span class='ocrx_word' id='word_1_414' title='bbox 1038 1774 1157 1813; x_wconf 88' lang='lat' dir='ltr'>ostro,’</span> <span class='ocrx_word' id='word_1_415' title='bbox 1173 1777 1238 1806; x_wconf 56' lang='lat' dir='ltr'>&amp;a</span> <span class='ocrx_word' id='word_1_416' title='bbox 1286 1775 1384 1805; x_wconf 83' lang='lat' dir='ltr'>Idem.</span> 
     </span>
    </p>

    <p class='ocr_par' dir='ltr' id='par_1_20' title="bbox 808 1825 1517 2510">
     <span class='ocr_line' id='line_1_83' title="bbox 853 1825 1516 1865; baseline 0 -9"><span class='ocrx_word' id='word_1_417' title='bbox 853 1828 892 1856; x_wconf 86' lang='lat'>15</span> <span class='ocrx_word' id='word_1_418' title='bbox 918 1825 1054 1865; x_wconf 72' lang='lat' dir='ltr'>Excepit</span> <span class='ocrx_word' id='word_1_419' title='bbox 1087 1825 1183 1865; x_wconf 79' lang='lat' dir='ltr'>Tyrio</span> <span class='ocrx_word' id='word_1_420' title='bbox 1208 1825 1380 1856; x_wconf 76' lang='lat' dir='ltr'>venerabile</span> <span class='ocrx_word' id='word_1_421' title='bbox 1401 1825 1516 1865; x_wconf 76' lang='lat' dir='ltr'>pignus</span> 
     </span>
     <span class='ocr_line' id='line_1_84' title="bbox 808 1874 1517 1914; baseline 0 -9"><span class='ocrx_word' id='word_1_422' title='bbox 808 1875 842 1905; x_wconf 80' lang='lat' dir='ltr'>in</span> <span class='ocrx_word' id='word_1_423' title='bbox 856 1874 955 1914; x_wconf 79' lang='lat' dir='ltr'>ostro]</span> <span class='ocrx_word' id='word_1_424' title='bbox 979 1874 1105 1914; x_wconf 82' lang='lat' dir='ltr'>Regius</span> <span class='ocrx_word' id='word_1_425' title='bbox 1128 1884 1199 1904; x_wconf 88' lang='lat' dir='ltr'>mos</span> <span class='ocrx_word' id='word_1_426' title='bbox 1217 1884 1366 1914; x_wconf 86' lang='lat' dir='ltr'>purpura</span> <span class='ocrx_word' id='word_1_427' title='bbox 1382 1875 1517 1906; x_wconf 86' lang='lat' dir='ltr'>Princi-</span> 
     </span>
     <span class='ocr_line' id='line_1_85' title="bbox 810 1922 1515 1965; baseline 0.001 -10"><span class='ocrx_word' id='word_1_428' title='bbox 810 1924 878 1965; x_wconf 89' lang='lat' dir='ltr'>pali</span> <span class='ocrx_word' id='word_1_429' title='bbox 899 1925 1061 1964; x_wconf 85' lang='lat' dir='ltr'>excipere</span> <span class='ocrx_word' id='word_1_430' title='bbox 1086 1922 1235 1956; x_wconf 81' lang='lat' dir='ltr'>infantes</span> <span class='ocrx_word' id='word_1_431' title='bbox 1258 1934 1378 1956; x_wconf 86' lang='lat' dir='ltr'>recens</span> <span class='ocrx_word' id='word_1_432' title='bbox 1406 1931 1515 1957; x_wconf 84' lang='lat' dir='ltr'>natos.</span> 
     </span>
     <span class='ocr_line' id='line_1_86' title="bbox 808 1974 1517 2014; baseline 0.003 -9"><span class='ocrx_word' id='word_1_433' title='bbox 808 1974 864 2006; x_wconf 92' lang='lat' dir='ltr'>Sic</span> <span class='ocrx_word' id='word_1_434' title='bbox 890 1974 932 2005; x_wconf 87' lang='lat' dir='ltr'>de</span> <span class='ocrx_word' id='word_1_435' title='bbox 963 1974 1098 2014; x_wconf 89' lang='lat' dir='ltr'>eodem,</span> <span class='ocrx_word' id='word_1_436' title='bbox 1121 1983 1168 2006; x_wconf 83' lang='grc' dir='ltr'>ιν.</span> <span class='ocrx_word' id='word_1_437' title='bbox 1187 1975 1289 2006; x_wconf 88' lang='lat' dir='ltr'>Cons.</span> <span class='ocrx_word' id='word_1_438' title='bbox 1316 1976 1325 1993; x_wconf 88' lang='lat'>‘</span> <span class='ocrx_word' id='word_1_439' title='bbox 1343 1976 1517 2007; x_wconf 86' lang='lat' dir='ltr'>Membra·</span> 
     </span>
     <span class='ocr_line' id='line_1_87' title="bbox 811 2025 1515 2067; baseline 0.004 -12"><span class='ocrx_word' id='word_1_440' title='bbox 811 2035 889 2066; x_wconf 87' lang='lat' dir='ltr'>que,</span> <span class='ocrx_word' id='word_1_441' title='bbox 902 2025 1026 2056; x_wconf 84' lang='lat' dir='ltr'>vestitu</span> <span class='ocrx_word' id='word_1_442' title='bbox 1054 2035 1225 2067; x_wconf 88' lang='lat' dir='ltr'>nunquam</span> <span class='ocrx_word' id='word_1_443' title='bbox 1247 2031 1414 2058; x_wconf 86' lang='lat' dir='ltr'>temerata</span> <span class='ocrx_word' id='word_1_444' title='bbox 1439 2037 1515 2067; x_wconf 88' lang='lat' dir='ltr'>pro-</span> 
     </span>
     <span class='ocr_line' id='line_1_88' title="bbox 809 2074 1515 2117; baseline 0.004 -11"><span class='ocrx_word' id='word_1_445' title='bbox 809 2074 900 2116; x_wconf 79' lang='lat' dir='ltr'>fano,</span> <span class='ocrx_word' id='word_1_446' title='bbox 915 2076 955 2106; x_wconf 89' lang='lat' dir='ltr'>In</span> <span class='ocrx_word' id='word_1_447' title='bbox 973 2086 1087 2107; x_wconf 72' lang='lat' dir='ltr'>sacros¹</span> <span class='ocrx_word' id='word_1_448' title='bbox 1104 2076 1262 2107; x_wconf 87' lang='lat' dir='ltr'>cecidere</span> <span class='ocrx_word' id='word_1_449' title='bbox 1280 2077 1396 2107; x_wconf 86' lang='lat' dir='ltr'>sinus.&#39;</span> <span class='ocrx_word' id='word_1_450' title='bbox 1434 2077 1515 2117; x_wconf 86' lang='lat' dir='ltr'>Hic,</span> 
     </span>
     <span class='ocr_line' id='line_1_89' title="bbox 810 2126 1516 2167; baseline 0.001 -11"><span class='ocrx_word' id='word_1_451' title='bbox 810 2131 848 2156; x_wconf 87' lang='lat' dir='ltr'>ut</span> <span class='ocrx_word' id='word_1_452' title='bbox 890 2126 1034 2166; x_wconf 87' lang='lat' dir='ltr'>primum</span> <span class='ocrx_word' id='word_1_453' title='bbox 1070 2131 1168 2157; x_wconf 91' lang='lat' dir='ltr'>utero</span> <span class='ocrx_word' id='word_1_454' title='bbox 1198 2131 1353 2157; x_wconf 68' lang='lat' dir='ltr'>materno</span> <span class='ocrx_word' id='word_1_455' title='bbox 1388 2126 1516 2167; x_wconf 90' lang='lat' dir='ltr'>prodiit</span> 
     </span>
     <span class='ocr_line' id='line_1_90' title="bbox 809 2176 1516 2216; baseline 0.004 -10"><span class='ocrx_word' id='word_1_456' title='bbox 809 2176 994 2215; x_wconf 88' lang='lat' dir='ltr'>Honorius,</span> <span class='ocrx_word' id='word_1_457' title='bbox 1029 2186 1179 2216; x_wconf 86' lang='lat' dir='ltr'>purpura</span> <span class='ocrx_word' id='word_1_458' title='bbox 1207 2176 1433 2216; x_wconf 79' lang='lat' dir='ltr'>Imperatoria</span> <span class='ocrx_word' id='word_1_459' title='bbox 1463 2181 1516 2209; x_wconf 85' lang='lat' dir='ltr'>est</span> 
     </span>
     <span class='ocr_line' id='line_1_91' title="bbox 809 2227 1516 2267; baseline 0 -10"><span class='ocrx_word' id='word_1_460' title='bbox 809 2230 987 2266; x_wconf 80' lang='lat' dir='ltr'>exceptus.</span> <span class='ocrx_word' id='word_1_461' title='bbox 1035 2228 1157 2267; x_wconf 68' lang='lat' dir='ltr'>Neque</span> <span class='ocrx_word' id='word_1_462' title='bbox 1183 2227 1356 2257; x_wconf 87' lang='lat' dir='ltr'>notatione</span> <span class='ocrx_word' id='word_1_463' title='bbox 1380 2227 1435 2257; x_wconf 81' lang='lat' dir='ltr'>liic</span> <span class='ocrx_word' id='word_1_464' title='bbox 1465 2227 1516 2257; x_wconf 85' lang='lat' dir='ltr'>in—</span> 
     </span>
     <span class='ocr_line' id='line_1_92' title="bbox 809 2276 1516 2317; baseline 0.003 -11"><span class='ocrx_word' id='word_1_465' title='bbox 809 2276 949 2316; x_wconf 85' lang='lat' dir='ltr'>diguum</span> <span class='ocrx_word' id='word_1_466' title='bbox 963 2286 1063 2317; x_wconf 91' lang='lat' dir='ltr'>porro</span> <span class='ocrx_word' id='word_1_467' title='bbox 1078 2277 1306 2307; x_wconf 82' lang='lat' dir='ltr'>Romanorum</span> <span class='ocrx_word' id='word_1_468' title='bbox 1319 2276 1421 2308; x_wconf 78' lang='lat' dir='ltr'>etiarn</span> <span class='ocrx_word' id='word_1_469' title='bbox 1435 2286 1516 2317; x_wconf 84' lang='lat' dir='ltr'>pue-</span> 
     </span>
     <span class='ocr_line' id='line_1_93' title="bbox 810 2327 1514 2368; baseline 0 -11"><span class='ocrx_word' id='word_1_470' title='bbox 810 2337 877 2365; x_wconf 86' lang='lat' dir='ltr'>ros,</span> <span class='ocrx_word' id='word_1_471' title='bbox 907 2328 963 2368; x_wconf 91' lang='lat' dir='ltr'>qni</span> <span class='ocrx_word' id='word_1_472' title='bbox 996 2327 1177 2358; x_wconf 84' lang='lat' dir='ltr'>delicatius</span> <span class='ocrx_word' id='word_1_473' title='bbox 1212 2327 1453 2367; x_wconf 85' lang='lat' dir='ltr'>educarentur,</span> <span class='ocrx_word' id='word_1_474' title='bbox 1482 2327 1514 2358; x_wconf 88' lang='lat' dir='ltr'>in</span> 
     </span>
     <span class='ocr_line' id='line_1_94' title="bbox 810 2377 1514 2419; baseline -0.001 -11"><span class='ocrx_word' id='word_1_475' title='bbox 810 2388 961 2419; x_wconf 84' lang='lat' dir='ltr'>purpura</span> <span class='ocrx_word' id='word_1_476' title='bbox 998 2379 1178 2417; x_wconf 89' lang='lat' dir='ltr'>enutritos,</span> <span class='ocrx_word' id='word_1_477' title='bbox 1216 2377 1305 2418; x_wconf 88' lang='lat' dir='ltr'>quod</span> <span class='ocrx_word' id='word_1_478' title='bbox 1339 2377 1514 2417; x_wconf 83' lang='lat' dir='ltr'>arguendo</span> 
     </span>
     <span class='ocr_line' id='line_1_95' title="bbox 810 2428 1514 2469; baseline -0.003 -10"><span class='ocrx_word' id='word_1_479' title='bbox 810 2432 992 2469; x_wconf 86' lang='lat' dir='ltr'>parentum</span> <span class='ocrx_word' id='word_1_480' title='bbox 1019 2428 1113 2459; x_wconf 82' lang='lat' dir='ltr'>luxui</span> <span class='ocrx_word' id='word_1_481' title='bbox 1146 2431 1244 2458; x_wconf 89' lang='lat' dir='ltr'>notat</span> <span class='ocrx_word' id='word_1_482' title='bbox 1275 2428 1514 2460; x_wconf 85' lang='lat' dir='ltr'>Quintilianus.</span> 
     </span>
     <span class='ocr_line' id='line_1_96' title="bbox 811 2479 911 2510; baseline 0 -1"><span class='ocrx_word' id='word_1_483' title='bbox 811 2479 911 2510; x_wconf 86' lang='lat' dir='ltr'>Idem.</span> 
     </span>
    </p>

    <p class='ocr_par' dir='ltr' id='par_1_21' title="bbox 808 2526 1515 2818">
     <span class='ocr_line' id='line_1_97' title="bbox 854 2526 1515 2569; baseline -0.006 -8"><span class='ocrx_word' id='word_1_484' title='bbox 854 2533 894 2561; x_wconf 89' lang='grc'>16</span> <span class='ocrx_word' id='word_1_485' title='bbox 916 2529 1139 2569; x_wconf 60' lang='lat' dir='ltr'>Lustrat-itque</span> <span class='ocrx_word' id='word_1_486' title='bbox 1165 2528 1252 2568; x_wconf 73' lang='lat' dir='ltr'>tuos]</span> <span class='ocrx_word' id='word_1_487' title='bbox 1291 2528 1399 2568; x_wconf 86' lang='lat' dir='ltr'>Supra</span> <span class='ocrx_word' id='word_1_488' title='bbox 1426 2526 1515 2558; x_wconf 82' lang='lat' dir='ltr'>dixit</span> 
     </span>
     <span class='ocr_line' id='line_1_98' title="bbox 810 2577 1513 2611; baseline -0.004 -2"><span class='ocrx_word' id='word_1_489' title='bbox 810 2579 844 2610; x_wconf 90' lang='lat' dir='ltr'>in</span> <span class='ocrx_word' id='word_1_490' title='bbox 881 2580 1002 2611; x_wconf 81' lang='lat' dir='ltr'>castris</span> <span class='ocrx_word' id='word_1_491' title='bbox 1044 2585 1163 2610; x_wconf 87' lang='lat' dir='ltr'>natum</span> <span class='ocrx_word' id='word_1_492' title='bbox 1194 2588 1266 2609; x_wconf 82' lang='lat' dir='ltr'>esse</span> <span class='ocrx_word' id='word_1_493' title='bbox 1304 2577 1513 2608; x_wconf 82' lang='lat' dir='ltr'>Honorium:</span> 
     </span>
     <span class='ocr_line' id='line_1_99' title="bbox 808 2626 1514 2660; baseline -0.008 0"><span class='ocrx_word' id='word_1_494' title='bbox 808 2630 972 2660; x_wconf 79' lang='lat' dir='ltr'>Lustrulio</span> <span class='ocrx_word' id='word_1_495' title='bbox 999 2633 1111 2660; x_wconf 89' lang='lat' dir='ltr'>autem</span> <span class='ocrx_word' id='word_1_496' title='bbox 1148 2629 1220 2659; x_wconf 77' lang='lat' dir='ltr'>haec</span> <span class='ocrx_word' id='word_1_497' title='bbox 1252 2626 1514 2658; x_wconf 85' lang='lat' dir='ltr'>circumductio-</span> 
     </span>
     <span class='ocr_line' id='line_1_100' title="bbox 810 2674 1513 2711; baseline -0.01 0"><span class='ocrx_word' id='word_1_498' title='bbox 810 2690 884 2711; x_wconf 85' lang='lat' dir='ltr'>nem</span> <span class='ocrx_word' id='word_1_499' title='bbox 900 2684 1007 2711; x_wconf 89' lang='lat' dir='ltr'>notat.</span> <span class='ocrx_word' id='word_1_500' title='bbox 1055 2680 1142 2711; x_wconf 89' lang='lat' dir='ltr'>Nam</span> <span class='ocrx_word' id='word_1_501' title='bbox 1158 2688 1276 2709; x_wconf 82' lang='lat' dir='ltr'>recens</span> <span class='ocrx_word' id='word_1_502' title='bbox 1292 2683 1371 2708; x_wconf 86' lang='lat' dir='ltr'>nato</span> <span class='ocrx_word' id='word_1_503' title='bbox 1392 2674 1513 2705; x_wconf 89' lang='lat' dir='ltr'>infanti</span> 
     </span>
     <span class='ocr_line' id='line_1_101' title="bbox 810 2724 1512 2764; baseline -0.01 -4"><span class='ocrx_word' id='word_1_504' title='bbox 810 2730 907 2761; x_wconf 86' lang='lat' dir='ltr'>ludos</span> <span class='ocrx_word' id='word_1_505' title='bbox 935 2729 1098 2760; x_wconf 86' lang='lat' dir='ltr'>militares</span> <span class='ocrx_word' id='word_1_506' title='bbox 1125 2727 1308 2764; x_wconf 87' lang='lat' dir='ltr'>exhibitos,</span> <span class='ocrx_word' id='word_1_507' title='bbox 1338 2726 1370 2755; x_wconf 91' lang='lat' dir='ltr'>in</span> <span class='ocrx_word' id='word_1_508' title='bbox 1396 2724 1512 2754; x_wconf 89' lang='lat' dir='ltr'>orbem</span> 
     </span>
     <span class='ocr_line' id='line_1_102' title="bbox 810 2774 1512 2818; baseline -0.009 -7"><span class='ocrx_word' id='word_1_509' title='bbox 810 2778 1074 2811; x_wconf 84' lang='lat' dir='ltr'>decurrentibus</span> <span class='ocrx_word' id='word_1_510' title='bbox 1090 2776 1280 2818; x_wconf 79' lang='lat' dir='ltr'>legionibus</span> <span class='ocrx_word' id='word_1_511' title='bbox 1296 2775 1387 2807; x_wconf 88' lang='lat' dir='ltr'>circa</span> <span class='ocrx_word' id='word_1_512' title='bbox 1404 2774 1512 2806; x_wconf 92' lang='lat' dir='ltr'>locum</span> 
     </span>
    </p>
   </div>
  </div>
 </body>
</html>
