1851 3213
287 212 402 255 1050
709 222 784 253 cr..
816 221 1101 253 CLAUDIAM
1136 221 1346 252 xxxvn.

289 319 528 374 Nymphae,
554 333 652 374 quae
678 319 859 360 rudibus
888 318 1111 360 Phoebum
1136 317 1324 359 docuere
1356 315 1530 369 sagittis

289 387 494 429 Errantes
523 389 685 440 agitare
708 387 840 437 feras,
869 388 1147 440 primumque
1180 386 1367 439 gementi

292 456 479 498 Latonae
502 460 696 496 struxere
718 461 874 504 torum,
900 468 1000 495 cuni
1021 455 1189 494 lumina
1211 454 1317 494 coeli

290 523 547 564 Parturiens
569 523 750 576 geminis
773 526 947 562 ornaret
967 521 1151 562 foetibus
1173 521 1336 561 orbem.

292 591 506 645 Implorat
526 590 694 632 Paeana
714 603 840 631 suum
861 589 1096 631 conterrita
1116 589 1270 638 Delos,
1671 585 1756 626 125

293 657 608 712 Auxiliumque
629 662 775 711 rogat:
809 658 857 699 Si
876 662 917 699 te
938 657 1190 711 gratissima
1210 657 1322 698 fudit

294 725 347 767 In
368 730 542 767 nostros
564 726 735 767 Latona
753 727 890 776 sinus,
913 738 1116 766 succurre
1136 725 1346 778 precanti.

296 792 365 834 En
384 794 539 834 iterum
561 794 776 835 convulsa
797 794 924 834 feror.

781 880 962 936 Reliqua
983 879 1276 921 desiderantur.

298 997 468 1039 Nymphae,
493 1007 561 1038 quoe
577 1000 779 1029 exercuerunt
795 996 971 1037 Apollinem
996 1006 1108 1028 vexare
1134 995 1206 1027 telis
1225 994 1415 1034 juvenilibus
1433 993 1526 1033 feras
1550 997 1708 1034 vagantes,
1736 997 1765 1025 et

297 1045 528 1081 apparaverunt
544 1041 654 1072 lectum
669 1042 807 1080 primum
833 1041 963 1070 Latonoe
990 1040 1155 1079 laboranti,
1170 1049 1239 1070 cum
1255 1039 1313 1068 illa
1327 1038 1454 1078 pariens
1468 1038 1552 1068 duos
1568 1038 1668 1068 oculos
1685 1037 1766 1075 eceli,

297 1084 469 1114 illustraret
487 1085 634 1114 mundum
652 1086 749 1123 partu
772 1083 902 1122 duplici.
947 1082 1041 1113 Delos
1056 1081 1268 1122 obstupefacta
1293 1083 1416 1112 invocat
1430 1080 1606 1120 Apollinem
1621 1089 1722 1119 suum,
1738 1082 1770 1120 et

297 1127 379 1165 petit
393 1136 492 1166 opem,
504 1127 579 1158 haec
593 1126 711 1156 dicens
727 1136 734 1156 τ
753 1125 792 1157 Si
807 1125 930 1156 Latona
950 1125 1157 1165 pulcherrima
1180 1124 1301 1165 peperit
1319 1128 1349 1154 te
1372 1125 1405 1154 in
1418 1123 1538 1163 gremio
1554 1126 1669 1163 nostro,
1681 1121 1771 1153 ancxi-

298 1168 378 1200 liare
392 1169 531 1209 roganti.
578 1170 659 1200 Ecce
675 1178 737 1209 ego
751 1178 860 1199 rursus
874 1168 979 1199 avulsa
993 1168 1111 1209 rapior.

917 1267 1154 1278 eeeeeeeeeeee

302 1325 384 1356 Var.
400 1323 469 1355 LL.
485 1333 504 1354 e
520 1333 627 1364 marg.
641 1324 755 1355 Parm.
789 1323 922 1364 placida>
936 1326 1054 1354 cunctoe
1068 1324 1150 1354 Vat.
1175 1324 1283 1364 quint.
1300 1323 1364 1355 inc.
1381 1323 1503 1355 Heius.
1527 1323 1610 1353 Put.
1639 1320 1772 1352 Buslid.

302 1368 338 1398 in
353 1368 565 1407 Vat.quarto
590 1367 664 1397 haec
684 1367 752 1406 legi
776 1375 843 1397 non
860 1371 1017 1406 potuere.
1052 1366 1183 1405 placidae
1215 1366 1333 1406 Cynthi
1358 1366 1476 1397 Ambr.
1494 1370 1574 1396 tert.
1607 1373 1693 1395 sacro
1710 1373 1773 1404 pro

306 1409 425 1450 Cynthi
441 1408 525 1440 Cod.
540 1409 576 1439 S.
606 1409 712 1440 Galli.
751 1409 841 1439 Cinti
865 1408 985 1439 Ambr.
1009 1418 1060 1447 pr.
1084 1418 1159 1438 cum
1177 1409 1287 1447 glossa
1302 1410 1325 1439 i.
1347 1419 1372 1439 e.
1396 1408 1520 1440 montis.
1556 1407 1675 1448 Cynthi
1689 1407 1774 1437 Exc.

304 1451 390 1482 Cod.
408 1452 525 1482 Rheni.
538 1461 653 1481 mensae
668 1460 730 1491 pro
749 1451 903 1491 Nymphae
917 1450 1002 1482 Cod.
1019 1450 1139 1490 Epigr.
1160 1450 1384 1482 Auum—121
1409 1453 1553 1482 domuere
1568 1460 1630 1491 pro
1646 1450 1775 1480 docuere

305 1494 493 1526 Pal.-—122
518 1495 664 1533 gemendi
691 1503 754 1534 pro
786 1494 925 1532 gementi
939 1494 1021 1524 Var.
1047 1494 1114 1524 LL.
1137 1493 1190 1524 ed.
1214 1493 1426 1525 Antv.——123
1449 1498 1634 1525 exstruxere
1648 1492 1775 1533 Moret.

306 1547 359 1577 pr.
376 1536 487 1567 limina
502 1536 570 1567 coeli
587 1536 669 1567 Put.
686 1535 821 1567 culmina
837 1536 919 1567 Cod.
948 1536 1068 1575 Epigr.
1087 1534 1207 1566 Ambr.
1232 1537 1349 1566 lumina
1376 1537 1444 1567 coeli
1471 1537 1493 1567 i.
1514 1545 1542 1567 e.
1565 1537 1778 1566 ornamentum

305 1579 491 1618 Barthins3
514 1580 615 1610 immo
634 1587 755 1609 revera
772 1579 889 1609 lumina
904 1578 971 1608 coeli
989 1578 1140 1608 Phoebus
1159 1582 1195 1609 et
1212 1579 1338 1610 Diana.
1361 1579 1485 1618 Vir-gii.
1503 1588 1515 1609 1
1533 1579 1663 1618 Georg.
1679 1587 1729 1608 VS.
1745 1579 1777 1608 5.

306 1625 339 1653 6.
363 1625 371 1639 ⁴
390 1621 461 1652 Vos
477 1631 498 1652 ο
513 1621 701 1651 clarissima
718 1621 835 1651 mundi
854 1621 1012 1660 Lumina,
1034 1620 1207 1651 labentem
1235 1623 1320 1652 coeio
1336 1632 1410 1662 quae
1439 1622 1562 1653 ducitis
1585 1619 1777 1651 annum!—

308 1667 370 1697 124
383 1666 526 1695 oneraret
538 1663 722 1694 pai-125
745 1673 815 1694 cum
830 1664 943 1694 territa
957 1663 1034 1694 Pal.
1052 1663 1147 1694 Rotr.
1166 1664 1261 1695 Med.
1275 1674 1326 1705 pr.
1343 1665 1425 1696 Put.
1458 1665 1577 1695 deerat
1592 1664 1645 1694 bic
1661 1672 1777 1693 versus

307 1708 343 1738 iu
360 1710 428 1738 vet.
445 1706 530 1747 Gyr.
559 1706 710 1737 Florent.
735 1705 831 1736 Med.
859 1715 924 1737 sec.
947 1710 983 1737 et
1010 1706 1094 1737 Exc.
1121 1706 1266 1737 Lucens.
1296 1717 1346 1747 pr.
1376 1708 1549 1748 perterrita
1571 1707 1698 1737 Moret.
1724 1714 1776 1745 pr.

308 1748 551 1781 Buslid.—126
573 1753 686 1788 rogant
713 1748 794 1779 Vat.
825 1753 907 1780 tert.
936 1748 1034 1780 Rott.
1061 1748 1168 1779 Oisel.
1198 1750 1292 1782 Med.
1319 1759 1386 1781 sec.
1413 1751 1537 1781 Petav.
1562 1759 1630 1781 sec.
1656 1747 1779 1780 Ambr.
1844 1754 1851 1786 J

309 1797 390 1825 tert.
417 1792 549 1823 Buslid.
577 1792 662 1824 Cod.
690 1791 809 1831 Epigr.
826 1791 948 1822 Ambr.
977 1801 1044 1822 cum
1071 1795 1102 1823 te
1122 1792 1306 1831 gratissima
1328 1793 1567 1824 Rasna—127
1591 1793 1694 1823 latura
1716 1800 1780 1831 pro
1850 1780 1851 1794 ¹

308 1836 433 1867 Latona
445 1835 540 1867 Med.
558 1844 627 1866 sec.
648 1834 868 1866 nostro....sinu
877 1835 960 1866 Vat.
973 1844 1024 1875 pr.
1038 1833 1158 1865 Ambr.
1173 1845 1224 1875 pr.
1241 1836 1321 1866 Vat.
1337 1836 1450 1867 Livin.
1464 1836 1519 1867 ed.
1534 1836 1648 1866 Pau-m.
1662 1837 1783 1865 nostros

311 1879 442 1909 ....sz'uus
456 1877 540 1908 Var.
557 1878 625 1908 LL.
652 1887 671 1908 e
701 1886 807 1917 marg.
830 1877 947 1909 Parm.
969 1879 1095 1908 succede
1118 1880 1259 1918 precanti
1277 1879 1407 1910 Buslid.
1431 1874 1563 1910 Ultima
1585 1878 1689 1909 verba
1713 1886 1781 1908 suc-

310 1929 401 1951 curre
426 1921 555 1958 roganti
583 1921 708 1951 desunt
732 1920 766 1950 in
791 1920 942 1951 Fiorent.
965 1920 1072 1951 tribus
1097 1920 1193 1951 Med.
1212 1922 1295 1953 Exc.
1320 1922 1465 1953 Lucens.
1484 1931 1533 1962 pr.
1550 1921 1632 1952 Pnt.
1650 1919 1781 1951 duobus

313 1962 435 1993 Petav.
452 1962 584 1993 Bonon.
601 1962 720 1993 Ambr.
737 1967 816 1994 tert.
834 1964 918 1995 Exc.
936 1963 1014 1994 Pat.
1032 1972 1103 1994 rec.
1119 1964 1199 1995 Var.
1216 1965 1282 1996 LL.
1301 1963 1356 1996 ed.
1371 1965 1476 1996 Antv.
1494 1970 1528 1995 et
1541 1973 1648 2004 marg.
1666 1963 1781 1993 Parm.

314 2005 346 2036 in
364 2014 429 2046 qua
445 2005 611 2046 scripturn
636 2006 759 2036 Desunt
775 2007 877 2046 plura.
903 2006 938 2036 in
967 2006 1060 2037 Med.
1079 2011 1199 2047 quarto
1225 2007 1412 2048 ascriptum
1429 2016 1564 2049 quoque
1591 2010 1667 2037 erat
1695 2006 1783 2044 Opus

315 2047 538 2088 imperfectum.
583 2048 624 2079 In
641 2048 707 2079 fine
725 2048 914 2079 Busiidiani
932 2048 1086 2079 additum
1104 2054 1193 2089 erat,
1209 2050 1438 2082 Desiderantur
1452 2050 1609 2081 nonnulla.
1643 2049 1684 2080 In
1700 2049 1782 2079 Vat.

316 2099 368 2130 pr.
398 2095 474 2122 erat
500 2090 764 2130 Gigantomachia
797 2091 939 2130 explicit.
985 2092 1104 2132 Incipit
1128 2092 1165 2123 de
1192 2092 1367 2126 salvatore.
1414 2092 1469 2124 Ad
1490 2092 1718 2134 fragmentum
1741 2099 1784 2121 ex

316 2133 604 2174 Gigantomachia
620 2134 744 2166 Graeca
760 2134 843 2165 nihil
859 2135 893 2166 in
912 2134 995 2165 Mss.
1010 2139 1167 2166 notatum
1183 2140 1267 2168 erat.

970 2221 1110 2253 NOTAE

362 2292 423 2322 123
447 2290 581 2321 Lumina
606 2289 690 2330 coeli]
731 2291 864 2322 Latona
885 2300 1023 2330 gemens
1123 2295 1183 2323 125
1226 2293 1360 2333 Poeana]
1406 2292 1532 2325 Dictus
1570 2297 1624 2325 est
1661 2292 1785 2335 Apono

320 2349 503 2382 puerpera,
531 2351 590 2372 seu
603 2341 775 2380 laborans,
798 2341 934 2382 peperit
957 2341 1025 2372 duo
1079 2342 1198 2381 Paean,
1219 2341 1280 2373 ἀπὸ
1303 2344 1360 2374 τοῦ
1375 2342 1487 2384 παίειν,
1506 2347 1679 2386 percutere,
1695 2345 1784 2386 quod

320 2391 448 2423 lumina
473 2391 579 2430 Coeli;
614 2391 647 2422 id
676 2397 740 2432 est,
762 2392 875 2423 Solem
899 2396 936 2424 et
959 2393 1024 2424 Lu·
1079 2393 1251 2435 percutiat
1266 2392 1370 2426 feras.

321 2451 397 2472 uam
412 2451 420 2480 ;
444 2450 503 2472 seu
519 2440 686 2473 Phoebum
705 2446 740 2473 et
756 2442 915 2475 Dianam.
