1852 3182
564 216 627 245 DE
664 216 819 246 BELLO
854 218 1143 251 CILDONICO.

121 321 194 343 rum
232 321 292 342 usu
334 310 444 342 doctis
483 310 604 340 incolis
642 310 822 341 celeberri-

120 371 185 393 ma.
220 361 417 401 Antiquitus
444 359 490 390 ibi
520 360 671 391 thesauri
700 361 822 392 Persa-

121 421 194 443 rum
212 412 355 451 Regum.

165 464 284 495 Rubris
298 463 415 503 arenis]
440 463 546 494 Maris
563 463 745 503 Erythraei.

163 515 295 555 Aquilas
315 513 470 555 figamus]
505 513 675 544 Ponamus
699 518 822 545 castra.

121 566 238 597 Barth.

165 619 204 647 35
233 616 330 646 Roma
359 615 479 655 precor]
518 615 645 655 Magna
675 616 824 655 energia.

120 666 187 697 Illa
217 667 305 696 enim
329 666 477 697 Domina
506 675 616 697 rerum
646 676 707 707 pro
732 667 824 698 victu

120 720 234 756 rogat.

167 767 242 798 Tuoe
252 767 371 807 gentis]
410 768 525 807 Nepos
543 768 630 798 enim
649 778 691 799 ex
709 769 825 799 Marte

121 818 204 851 Jovi
221 818 404 849 Romulus:
435 819 491 860 qui
515 823 622 849 stator
639 824 673 849 et
691 829 825 849 conser-

120 872 218 899 vator
234 869 395 900 Romanae
413 870 461 900 rei
480 869 666 900 colebatur.
708 869 824 901 Barth.

164 922 205 951 36
230 919 373 958 Defende
391 919 526 959 famem]
550 919 654 958 Arce,
669 920 825 960 prohibe,

122 971 306 1002 Horatius:
333 972 440 1011 ‘toga
467 982 541 1012 quae
567 971 753 1003 defendere
769 971 824 1002 fri-

122 1030 183 1061 gus
200 1021 362 1053 Quamvis
379 1031 492 1052 crassa
509 1021 634 1061 queat.’
663 1023 760 1052 Idem.

165 1074 205 1101 37
230 1071 381 1109 Lugenda
410 1072 502 1101 Getis
524 1074 551 1101 et
569 1072 679 1111 flenda
702 1071 826 1111 Su'c'ris]

122 1120 321 1151 Extremam
351 1121 519 1151 miseriam
546 1121 674 1152 hostilis
691 1122 826 1152 commi-

121 1170 250 1201 seratio
266 1174 375 1201 notat.

167 1222 260 1252 Getis
273 1223 303 1252 et
319 1221 445 1261 Sum-is]
472 1221 707 1253 Ati-ocissimis
725 1221 827 1253 hosti—

121 1271 184 1303 bus
198 1271 261 1302 Rei
276 1270 441 1302 Romanae
455 1272 512 1302 has
531 1271 684 1302 nationes
700 1276 827 1313 aequat,

121 1332 264 1363 quarum
297 1327 410 1353 tamen
434 1322 566 1353 soboles
593 1333 658 1353 non
675 1323 732 1354 diu
751 1328 828 1363 post

122 1372 276 1412 Imperio
303 1371 452 1413 praefuit.
496 1372 552 1403 Sic
571 1373 700 1403 Suevus
718 1379 828 1413 patre,

122 1430 233 1454 matre
247 1423 369 1462 Getes,
387 1423 554 1464 Ricimeu‚
572 1424 741 1455 Anthemii
758 1423 827 1455 Au-

123 1473 214 1514 gusti
228 1472 331 1504 filiam
348 1474 444 1505 duxit
469 1484 623 1513 uxorem,
652 1474 828 1515 ipsumque

122 1528 203 1564 post
233 1533 388 1555 socerum
415 1523 505 1554 civili
535 1524 623 1555 bello
642 1523 829 1556 interfecit.

125 1573 245 1604 Barth.

167 1626 209 1654 38
235 1623 424 1664 Hausz'mus]
462 1624 732 1666 Exantlavimus,
755 1624 830 1655 tuli-

123 1682 210 1706 mus,
249 1675 347 1705 Idem.

170 1725 322 1756 Horreret
356 1726 492 1756 Parthia
527 1726 630 1765 casus]
669 1725 830 1756 Horrebat

126 1777 235 1818 prima
258 1777 376 1809 editio.
401 1778 545 1808 exhorret
572 1777 717 1818 Gyraldi
734 1777 830 1808 liber.

125 1833 165 1860 ut
181 1829 240 1860 lib.
264 1838 288 1860 1.
313 1830 346 1860 in
370 1830 515 1870 Eutrop.
543 1829 704 1860 exhorruit
734 1837 832 1858 annus

122 1889 243 1911 nomen.
271 1880 363 1920 prior
392 1880 521 1911 Moreti
538 1879 705 1910 horrescit:
729 1879 832 1910 etiam

126 1931 225 1963 bene.
253 1932 368 1963 Vatic.
395 1932 523 1972 primus
549 1941 568 1962 a
594 1933 704 1972 prima
719 1941 834 1971 manu,

128 1987 164 2013 et
181 1981 248 2012 duo
266 1982 335 2021 alii,
349 1981 545 2019 horretjam.
570 1981 615 2012 D.
634 1981 757 2012 Heius.

171 2034 213 2063 39
235 2032 418 2063 Tumulosve
432 2031 579 2072 repletos]
618 2032 763 2062 Cumulos
787 2032 834 2062 le·

130 2092 184 2123 ge.
213 2087 249 2113 et
274 2083 323 2113 sic
346 2092 431 2113 unus
461 2082 555 2113 Med.
580 2082 709 2113 dictum
735 2083 834 2114 Cous.

129 2132 282 2174 Olybrii,
294 2143 343 2163 vs.
363 2135 436 2164 104.
453 2137 489 2164 et
514 2132 572 2163 lib.
591 2142 650 2164 111.
667 2132 708 2163 de
725 2132 834 2173 Rapt.

128 2192 178 2214 vs.
192 2185 268 2214 342.
285 2192 394 2224 neque
411 2183 510 2213 aliter
527 2193 545 2214 a
563 2183 670 2223 prima
689 2183 835 2223 scriptu-

129 2242 167 2265 ra
182 2233 282 2275 prim.
307 2234 419 2265 Vatic.
437 2234 520 2264 Mox
536 2234 688 2266 minacem
704 2243 765 2274 pro
778 2233 835 2264 mi-

128 2287 254 2315 nantem
287 2284 399 2315 Oxou.
434 2285 587 2315 minatum
625 2285 725 2325 prim.
757 2285 835 2315 Vat.

131 2334 232 2367 Idem.

173 2387 216 2415 40
242 2385 397 2426 Corrupto
436 2385 552 2426 sidere]
596 2385 702 2426 Aere,
739 2385 835 2418 coelo,

132 2434 250 2467 Barth.

173 2488 215 2517 41
237 2485 306 2518 Aut
321 2486 472 2527 fluvium]
508 2487 561 2518 An
574 2488 709 2528 fluvium
733 2487 835 2528 prim.

130 2536 295 2569 Vatic.et
311 2537 419 2569 Oisel.
443 2538 614 2570 D.Hez·ns.

177 2588 324 2619 Fluvium
350 2598 408 2628 per
437 2591 519 2619 tecta
546 2588 675 2629 vagum]
698 2588 836 2619 Tiberis

132 2637 308 2669 inundatio
323 2643 358 2668 et
374 2648 532 2678 magnum
558 2640 678 2670 Romae
699 2640 837 2678 malum,

136 2693 173 2719 et
204 2688 368 2728 majorum
396 2688 596 2720 damnorum
632 2694 838 2730 portentum.

136 2737 314 2778 Horatius,
343 2738 400 2768 lib.
424 2747 450 2770 1.
485 2739 494 2756 ‘
510 2749 613 2778 vagus
640 2744 677 2770 et
701 2739 840 2770 sinistra

135 2789 280 2823 Labitur
291 2789 474 2831 ripa‚Jove
489 2799 554 2821 non
569 2791 733 2831 probante
748 2791 840 2822 Uxo-

417 2934 432 2951 ἱ

1462 215 1574 256 1395

874 310 941 342 rius
956 314 1087 343 amnis!

916 362 1112 404 Summisque
1128 364 1295 394 minantem
1315 365 1462 406 Collibus]
1493 369 1575 401 Qni-

872 413 933 442 bus
970 413 1177 444 inmtlificata
1211 415 1353 455 Templa
1379 421 1413 446 et
1445 418 1575 449 Palatia

873 463 1059 494 Procerum
1079 464 1317 496 Romanorum.
1348 466 1463 497 Barth.

917 516 957 545 43
984 515 1118 554 Pyrrha:
1141 515 1256 554 secula]
1290 516 1478 547 Diluvium.
1508 519 1576 548 Ho-

875 564 996 603 ratius,
1023 565 1088 595 (jd.
1130 575 1153 595 1.
1187 570 1217 596 2.
1258 567 1266 582 ‘
1283 567 1419 597 Terruit
1459 574 1576 604 gentes

876 622 978 652 grave
1006 624 1047 644 ne
1079 616 1208 646 rediret
1237 617 1395 648 Seculum
1414 618 1579 658 Pyrrhaess

876 667 941 694 otc.
988 667 1074 697 Qua*>
1094 667 1244 705 respexit
1262 673 1387 698 noster.
1432 668 1506 699 Hoc
1524 679 1579 698 au-

877 719 946 745 tem
964 725 1036 746 aevo
1055 716 1196 756 Pyrrhae
1215 717 1298 747 illud
1317 717 1476 747 diluvium
1494 728 1580 756 esse,

877 766 966 805 quod
984 767 1016 796 in
1031 767 1137 797 sacris
1153 767 1261 798 lite-ris
1284 768 1580 809 ‹lescribitur,m·e·

877 816 982 847 dibile
996 822 1058 848 est.
1084 818 1180 848 Idem.

920 869 960 897 44
989 867 1140 908 Urbisque
1163 872 1301 907 potestas
1320 869 1466 910 Decidit]
1498 870 1580 902 Qui—

877 916 951 946 dam
970 917 1061 947 orhis.
1078 927 1143 947 nou
1156 918 1279 957 placet.
1328 920 1464 950 Romam
1482 921 1579 951 intel-

877 967 956 1007 lige,
970 977 1080 999 rerum
1099 969 1279 1000 dominam.
1309 970 1427 1001 reccidit
1447 980 1579 1012 quoque

878 1028 940 1058 pro
959 1020 1089 1049 Decidit
1107 1020 1336 1051 scribendum.
1352 1022 1440 1061 quoti
1459 1028 1581 1062 postea

878 1068 912 1098 in
930 1068 1090 1099 Palatino
1106 1069 1219 1100 inveni
1233 1070 1479 1102 confirmatum.
1527 1072 1581 1102 Ci-

878 1127 957 1149 cero
975 1119 1031 1150 lib.
1054 1128 1122 1150 vn.
1139 1120 1173 1149 iu
1190 1120 1331 1150 Verrem
1349 1131 1356 1151 ε
1382 1123 1390 1137 ‘
1411 1121 1441 1151 0
1460 1130 1580 1152 nomen

879 1167 979 1199 dulce
994 1168 1182 1199 libertatis!
1212 1169 1243 1200 O
1259 1169 1316 1209 jus
1332 1170 1491 1201 eximium
1508 1180 1582 1201 nos-

879 1223 941 1250 trae
959 1220 1110 1250 civitatis
1127 1222 1133 1250 ἱ
1152 1220 1183 1249 O
1198 1221 1253 1250 lex
1271 1220 1397 1251 Porcia
1420 1221 1581 1262 legesque

877 1270 1106 1309 Semproniae!
1137 1270 1295 1301 Huccine
1312 1271 1450 1302 tandem
1471 1273 1584 1302 omnia

879 1319 1076 1350 reciderunt
1095 1319 1117 1350 ?'
1163 1321 1293 1351 Seneca
1319 1321 1470 1352 Hercule
1502 1323 1581 1352 Fur.

879 1371 888 1387 ‘
904 1370 1069 1401 Thebana
1085 1371 1186 1401 tellus
1213 1371 1403 1412 civitasque
1422 1372 1584 1412 Amphio·

880 1423 931 1454 nis
962 1424 1038 1455 Quo
1070 1423 1240 1454 recidistis
1254 1423 1275 1452 θ’
1302 1423 1349 1453 sic
1375 1433 1415 1453 ex
1437 1423 1585 1464 antiquis

878 1473 974 1505 libris
984 1473 1235 1513 corrigendum,
1249 1474 1492 1514 quomodojum
1507 1483 1583 1514 par-

878 1524 939 1555 tim
953 1524 1084 1554 Parens
1101 1533 1194 1554 meus
1206 1533 1246 1554 ex
1261 1525 1468 1565 conjectura.
1486 1524 1585 1555 Phae-

880 1574 983 1605 drus:
1007 1575 1015 1590 ‘
1031 1574 1162 1604 Delusa
1185 1583 1227 1604 ne
1252 1584 1328 1613 spes
1350 1575 1392 1605 ad
1409 1576 1583 1615 querelam

880 1624 1033 1655 recidat?
1079 1624 1148 1654 Pro
1163 1624 1300 1663 vulgata
1315 1629 1427 1655 tamen
1440 1625 1584 1665 scriptu-

880 1683 918 1704 ra
934 1674 1070 1704 videtur
1093 1679 1183 1704 stare.
1200 1674 1392 1705 Gronovius
1407 1680 1524 1706 noster
1542 1675 1584 1706 ad

881 1725 993 1765 Epist.
1005 1734 1112 1756 Lxxv.
1124 1726 1276 1765 Senecae,
1287 1730 1323 1756 et
1333 1725 1487 1765 ejusdem
1498 1726 1585 1757 Her-

882 1776 993 1807 culem
1023 1777 1224 1817 Furentcm,
1249 1786 1296 1807 vs.
1325 1779 1398 1808 269.
1419 1781 1521 1818 atque
1537 1777 1586 1808 ita

881 1827 1063 1858 Lucretius
1094 1837 1346 1868 nonuunquam.
1406 1820 1587 1858 Adeantur

882 1887 959 1918 quae
977 1877 1019 1907 ad
1036 1877 1145 1917 Epist.
1176 1886 1252 1908 mv.
1284 1878 1444 1917 Nasonis,
1469 1887 1517 1909 vs.
1533 1881 1585 1909 46.

884 1928 1126 1968 congessimus.
1152 1924 1328 1959 DsHeins.

925 1981 966 2009 45
995 1978 1157 2018 Umbram]
1191 1979 1356 2011 Miseram
1383 1979 1586 2021 inanemque

884 2028 1043 2069 effigiem.
1082 2029 1199 2059 Barth.

927 2084 969 2112 46
993 2081 1136 2121 Populis]
1171 2081 1322 2113 Civibus.
1351 2081 1474 2122 Populi
1499 2082 1586 2113 enim

885 2131 974 2163 iuter
996 2131 1061 2162 alia
1077 2137 1112 2162 et
1131 2131 1251 2170 11111115,
1274 2132 1344 2162 sive
1371 2130 1517 2163 familias
1542 2132 1587 2163 ci·

885 2183 974 2213 vium
994 2182 1172 2212 denotant.
1215 2181 1333 2221 Vulgus
1351 2182 1438 2223 plebs
1455 2186 1515 2222 est,
1535 2192 1588 2223 po-

882 2234 974 2273 pulns
993 2233 1095 2273 Cives,
1111 2232 1159 2263 ait
1175 2233 1315 2272 Papias.

929 2284 1063 2315 Petrum
1089 2283 1240 2323 consiliis]
1261 2284 1419 2324 Senatus,
1445 2283 1500 2315 cui
1532 2293 1588 2315 no-

887 2344 963 2365 men
989 2339 1024 2365 et
1052 2335 1158 2365 honos
1185 2334 1327 2365 Patrum
1354 2344 1420 2365 nou
1453 2335 1519 2364 alia
1545 2333 1588 2364 de

887 2395 988 2417 causa
1011 2385 1123 2423 datus,
1139 2395 1239 2426 quam
1270 2385 1360 2426 quod
1387 2384 1525 2416 consilio
1552 2389 1587 2414 et

886 2437 1108 2475 auctoritate,
1123 2434 1190 2466 fide
1204 2435 1308 2466 etiam
1330 2436 1452 2476 patria,
1468 2443 1589 2475 praees-

886 2491 962 2518 sent
978 2485 1200 2526 Reipublicae.
1234 2486 1350 2516 Barth.

931 2536 1111 2577 Patriisque
1135 2536 1274 2576 vigebam
1306 2533 1468 2574 Consiliis]
1510 2533 1589 2564 Non

885 2592 1070 2630 patrumque
1087 2594 1155 2619 tres
1173 2589 1302 2628 scripti.
1329 2587 1386 2617 lib.
1404 2595 1442 2616 11.
1468 2585 1500 2615 in
1523 2584 1588 2614 Sti-

888 2640 967 2671 lich.
981 2640 990 2656 ‘
1009 2639 1196 2680 patriisque
1220 2638 1386 2677 gubernas
1404 2634 1588 2674 Imperium

889 2689 1047 2720 monitis.y
1074 2689 1183 2728 Nupt.
1197 2687 1286 2718 Hon.
1302 2687 1310 2701 ‘
1327 2684 1512 2725 patriisque
1536 2693 1588 2714 re-

891 2740 972 2771 licta
989 2738 1163 2770 Mandatis
1175 2737 1196 2768 ι’
1214 2742 1250 2767 111
1266 2741 1408 2776 utroque
1423 2735 1497 2766 loco
1512 2744 1587 2766 cum

890 2788 1093 2821 membranis
1116 2787 1307 2828 legendum.
1333 2794 1381 2817 ιν.
1399 2786 1499 2817 Cons.
1519 2784 1588 2816 Ho-
