1851 3213
306 209 419 252 1252

304 316 406 357 tiquis
437 315 540 347 libris.
585 316 696 356 Vulgo
717 315 881 355 genitalia.
937 315 1004 345 Illa

300 367 435 407 'Virgilii
448 366 617 407 respexit:
641 368 649 382 ‘
667 366 882 407 Miraturque
898 375 1002 396 novas

300 415 438 447 frondes
455 421 490 446 et
513 426 577 446 non
597 426 657 446 sua
675 415 796 455 poma!
842 415 1003 446 Imitatur

300 466 526 497 Maximianus
540 466 637 504 Eleg.
654 466 774 505 prima,
790 465 854 495 etsi
868 465 1001 494 diverso

300 525 421 547 sensu:
444 516 452 531 ‘
465 516 561 546 Sicut
578 515 609 544 in
624 515 804 545 auricomis
819 514 1003 555 pendentia

299 566 462 607 plurimus
478 565 582 596 hortis
591 565 746 605 Pervigil
761 564 923 596 observat
934 575 1001 595 non

298 626 359 647 sua
374 626 474 657 poma
490 615 594 646 draco
607 615 626 645 :’
652 616 773 656 quibus
788 616 882 655 paria
897 615 999 646 habes

297 667 439 699 Anthol.
465 677 489 698 1.
516 670 568 698 20.
595 667 629 697 in
661 667 798 698 Caltinii
822 668 1001 707 Epigram-

297 723 390 749 mate
406 729 413 748 :
439 717 582 748 ὈΘνεῖοις
598 716 696 757 ὄζοισι
711 716 913 757 μετέμφυτος,
927 717 999 755 ἥμε-

296 781 336 808 ρα
362 764 477 799 ocium·
529 768 594 797 Οὐκ
622 767 693 805 ἐμὸν
719 765 875 806 ἡμετέροις
901 767 999 797 κλωσὶ

295 818 430 859 φέρουσα
445 817 549 857 βάρος.
593 818 762 857 Loquitur
779 817 869 856 pirus
885 817 999 847 silves-

297 871 369 901 tris.
415 869 510 899 Idem
539 868 659 906 Virgil.
689 867 763 897 AEn.
784 876 830 898 Π.
865 867 998 899 ‘Quale

294 921 384 950 solet
410 918 502 948 silvis
535 918 676 948 brumali
703 916 831 958 frigore
869 917 996 949 viscum

295 969 432 1000 Fronde
460 968 571 999 virere
596 977 694 1007 nova,
724 967 814 1009 quod
840 977 905 998 non
937 977 997 999 sua

293 1019 440 1051 seminat
456 1018 585 1050 arbor:’
607 1019 747 1049 adultera
775 1017 902 1049 arbusm
923 1019 997 1049 Ma·

292 1071 394 1102 nilius
419 1076 521 1101 vocat
550 1071 744 1110 eleganter:
777 1071 785 1085 ‘
804 1069 919 1111 Atque
944 1080 996 1101 ar-

292 1120 394 1151 busta
409 1121 503 1160 vagis
519 1127 633 1150 essent
651 1120 740 1161 quod
765 1119 920 1150 adultera
938 1130 996 1161 po-

293 1171 356 1201 mis
373 1170 395 1201 :'
418 1168 609 1210 ἑτεροφύτων
628 1169 755 1210 δένδρων
772 1168 921 1209 γενέσεις,
937 1171 996 1202 Ju-

292 1223 395 1263 liano,
410 1222 473 1262 Ep.
492 1230 594 1252 xxw.
621 1221 815 1252 Ennodius:
841 1222 850 1238 ‘
870 1221 994 1252 Inserit

292 1276 450 1303 externas
483 1272 663 1312 peregrino
694 1271 727 1301 in
754 1270 884 1311 cespite
901 1271 993 1311 plan-

293 1327 355 1362 tas,
370 1321 514 1352 Advena
529 1321 720 1360 conjunctis
741 1320 888 1351 sociatur
901 1321 994 1351 nexi-

293 1372 355 1402 bus
386 1370 499 1408 arbos,
527 1370 747 1400 Truncantur
774 1370 913 1409 stirpes,
938 1370 994 1400 de-

290 1431 436 1453 messum
463 1419 551 1451 falce
569 1421 707 1451 maritat
722 1420 930 1460 Virgultum,
946 1424 994 1450 te-

290 1480 372 1502 nero
384 1471 514 1511 lignum
528 1470 703 1501 mordetur
717 1470 823 1510 hiatu,
833 1469 994 1501 Geriniue

290 1521 449 1552 nobilitas
488 1521 662 1561 consurgit
686 1531 752 1551 non
779 1531 840 1551 sua
862 1520 992 1562 parvo.'

287 1572 357 1603 Sed
374 1572 553 1603 redeamus
569 1573 601 1602 in
620 1571 779 1603 orbitam.
802 1573 847 1603 D.
865 1572 978 1603 Heius.

334 1621 566 1661 Getulijaculo]
599 1621 717 1652 Getuli
744 1623 876 1653 Leones
904 1622 992 1653 cele-

289 1671 438 1702 berrimi.
462 1671 579 1702 Barth.

330 1721 460 1760 Leoena]
484 1721 561 1751 Hoc
586 1730 690 1761 genus
707 1720 877 1753 foeminam
893 1722 989 1754 saevi-
1005 1754 1007 1757 ,

287 1781 379 1802 orem
395 1780 487 1801 mare
504 1770 647 1801 faciunt.
672 1771 767 1802 Idem.

330 1824 393 1853 227
417 1822 571 1862 Hyrcana
596 1821 708 1861 bellua]
730 1821 860 1862 Tigrim
891 1822 988 1861 dicit,

287 1882 362 1913 quae
390 1872 511 1902 nobilis
546 1870 589 1901 de
618 1872 804 1912 Hyrcania.
836 1872 989 1903 Martial.

285 1925 294 1939 ⁶
311 1921 425 1962 Tigris
438 1921 479 1953 ab
494 1921 656 1962 Hyrcano
673 1922 780 1962 gloria
794 1922 989 1963 rarajug0.'

286 1972 384 2003 Idem.

327 2025 390 2052 228
413 2021 530 2052 Jurata
542 2022 679 2052 Deorum
697 2021 848 2060 Majestas
858 2022 987 2063 teritur]

284 2072 492 2114 l’riusjurat
513 2072 661 2103 omnium
677 2072 849 2103 numinum
866 2073 988 2114 majes-

286 2127 404 2162 tatem,
432 2122 554 2154 deinde
582 2122 762 2163 proculcat
792 2132 867 2153 eam
892 2124 987 2164 pedi-

284 2172 358 2212 bus,
379 2174 478 2204 homo
503 2182 621 2204 vecors
649 2177 684 2203 et
714 2173 877 2213 impurus,
905 2174 986 2205 nihil

282 2231 349 2253 uon
362 2222 448 2253 lucri
462 2223 573 2262 gratia
589 2232 698 2254 ausus.
733 2222 891 2254 Rufinum
907 2234 986 2265 qua-

280 2272 309 2303 si
339 2272 526 2304 imminutae
558 2273 750 2313 majestatis
777 2273 914 2305 videtur
932 2284 985 2305 ac-

279 2331 413 2362 cusare,
443 2323 572 2362 sprevit
593 2323 682 2353 enim
711 2322 895 2354 Arcadium
918 2333 985 2355 non

280 2373 402 2412 solum,
429 2372 488 2403 sed
513 2378 548 2403 et
570 2373 766 2403 memoriam
783 2379 874 2405 retro
891 2375 984 2414 prin-

281 2423 408 2463 cipum,
422 2422 479 2463 qui
495 2422 648 2453 divorum
666 2423 740 2452 loco
757 2427 833 2462 post
852 2423 982 2455 obitum

279 2471 408 2510 habim
445 2471 594 2512 qulnimo
628 2471 807 2502 Theodosii
837 2473 982 2505 viventis

281 2530 401 2562 parum
436 2520 503 2551 fuit
526 2531 699 2559 reverens,
733 2531 833 2561 quem
867 2528 982 2554 tamen

280 2571 497 2603 Athalaricus
509 2572 537 2603 G
546 2573 699 2602 otliorum
713 2581 771 2602 rex
784 2573 893 2603 Deum
907 2582 981 2612 pro-

280 2622 465 2654 nunciavit.
521 2622 620 2653 Silius
659 2622 815 2662 Italicus,
844 2623 902 2654 lib.
933 2633 977 2655 1.:

278 2674 288 2691 ⁶
304 2672 532 2713 Juratumque
558 2672 636 2705 Jovi
651 2671 774 2711 foedus,
797 2678 979 2705 conventa-

280 2732 347 2765 que
377 2723 519 2754 Pan-um
544 2722 673 2755 Sidonii
696 2721 829 2764 fregere
850 2722 978 2756 duces.’

279 2773 413 2806 Claver.
435 2773 534 2805 Idem.

550 219 693 250 No'rAE
725 219 990 251 VARlORUM
1025 220 1076 251 IN
1111 219 1186 251 CL.

1219 220 1399 250 CLAUD.
1435 220 1508 251 111.

1097 316 1159 345 229
1179 315 1343 354 Nunquam
1354 313 1525 344 reverentia
1534 310 1658 353 mensoe]
1677 313 1758 344 Nun-

1053 375 1142 404 quam
1158 365 1284 395 rectius
1302 364 1379 394 libri
1398 364 1544 403 aliquot:
1571 363 1660 404 qnod
1676 363 1758 394 Bar-

1054 415 1140 444 thius
1165 414 1368 445 vulin-Post
1395 414 1468 443 liz’ec
1492 412 1618 453 aliquid
1635 413 1756 444 deesse

1056 464 1224 504 suspicor,
1255 474 1321 494 non
1350 464 1439 494 enim
1471 463 1667 494 cohaerent:
1692 471 1757 494 nec

1053 515 1201 545 Claverii
1213 515 1314 545 lectio
1328 514 1508 555 quicquum
1518 513 1628 552 juvat.
1645 512 1756 544 Paulo

1053 570 1131 596 ante
1164 576 1225 606 pro
1255 569 1410 606 raptorem
1440 567 1562 604 partus,
1602 563 1756 593 Parthum

1052 605 1196 656 Gyr'ald.
1228 617 1369 647 Lucens.
1401 614 1498 655 prim.
1528 612 1688 644 Vatican.
1720 616 1757 643 et

1051 678 1111 698 sex
1143 668 1220 698 alii:
1261 677 1397 708 sequor.
1428 667 1511 696 Mox
1536 675 1595 696 non
1623 665 1757 705 pignora

1050 720 1121 749 επεὶ
1139 728 1199 759 pro
1216 728 1295 749 σφεα
1312 718 1410 758 prim.
1430 717 1540 748 Vatic.
1575 717 1623 748 D.
1638 715 1755 746 Heius.

1096 768 1255 807 Nusquam
1279 768 1451 797 reverentia
1480 765 1606 806 mensoe]
1641 766 1756 797 Reve-

1049 817 1162 847 rentia
1179 826 1301 847 mcnsae
1318 816 1476 856 juugitur
1493 816 1606 847 divino
1623 814 1753 846 cultui:

1050 876 1114 897 non
1132 877 1211 897 sane
1229 867 1439 906 principalis,
1456 876 1565 907 neque
1582 866 1625 897 de
1642 866 1754 897 Caesa-

1049 917 1140 947 ribus
1166 917 1220 947 liic
1248 926 1371 954 sermo,
1397 920 1433 947 ut
1458 916 1612 947 Claverio
1637 915 1755 955 visum,

1048 967 1107 997 sed
1123 967 1309 1006 proximam
1323 975 1342 996 a
1352 966 1504 1005 Templis
1519 965 1651 1005 arisque
1665 964 1756 995 Deo·

1048 1025 1120 1046 rum
1138 1015 1373 1046 immortalium
1389 1015 1684 1046 consecrationem
1699 1023 1755 1045 ve-

1049 1071 1156 1098 terum
1170 1067 1306 1107 Religio
1321 1065 1469 1097 habebat
1481 1066 1513 1096 in
1528 1075 1651 1096 mensae
1664 1075 1754 1096 com-

1046 1117 1155 1147 munis
1184 1116 1459 1156 participatione.
1514 1116 1637 1156 Itaque
1660 1115 1755 1146 Rufi-

1046 1176 1127 1197 num
1153 1167 1314 1197 invitatos
1340 1165 1383 1196 ad
1413 1175 1562 1196 mensam
1591 1174 1685 1195 suam
1715 1169 1752 1196 et

1045 1216 1181 1247 numine
1197 1217 1355 1257 adjurato
1381 1220 1552 1246 extractos
1575 1225 1650 1246 cum
1668 1225 1752 1247 uxo·

1045 1267 1137 1297 ribus
1155 1273 1189 1297 et
1204 1267 1320 1297 liberis
1338 1266 1517 1297 tradidisse
1539 1265 1690 1297 carnifici
1707 1265 1750 1298 ob

1045 1320 1214 1357 quaestum
1257 1315 1315 1346 ait.
1373 1315 1518 1346 Tacitus
1549 1315 1673 1347 Annal.
1708 1324 1751 1347 11.

1045 1371 1053 1385 ‘
1072 1378 1134 1409 per
1147 1369 1264 1408 epulas
1282 1378 1321 1398 ac
1337 1368 1555 1398 vinolentiam
1574 1368 1750 1399 incautum

1046 1419 1169 1459 Cotyn,
1183 1423 1218 1449 et
1235 1421 1413 1458 postquam
1438 1417 1552 1447 dolum
1574 1417 1753 1448 intellexe-

1046 1474 1111 1509 rat,
1146 1478 1244 1500 sacra
1274 1468 1396 1509 Regni,
1433 1467 1586 1508 ejusdem
1612 1466 1750 1499 familiae

1044 1520 1135 1550 Deos
1158 1524 1194 1550 et
1216 1519 1401 1560 hospitales
1424 1528 1556 1549 mensas
1580 1518 1752 1549 obtestan-

1044 1574 1112 1601 tem
1130 1570 1258 1600 catenis
1281 1568 1424 1601 onerat.'
1469 1569 1525 1599 Sic
1541 1568 1664 1599 mensis
1680 1568 1749 1600 suis

1044 1620 1186 1651 Romani
1204 1629 1363 1661 proceres
1390 1628 1455 1650 non
1480 1618 1579 1649 aliter
1594 1619 1749 1650 Deorum

1041 1670 1205 1712 imagines
1233 1670 1482 1711 praeponebant
1509 1674 1610 1710 atque
1637 1669 1751 1701 altari-

1042 1721 1103 1752 bus
1118 1723 1252 1762 arisque
1267 1722 1499 1761 Templorum.
1545 1720 1601 1752 Sic
1618 1719 1652 1751 in
1668 1720 1747 1752 salis

1041 1772 1200 1802 convictu
1227 1770 1399 1801 habebant
1419 1770 1479 1810 jus
1507 1769 1622 1810 prisci,
1642 1774 1678 1802 et
1705 1779 1747 1801 eo

1039 1821 1135 1852 illato
1151 1831 1301 1851 mensam
1318 1820 1514 1861 consecrari
1534 1820 1747 1851 arbitraban-

1041 1876 1108 1902 tur.
1155 1871 1270 1902 Barth.

1081 1924 1144 1952 230
1161 1922 1233 1952 Non
1245 1921 1370 1962 conjux,
1381 1931 1440 1952 non
1455 1921 1520 1961 ipse
1534 1921 1640 1961 simul]
1664 1919 1745 1952 Non

1039 1973 1180 2013 explent
1209 1973 1286 2003 odia
1302 1972 1379 2003 caesi
1400 1971 1603 2011 conjugibus
1615 1970 1744 2002 liberis-

1039 2031 1103 2062 que
1119 2022 1233 2052 mixtis
1261 2023 1294 2052 in
1320 2031 1434 2052 eorum
1451 2020 1616 2060 sanguine
1630 2019 1746 2051 miseri

1038 2078 1200 2113 parentes
1229 2078 1264 2103 et
1292 2072 1414 2103 mariti.
1472 2072 1550 2102 Non
1582 2071 1745 2103 convenit

1037 2124 1112 2154 haec
1129 2125 1185 2154 uni
1203 2123 1302 2154 alicui
1318 2122 1514 2153 adscribere
1530 2130 1605 2152 curn
1622 2121 1745 2152 Clave-

1038 2174 1110 2212 rio;
1145 2183 1222 2204 nam
1249 2173 1291 2204 de
1319 2172 1464 2204 avaritia
1491 2170 1607 2202 Rufini
1631 2180 1742 2202 sermo

1037 2229 1102 2263 est,
1147 2223 1302 2254 nefandis
1342 2222 1491 2254 caedibus
1523 2231 1585 2262 per
1621 2221 1741 2252 orbem

1037 2273 1230 2304 universum
1263 2272 1468 2311 bacchante,
1497 2275 1536 2303 ut
1574 2271 1654 2303 satis
1691 2275 1740 2302 te-

1036 2333 1097 2354 nor
1125 2323 1198 2364 ipse
1234 2323 1414 2354 sententiae
1428 2322 1601 2364 sequentis
1615 2321 1740 2361 arguit.

1036 2373 1076 2404 11!
1096 2383 1136 2404 m.

1076 2384 1137 2453 {31
1166 2421 1271 2461 Odiis]
1296 2422 1360 2452 His
1377 2430 1494 2452 carere
1509 2419 1601 2450 laudi
1618 2424 1738 2452 contra

1033 2473 1092 2504 dat
1106 2473 1300 2513 Stilichoni,
1317 2473 1419 2502 etiam
1436 2472 1469 2501 in
1485 2471 1524 2501 iis
1541 2472 1597 2512 qui
1612 2473 1738 2512 suppli-

1032 2525 1122 2554 cium
1149 2522 1281 2553 meriti:
1307 2531 1372 2552 non
1400 2521 1490 2551 enim
1515 2520 1580 2551 sibi
1606 2520 1736 2552 vindic-

1031 2577 1100 2603 tam
1132 2575 1296 2611 praestant
1322 2570 1472 2602 homines
1499 2571 1643 2608 cordati,
1673 2571 1736 2603 sed

1030 2622 1173 2662 legibus.
1208 2621 1310 2651 Idem.
1632 2651 1634 2654 ,

1071 2674 1135 2702 232
1149 2668 1263 2709 Notos]
1277 2669 1428 2709 Amicos,
1441 2670 1595 2701 clientes.
1613 2669 1736 2710 Egisse,

1028 2722 1231 2755 exsulatum.
1274 2721 1341 2751 Vel
1367 2726 1420 2752 est
1441 2720 1678 2752 Graecanicum
1700 2720 1735 2751 ἅ·

1027 2784 1095 2812 ’γειν
1120 2770 1172 2804 καὶ
1192 2770 1307 2815 φέρειν,
1322 2781 1463 2814 quorum
1485 2770 1574 2811 ἄγειν
1595 2769 1638 2802 ad
1660 2770 1731 2802 aui-
