1852 3182
550 208 987 238 GlGAN'POMACHlA.
1394 202 1502 242 1047

48 305 128 347 Ille
148 306 239 346 viro
260 310 353 346 toto
373 303 580 349 moriens,
604 301 886 354 serpentibus
908 302 1007 342 imis

46 373 174 414 Vivit
195 372 333 413 adhuc
356 369 539 410 stridore
559 368 701 417 ferox,
723 373 767 409 et
788 372 909 422 parte
937 367 1088 408 rebelli
1451 370 1506 407 ΞΜ

44 440 271 482 Victorem
293 443 396 491 post
417 438 509 478 fata
530 438 652 490 petit.
712 436 909 477 Tritonia
930 436 1051 489 virgo

50 507 247 554 Prosilit,
269 504 505 545 ostendens
527 505 658 545 rutila
679 518 776 545 cum
798 503 1003 557 Gorgone
1024 506 1196 557 pectus.

46 574 244 627 Aspectu
267 576 470 612 contenta
490 585 586 620 suo,
610 585 695 612 uon
715 572 850 612 utitur
870 571 1021 611 hasta:

51 640 166 682 Nam
189 640 297 680 satis
318 644 385 680 est
408 639 574 679 vidisse
596 639 731 679 semel
749 652 758 679 :
791 639 1066 691 primumque
1086 636 1295 677 furentem

48 708 244 760 Longius
265 708 309 747 iu
331 706 490 746 faciem
513 707 611 747 saxi
633 706 838 747 Pallanta
857 705 1074 746 reformat.
1456 705 1512 745 95

50 774 146 824 Ille,
178 775 330 828 procul
354 774 513 814 subitis
536 775 653 815 fixus
674 775 766 814 sine
787 774 962 814 vulnere
981 772 1127 821 nodis,

50 840 113 882 Ut
134 854 181 882 se
202 841 367 882 letifero
389 843 525 882 sensit
547 842 775 883 durescere
796 842 912 890 visu,

50 909 106 951 Et
126 912 304 950 steterat
319 909 416 962 jam
435 922 560 962 paene
578 910 712 962 lapis,
735 908 837 959 Quo
852 907 1094 949 vertimur?
1127 908 1282 961 inquii,

52 1043 113 1075 Ille
130 1045 250 1077 Mimas
278 1047 425 1077 emoriens
451 1045 636 1077 secuudum
665 1049 765 1076 totum
788 1055 896 1086 corpus
917 1045 1099 1082 humanum,
1123 1043 1198 1073 civit
1213 1043 1312 1073 ‹ulhuc
1329 1042 1515 1073 secundum

52 1091 185 1126 partem
201 1091 385 1127 ang-niueam
402 1088 640 1130 infimamscrus
655 1088 769 1126 sibilis,
793 1091 821 1118 et
838 1087 1027 1126 aggreditur
1041 1090 1130 1126 parte
1147 1086 1208 1115 liae
1227 1085 1352 1115 inimica
1368 1087 1516 1115 victorem

47 1133 117 1168 post
134 1134 260 1162 mortem
278 1142 382 1163 suam.
431 1132 535 1162 Puella
560 1131 700 1161 Tritonia
716 1131 832 1161 Pallas
845 1131 1034 1170 prorumpit,
1049 1131 1221 1159 monstrans
1235 1127 1337 1157 sinum
1350 1137 1417 1157 cnm
1436 1128 1515 1157 Gor-

48 1181 129 1211 gone
144 1173 288 1213 micante,
304 1185 363 1205 non
378 1175 525 1214 impendit
543 1174 710 1213 cuspidem,
726 1177 870 1204 contenta
886 1173 953 1203 visu
968 1183 1032 1211 suo,
1042 1181 1113 1201 nam
1122 1172 1233 1212 sufficit
1245 1171 1336 1201 semel
1348 1171 1514 1210 aspexisse.

50 1215 99 1244 Ac
111 1216 212 1255 primo
225 1216 431 1254 transformat
462 1217 638 1247 Pallantem
662 1216 838 1247 sset-iontem
857 1216 965 1256 procul
981 1215 1011 1245 in
1036 1214 1166 1254 speciem
1181 1213 1263 1243 suri.
1310 1212 1366 1243 Ille
1391 1213 1518 1249 Pallas,

52 1257 164 1298 affixus
187 1260 275 1299 longe
291 1259 421 1290 nexibus
436 1259 604 1299 repentinis
630 1259 694 1290 sine
708 1260 818 1299 plaga,
839 1262 1002 1298 postquam
1018 1256 1239 1287 animadvertit
1256 1265 1446 1286 concrescere
1457 1265 1520 1285 scm

51 1304 176 1341 aspectu
189 1303 313 1333 mortali
329 1302 493 1342 Palladis,
507 1302 637 1342 (etjam
651 1301 724 1340 fere
745 1302 925 1332 constiterat
956 1304 991 1331 ut
1014 1300 1147 1339 saxum)
1177 1300 1246 1334 Quo
1262 1295 1428 1338 rapimur?
1444 1298 1489 1329 ait
1508 1308 1517 1332 ;

664 1397 898 1408 eeeeeeeeeeee

56 1445 168 1477 Oxon.
203 1455 273 1477 sec.
309 1446 392 1476 Exc.
421 1446 501 1477 Pat.
530 1455 599 1476 rec.
639 1445 722 1475 Exc.
759 1444 903 1474 Lucens.
934 1453 983 1482 pr.
1022 1442 1103 1473 Ald.
1141 1440 1220 1471 Var.
1258 1440 1325 1471 LL.
1363 1449 1380 1469 e
1413 1448 1519 1479 marg.

55 1489 171 1520 Parm.
204 1494 240 1519 et
267 1488 320 1519 ed.
348 1488 451 1519 Antv.
491 1488 638 1518 reluctata
667 1488 750 1517 Exc.
781 1486 864 1516 eod.
899 1486 1018 1516 Rheni.
1065 1485 1202 1514 relaturo
1228 1482 1295 1512 duo
1319 1481 1413 1513 Vati.
1444 1483 1521 1512 cete-

54 1531 143 1561 orato
172 1531 236 1561 inc.
269 1530 389 1561 Heins.
419 1530 508 1560 unde
543 1530 696 1560 terebrato
726 1527 863 1566 legebat
899 1528 1018 1557 Heius.
1057 1526 1194 1563 fudisset
1221 1525 1258 1554 ab
1283 1534 1334 1554 ore
1364 1523 1520 1554 cerebrum

55 1572 186 1604 Buslid.
232 1572 318 1603 Post
344 1573 432 1603 hunc
461 1581 592 1602 versum
624 1570 749 1601 desinit
779 1570 844 1600 Ms.
873 1569 1090 1599 Bodleianus.
1113 1568 1241 1607 [Oxon.
1269 1566 1352 1606 δρα]
1378 1566 1520 1596 deerant

57 1615 187 1656 aliquot
213 1613 296 1646 folia
318 1624 424 1655 usque
443 1624 490 1644 vs.
508 1617 559 1645 28.
576 1613 652 1644 Lib.
671 1622 694 1642 i.
714 1613 754 1642 de
772 1612 887 1650 Raptu
915 1611 1233 1650 Prose1·pinae.——89
1256 1609 1338 1638 velut
1365 1611 1433 1638 tuto
1459 1617 1521 1647 pro

54 1658 122 1689 viro
139 1661 202 1689 toto
218 1658 298 1690 Vat.
327 1667 378 1698 pr.
396 1656 514 1688 Ambr.
533 1666 584 1697 pr.
602 1655 685 1687 eod.
709 1654 743 1684 S.
761 1654 867 1691 Galli,
884 1654 968 1684 Exc.
993 1653 1072 1683 Pat.
1097 1661 1166 1682 rec.
1190 1652 1271 1681 Var.
1291 1650 1360 1680 LL.
1377 1659 1396 1679 e
1412 1659 1520 1690 marg.

57 1699 172 1732 Parm.
208 1700 421 1740 spernentibus
454 1709 516 1740 pro
541 1697 734 1740 serpentibus
760 1696 834 1727 Pal.
871 1698 1009 1735 serpente
1036 1699 1190 1735 superstes
1211 1693 1294 1723 Cod.
1317 1693 1350 1721 S.
1375 1691 1523 1723 Gallie*

57 1745 100 1775 90
121 1743 256 1774 stridore
286 1743 371 1774 Exc.
400 1743 479 1773 Pat.
507 1751 576 1773 rec.
612 1741 744 1771 stridere
771 1738 890 1769 Ambr.
916 1740 1079 1769 tert.-9l
1103 1737 1183 1777 petit
1199 1736 1282 1766 Exc.
1299 1735 1377 1765 Pat.
1393 1744 1460 1765 rec.
1478 1744 1524 1764 m.

59 1795 127 1817 sec.
157 1785 241 1824 serit
256 1786 397 1826 Vat.pr.
415 1784 534 1816 Ambr.
551 1794 602 1825 pr.
621 1783 704 1815 Cod.
723 1784 755 1813 S.
772 1781 878 1820 Galli,
894 1782 976 1812 Vat.
1001 1781 1110 1811 Livin.
1128 1779 1213 1809 Exc.
1228 1778 1305 1808 Pat.
1325 1787 1392 1808 ree.
1406 1787 1450 1807 m.
1468 1786 1522 1817 pr.

59 1831 143 1860 —93
168 1830 303 1868 Aspectu
317 1831 491 1868 contempta
504 1827 654 1858 Florent.
672 1825 766 1857 Med.
783 1826 921 1865 piu—94
945 1824 1017 1854 Non
1033 1823 1111 1853 satis
1127 1821 1246 1852 Ambr.
1264 1825 1346 1850 tert.
1386 1820 1457 1850 Non
1470 1820 1524 1849 vel

62 1872 147 1902 Nam
174 1872 302 1902 Mon-et.
332 1881 383 1912 pr.
418 1870 530 1901 vidisse
545 1869 651 1908 feram
667 1867 798 1899 Buslid.
829 1866 989 1905 serentem
1006 1866 1086 1897 Vat.
1103 1869 1215 1905 quart.
1245 1863 1432 1901 frementem
1444 1861 1524 1892 Vat.

62 1917 215 1945 sec.—95
232 1913 320 1952 facie
350 1913 435 1945 Cod.
467 1913 502 1944 S.
522 1913 624 1944 Galli.
654 1911 761 1950 forma
788 1909 882 1941 Med.
909 1919 979 1940 sec.
1009 1908 1150 1948 sormam
1174 1911 1320 1948 quatuor
1336 1906 1429 1936 Vatt.
1447 1905 1523 1935 Pal.

62 1956 158 1988 Rott.
175 1956 283 1987 oisel.
308 1957 461 1988 Florent.
489 1956 556 1987 duo
571 1954 666 1986 Med.
693 1954 760 1985 inc.
788 1952 909 1984 Heius.
936 1952 1018 1982 Put.
1034 1951 1101 1981 duo
1118 1950 1243 1980 Petav.
1259 1949 1390 1979 Bonon.
1406 1947 1527 1978 Ambr.
1584 1975 1587 1978 ,

61 2004 144 2030 tert.
172 2000 299 2030 Moret.
323 2009 372 2039 pr.
395 1998 527 2030 Buslid.
556 1997 641 2029 Cod.
666 1996 786 2037 Epigr.
815 1994 934 2026 Ambr.
965 1994 1052 2025 Exc.
1083 1993 1161 2024 Pat.
1178 2002 1245 2022 rec.
1262 1991 1364 2021 Varr.
1388 1990 1455 2021 LL.
1471 1990 1526 2021 ed.

52 2039 168 2072 ·Antv.
205 2052 283 2072 saxa
313 2042 397 2073 Cod.
424 2042 458 2073 S.
488 2041 589 2072 Galli.
628 2040 774 2071 Pallante
802 2037 1022 2068 Rasum—96
1035 2036 1120 2078 fixis
1135 2036 1214 2065 Vat.
1233 2038 1312 2065 tert.
1330 2033 1406 2063 Pal.
1436 2034 1529 2063 Rott.

63 2084 129 2114 duo
145 2083 241 2114 Med.
259 2084 390 2115 Buslid.
403 2085 486 2115 Var.
504 2084 570 2115 LL.
587 2083 642 2114 ed.
660 2083 849 2113 Antv.-97
876 2081 919 2111 Et
934 2089 966 2111 se
991 2078 1121 2110 Buslid.
1154 2077 1297 2114 lentifero
1310 2075 1393 2107 Cod.
1408 2075 1527 2116 Epigr.

64 2126 268 2157 Ambr.—-98
289 2136 365 2166 pene
389 2127 473 2157 Exc.
498 2126 643 2157 Lucens.
672 2134 721 2165 pr.
754 2134 841 2164 paene
865 2124 946 2154 Vat.
974 2132 1024 2162 pr.
1063 2125 1154 2162 parte
1181 2124 1326 2161 quatuor
1341 2119 1438 2149 Vatt.
1455 2118 1529 2148 Pal.

66 2169 160 2201 Rott.
185 2168 293 2200 Oisel.
321 2170 474 2200 Florent.
505 2174 575 2200 tres
596 2167 691 2199 Med.
707 2167 774 2197 inc.
793 2166 916 2197 Heius.
937 2165 1020 2196 Put.
1037 2163 1104 2195 duo
1123 2164 1244 2194 Petav.
1263 2163 1394 2193 Bonon.
1411 2160 1528 2192 Ambr.

725 2241 864 2274 NOTAE

107 2326 150 2355 89
172 2323 369 2364 Ser-pentibus
380 2324 465 2365 imis]
487 2324 654 2365 Gigantes
668 2323 769 2355 habe·
864 2324 904 2352 91
933 2318 1092 2359 Tritonia]
1116 2317 1224 2357 Supra
1249 2315 1291 2346 de
1312 2314 1478 2350 Tritonia,
1493 2316 1529 2343 et

67 2373 149 2406 hant
163 2372 344 2405 inferiores
356 2374 509 2415 corporis
523 2378 637 2415 partes
652 2373 770 2414 angui·
823 2371 866 2403 de
886 2369 1033 2402 Medusa
1051 2376 1115 2398 uua
1131 2376 1173 2397 ex
1186 2364 1418 2406 Gorgonibus‚
1431 2362 1528 2402 cujus

68 2435 158 2464 neas,
189 2424 279 2455 unde
317 2429 353 2456 et
393 2424 553 2456 dicuntur
586 2434 605 2454 a
640 2423 770 2455 Graecis
823 2426 929 2462 caput
945 2422 1144 2460 spectantes
1162 2418 1196 2448 in
1213 2426 1294 2447 saxa
1310 2413 1481 2446 vertebat.

69 2473 317 2516 δρακοντόποδες,
331 2474 528 2515 anguipedes,
556 2475 608 2504 vel
625 2473 668 2504 ob
689 2472 772 2503 invi·
869 2474 911 2503 92
937 2472 1016 2502 Cum
1034 2469 1179 2507 Gorgone
1193 2465 1314 2507 pectus]
1339 2463 1531 2495 Ostendens

68 2535 137 2557 sam
149 2524 339 2556 hominibus
355 2523 512 2564 formam,
537 2525 589 2555 vel
607 2524 650 2555 ob
667 2524 773 2556 ineos·
827 2525 950 2564 pectus
965 2530 1060 2552 suum
1078 2518 1243 2549 munitum
1262 2515 1383 2555 aegide,
1404 2515 1436 2544 in
1464 2521 1532 2553 qua

70 2586 142 2608 sum
157 2575 352 2616 superbum,
369 2576 422 2606 vel
440 2575 529 2617 quod
543 2575 625 2606 nihil
641 2580 773 2606 rectum
827 2573 976 2606 Medusa
992 2573 1123 2602 inserta
1136 2573 1221 2600 erat.

71 2631 222 2666 agerent.
268 2626 337 2656 Per
358 2626 418 2657 hos
434 2626 672 2667 intelliguntur
687 2625 775 2656 sedi·
871 2627 913 2656 93
940 2620 1108 2661 Contenta]
1125 2621 1294 2652 Contenta
1306 2620 1448 2657 aspectu
1460 2621 1533 2650 suo,

73 2675 162 2715 tiosi,
175 2676 279 2716 impii,
296 2676 468 2717 sacrilegi,
483 2677 537 2707 vel
554 2675 706 2718 tyranni,
721 2675 775 2705 vel
830 2684 889 2706 seu
909 2677 1070 2705 contenta
1086 2670 1194 2712 aspici
1220 2680 1239 2699 a
1256 2665 1448 2707 gigantibus
1463 2673 1472 2701 ἱ
1497 2661 1530 2693 ld

75 2725 179 2764 venti,
192 2726 247 2756 vel
263 2727 410 2769 denique
427 2727 527 2759 turris
544 2726 653 2758 Babel
665 2725 775 2758 insani
829 2724 920 2757 enim
933 2723 975 2755 ad
990 2720 1165 2753 victoriam
1179 2716 1381 2750 sufficiebat.

75 2775 259 2806 molitores.
