1851 3213
247 185 362 227 1244

249 287 603 327 tineiid11m‚gertnine:
621 290 657 316 ut
667 294 859 326 pergermen
873 285 953 314 Cau-

248 348 380 378 caseum,
396 337 557 369 aconiton
571 337 742 376 intelligat
758 346 800 366 ex
818 335 956 366 Prome-

249 389 321 421 thei
345 398 468 420 crnore
494 392 623 419 natum.
669 389 801 418 Seneca
818 386 956 422 Medea,

248 441 257 457 ⁴
277 439 441 480 Congerit
469 439 500 469 iu
530 448 632 468 uuum
659 436 766 476 frugis
796 436 956 466 infaustae

250 491 339 523 mala
362 492 447 524 Quae
466 489 534 520 fert
552 489 682 529 opertis
697 488 819 528 hyeme
838 496 959 528 perpe-

252 547 312 573 tua
332 542 422 583 jugis
461 542 605 581 Sparsus
636 548 758 570 cruore
786 539 959 569 Caucasus

252 591 476 625 Promethei.'
511 592 559 622 D.
578 591 691 622 Heius.

296 646 357 674 152
377 642 548 681 Caucasus]
571 642 610 672 In
624 652 663 672 eo
677 645 793 672 monte
811 639 961 670 omnium

254 693 466 735 Magicarum
503 692 684 723 herbarum
725 691 962 731 potentissima

253 743 482 774 Promethaeis
511 742 675 773 nascitur.
722 742 785 771 Est
808 745 842 770 et
859 744 962 770 caete-

255 803 367 824 rarum
377 793 498 824 eodem
511 790 708 822 facientium
721 789 962 820 feracissimus.

255 846 372 877 Barth.

303 897 442 928 Vermmt
468 894 500 924 in
525 892 664 924 carmina
697 890 804 930 rupes]
843 887 965 920 Effica-

257 946 351 978 ciora
377 945 419 976 ad
448 944 577 982 toxica,
609 941 760 983 germina
791 944 964 979 montana,

255 995 348 1038 qnod
365 995 584 1026 observatum
601 996 654 1023 est
685 1002 705 1022 a
731 990 882 1022 Turneb.
905 990 965 1020 lib.

256 1054 366 1078 xvuI.
390 1055 465 1086 cap.
484 1047 535 1076 12.
560 1049 595 1074 et
612 1042 749 1074 videtur
769 1041 965 1073 consentire

256 1096 381 1138 Virgil.
397 1105 462 1127 vu.
486 1094 620 1126 AEneid.
643 1095 651 1110 ‘
671 1092 795 1124 Marsis
813 1091 966 1133 quaesitae

258 1146 292 1178 in
305 1146 478 1178 montibus
496 1143 633 1176 lierbze!
666 1145 721 1174 De
738 1142 920 1174 herbarum
934 1141 966 1172 vi

258 1198 293 1229 in
324 1198 513 1236 veneficiis,
551 1197 628 1236 lege
658 1195 749 1226 Plin.
779 1195 836 1226 lib.
865 1203 967 1225 xxiv.

260 1259 335 1291 cap.
349 1252 379 1281 2.
393 1249 449 1290 qui
465 1249 654 1279 Homerum
668 1246 765 1277 citat.
789 1246 968 1285 Dempster.

305 1302 367 1331 153
383 1298 477 1337 Legit
494 1295 622 1335 Medea]
644 1294 782 1326 Medeae
801 1294 970 1325 veneficia

261 1354 297 1381 et
315 1349 446 1381 furores
464 1346 632 1378 notissimi
649 1356 691 1376 ex
707 1345 812 1376 Ovid.
829 1345 886 1375 lib.
904 1354 969 1376 vu.

260 1398 345 1431 Fab.
361 1402 393 1430 2.
411 1408 455 1429 ex
471 1397 614 1435 Seneca,
638 1396 742 1427 Ovid.
766 1395 972 1435 κακοτεχνίας

261 1450 318 1482 111).
334 1459 377 1481 11.
412 1450 421 1466 ‘
441 1448 519 1480 Nou
545 1446 674 1479 faciens
699 1450 737 1478 ut
758 1447 853 1478 vivat
878 1456 972 1478 amor

262 1499 443 1532 Medeides
457 1497 592 1530 herine!
617 1497 738 1528 Tibull.
758 1497 816 1527 lib.
833 1506 857 1527 1.
876 1497 972 1537 Eleg.

262 1556 294 1585 2.
330 1554 339 1570 ‘
355 1553 436 1584 Sola
464 1557 582 1583 tenere
607 1551 712 1581 malas
736 1550 870 1580 Medeae
889 1549 974 1580 dici·

264 1609 320 1636 tur
336 1602 481 1635 hen-bas)
517 1601 650 1636 Quibus
668 1601 750 1632 locis
767 1609 918 1639 moveor,
935 1602 974 1629 ut

266 1664 419 1686 errorem
445 1664 488 1685 ex
514 1651 699 1692 Propertio
717 1650 858 1688 tollam;
881 1649 974 1690 apud

266 1714 368 1747 quem
385 1704 443 1734 lib.
460 1713 508 1734 1v.
537 1703 635 1743 Eleg.
652 1705 684 1733 7,
709 1701 911 1742 depravate,
937 1704 975 1732 ur.

266 1760 364 1798 puto,
377 1754 500 1795 legitur
516 1764 523 1784 ε
548 1754 557 1770 ‘
574 1753 601 1783 si
617 1757 651 1784 te
667 1761 736 1783 non
754 1755 862 1783 totum
877 1751 976 1782 Chlo-

267 1805 360 1838 ridos
386 1804 492 1835 herba
512 1802 623 1844 regit,'
647 1811 776 1843 repone
799 1802 976 1843 Colchidos,

269 1855 302 1888 id
320 1859 384 1893 est,
402 1853 551 1886 Medeae.
591 1853 737 1893 Dempst.

313 1904 432 1945 Ferox]
449 1904 505 1936 Ob
519 1903 645 1935 caedeis
657 1903 832 1944 plurimas.
852 1903 977 1934 Callida

274 1958 365 1989 Circe
381 1956 425 1987 ob
443 1955 574 1986 dolosas
598 1954 769 1995 hospitum
788 1953 976 1994 captiones.

271 2008 386 2040 Barth.

316 2061 378 2089 154
411 2057 575 2097 sacrisque
602 2056 701 2088 citari
725 2055 886 2086 nocturnis
913 2055 980 2087 He-

271 2108 376 2149 caten]
401 2108 482 2139 Loci
499 2107 599 2148 hujus
614 2107 787 2138 restitutio
805 2106 978 2138 Claveria-

272 2170 316 2192 no
342 2160 452 2191 codici
476 2159 635 2190 debetur.
676 2159 862 2199 Vulgatum
888 2158 980 2189 licut-i

275 2210 455 2251 σολοικίζει.
500 2211 633 2242 Seneca
664 2210 805 2250 OEdipo,
842 2219 883 2240 ex
910 2208 978 2240 fide

274 2262 479 2303 optimarum
506 2261 790 2299 membranarum,
824 2260 832 2276 ‘
865 2258 981 2290 fundit

276 2318 313 2346 et
338 2313 512 2344 Bacchum
538 2322 640 2343 manu
670 2312 794 2350 Laeva3
819 2310 981 2351 canitque

276 2372 405 2402 rursuS,
429 2367 463 2393 et
488 2366 615 2392 terram
644 2361 778 2392 intuens
810 2360 981 2392 Graviore

275 2423 392 2446 manes
408 2422 491 2443 voce
509 2417 544 2443 et
558 2413 706 2443 attonita
719 2412 801 2443 citat
812 2411 831 2442 :'
849 2411 904 2442 ubi
921 2412 981 2441 ciet

276 2467 312 2497 in
339 2463 498 2504 vulgatis,
535 2464 599 2494 etsi
644 2462 819 2494 minimum
859 2461 981 2492 refert.

277 2516 400 2556 Isingr.
417 2520 453 2546 et
468 2515 614 2545 Lucens.
631 2513 747 2544 levavi:
762 2513 930 2554 quomodo
947 2516 982 2543 et

277 2567 476 2599 Pricaeanus
487 2574 546 2606 pro
558 2564 692 2595 diversa
703 2564 868 2595 lectione:
883 2564 980 2604 prim.

278 2617 394 2650 Vatic.
411 2617 548 2648 litando.-
566 2625 631 2646 non
645 2616 751 2646 male:
770 2614 827 2646 alii
847 2614 982 2655 quidam

278 2668 392 2700 litatis.
426 2668 530 2698 Forte
546 2667 691 2698 citatam.-
714 2671 750 2696 ut
776 2665 819 2696 ad
841 2663 879 2695 τὸ
897 2664 984 2695 traxi

281 2718 466 2754 referatur.
507 2719 635 2750 Noster
665 2716 723 2748 lib.
742 2726 767 2749 ι.
807 2716 849 2747 de
881 2716 984 2755 Rapt.

280 2771 289 2787 ‘
307 2769 487 2812 patefacta
500 2769 598 2801 ciebo
609 2767 776 2800 Tartara.'
800 2767 876 2799 Val.
889 2766 986 2798 Flac·

1013 2105 1189 2145 -Isingrim

497 194 641 225 No'rAE
672 190 938 223 vARloRUM
973 189 1024 219 ΙΝ
1058 188 1132 219 CL.
1165 186 1349 218 CLAUD.
1383 183 1458 214 111.

1005 292 1077 321 cus,
1094 282 1152 314 lib.
1165 291 1220 313 111.
1243 281 1251 298 ‘
1271 279 1375 311 furias
1393 278 1565 320 ditemque
1581 276 1681 309 ciebo
1690 277 1712 309 ι’

1006 334 1064 365 ubi
1097 333 1224 364 frustra
1254 331 1375 362 movebo
1408 329 1581 361 Carrionis
1609 328 1711 360 liber.

1007 384 1168 415 Barthius
1213 391 1300 413 nova
1340 378 1564 410 distinctione
1593 387 1714 419 parum

1006 435 1086 466 huic
1116 435 1193 466 loco
1219 433 1378 465 consulit.
1418 430 1517 462 Idem
1540 429 1715 468 Valerius,

1007 486 1094 516 libro
1110 494 1175 515 vn.
1208 485 1216 500 ‘
1234 483 1358 514 Noctis
1384 481 1500 512 heram
1526 479 1716 520 Ditemque

1010 536 1129 569 ciens.'
1160 536 1282 576 Virgil.
1319 536 1327 551 ⁶
1355 534 1616 572 Nocturnosque
1646 529 1717 561 ciet

1009 587 1147 618 manes!
1184 591 1220 618 et
1236 585 1309 617 Ecl.
1328 593 1410 615 vm.
1442 585 1451 599 ‘
1466 591 1582 613 manes
1599 580 1716 612 excire

1010 637 1222 678 sepulchris!
1273 635 1484 674 Ammianus,
1506 633 1594 664 libro
1611 640 1720 664 xxix.

1013 690 1022 706 ‘
1049 688 1339 719 Pollentinianum
1386 685 1559 717 tribunum
1597 682 1718 714 iisdem

1012 738 1132 769 diebus
1149 740 1342 769 convictum
1355 735 1615 776 confessumque
1628 732 1720 774 quod

1012 787 1153 818 infernis
1170 787 1322 817 manibus
1339 786 1461 817 excitis
1479 785 1522 816 de
1546 787 1720 824 permuta-

1014 837 1106 868 tione
1139 836 1274 876 imperii
1304 835 1481 867 consulere
1516 844 1617 865 ausus
1656 837 1722 872 est,

1015 886 1107 918 abire
1117 887 1220 927 jussit
1232 885 1397 916 illaesum.'

1059 941 1120 969 155
1155 936 1352 976 Nocturnus]
1388 935 1505 966 Noctu
1529 934 1620 965 enim
1651 933 1723 975 pla-

1016 987 1159 1020 cabatur
1182 988 1336 1018 Hecates
1352 995 1488 1026 numen,
1505 989 1563 1016 aut
1586 984 1645 1015 illa
1666 993 1726 1015 ex-

1016 1040 1170 1071 ciebatur
1183 1039 1226 1069 ad
1239 1038 1397 1078 Magicas
1412 1035 1617 1078 praestigias.
1633 1034 1724 1066 Vide

1016 1089 1237 1130 Apollonium
1255 1088 1448 1129 Argonaut.
1462 1097 1518 1119 ιιι.

1064 1141 1198 1172 Condita
1220 1139 1352 1180 funera]
1391 1140 1543 1170 Fallaces
1574 1142 1726 1170 mortuo-

1019 1202 1090 1223 rum
1117 1191 1255 1233 figuras.
1302 1191 1379 1222 Hoc
1405 1191 1495 1221 enim
1521 1191 1611 1221 inter
1638 1190 1727 1221 ludi-

1019 1242 1095 1273 bria
1112 1252 1227 1273 eorum
1245 1241 1367 1282 quibus
1379 1241 1524 1271 Satanas
1536 1240 1727 1272 fascinabat

1019 1298 1182 1332 mentem,
1209 1301 1309 1333 posse
1326 1300 1383 1321 eos
1407 1291 1480 1331 jam
1508 1291 1644 1330 sepulta
1672 1300 1726 1322 ca-

1022 1347 1148 1375 davera
1164 1342 1369 1374 carminibus
1383 1341 1552 1372 reducere
1565 1342 1597 1371 in
1610 1342 1727 1372 vitam.

1021 1395 1148 1426 Tibull.
1166 1394 1223 1425 lib.
1240 1403 1265 1425 1.
1303 1394 1312 1409 ‘
1333 1393 1421 1423 Haec
1442 1396 1546 1423 cantu
1561 1390 1728 1433 finditque

1023 1446 1143 1485 solum,
1165 1453 1347 1484 manesque
1363 1443 1530 1483 sepulcris
1551 1442 1668 1482 Elicit,
1695 1447 1731 1473 et

1024 1496 1143 1537 tepido
1161 1495 1309 1526 devocat
1324 1503 1399 1525 ossa
1413 1493 1520 1534 rogo.'
1549 1492 1665 1525 Barth.

1068 1548 1130 1576 157
1157 1545 1306 1581 Quamvis
1323 1545 1496 1575 Parcarum
1513 1545 1669 1574 restarent
1685 1542 1731 1584 fi-

1024 1597 1069 1638 la]
1092 1597 1224 1628 Contra
1239 1595 1301 1627 fati
1319 1595 1485 1633 ordinem,
1509 1598 1631 1625 contra
1648 1598 1734 1625 tem·

1025 1657 1088 1688 pus
1106 1647 1188 1678 vitae
1205 1645 1395 1688 praefixum.
1432 1645 1552 1676 Barth.

1069 1700 1132 1729 158
1156 1697 1208 1727 Ire
1223 1707 1320 1736 vagas
1332 1697 1472 1737 quercus]
1497 1694 1733 1727 Nemesianus.

1026 1749 1155 1789 Ecloga
1171 1757 1220 1780 ιν.
1254 1750 1262 1764 ⁸
1281 1746 1446 1778 Cantavit
1463 1746 1554 1788 quod
1577 1746 1674 1776 Luna
1693 1745 1734 1776 ti·

1025 1804 1109 1839 met,
1132 1810 1198 1841 quo
1224 1798 1391 1839 rumpitur
1415 1797 1545 1838 augme,
1568 1797 1645 1830 Quo
1662 1806 1737 1827 cur-

1026 1856 1107 1883 runt
1137 1849 1282 1891 scopuli,
1306 1849 1456 1888 migrant
1487 1851 1572 1887 sata,
1594 1846 1735 1877 vellitur

1026 1901 1152 1934 arbor?
1177 1901 1314 1932 Pariter
1331 1899 1451 1930 Poetae
1477 1898 1546 1936 3111,
1570 1898 1611 1928 de
1630 1902 1736 1928 trans-

1027 1954 1107 1984 latis
1135 1951 1312 1984 arboribus
1337 1955 1372 1981 et
1399 1949 1588 1990 segetibus,
1613 1957 1735 1988 campo

1027 2014 1150 2045 nempe
1169 2004 1202 2033 iu
1215 2012 1287 2033 suo.
1311 2000 1431 2032 Barth.

1073 2055 1118 2085 Et
1127 2054 1267 2092 fulmina
1283 2056 1368 2084 stare
1383 2050 1485 2091 coegi]
1507 2050 1565 2082 Sic
1577 2048 1687 2081 Aldus
1702 2054 1739 2081 et

1249 2103 1331 2142 Alii,
1369 2101 1517 2143 flumina.
1563 2099 1741 2140 Lucensis,

1022 2158 1157 2198 fulmen.
1189 2156 1316 2196 Vulgo,
1323 2155 1473 2196 flamina.
1506 2151 1740 2185 SenecaHer-

1032 2210 1107 2240 cule
1119 2209 1244 2247 OEtaeo‚
1259 2208 1268 2223 ⁶
1283 2207 1328 2237 Et
1340 2206 1460 2237 bruma
1472 2213 1596 2236 messes
1612 2202 1744 2242 videat,

1033 2265 1068 2292 et
1088 2264 1227 2291 cantum
1254 2256 1360 2298 fugax
1386 2257 1464 2288 Stet
1489 2254 1740 2296 deprehensum

1032 2310 1185 2343 fulmen!
1216 2309 1273 2340 Ita
1288 2308 1436 2349 optimus
1453 2305 1562 2337 codex
1577 2315 1586 2336 ι
1602 2313 1670 2335 non
1685 2303 1743 2335 sit.

1034 2362 1127 2394 Naso
1144 2360 1253 2401 Epist.
1272 2369 1320 2390 vr.
1344 2360 1353 2376 ‘
1372 2358 1437 2389 Illa
1453 2356 1607 2388 refrenat
1622 2363 1741 2396 aquas,

1034 2412 1237 2452 obliquaque
1262 2408 1405 2440 fulmina
1421 2405 1546 2438 sistitz'
1570 2405 1741 2446 quomodo

1034 2464 1103 2494 illic
1121 2461 1242 2502 scripti
1255 2459 1420 2491 nonnulli.
1452 2456 1614 2489 Barthius
1627 2456 1661 2487 in
1675 2456 1740 2487 hoc

1036 2511 1215 2544 Claudiani
1242 2511 1318 2541 loco
1336 2509 1508 2548 vulgatam
1535 2506 1742 2547 scripturam

1035 2563 1165 2595 frustra
1181 2565 1306 2593 tuetur.
1344 2560 1391 2591 D.
1409 2558 1524 2590 Heius.

1080 2615 1142 2644 160
1165 2610 1330 2650 Locutum]
1362 2609 1419 2640 Ita
1444 2608 1525 2639 libri
1551 2616 1654 2639 manu
1684 2616 1741 2638 ex-

1037 2664 1143 2695 arati:
1170 2667 1206 2694 et
1232 2662 1339 2702 exigit
1355 2671 1409 2692 res
1427 2660 1512 2701 ipsa.
1557 2659 1600 2690 In
1625 2668 1743 2690 senem

1038 2715 1125 2746 euim
1150 2723 1215 2745 non
1232 2721 1331 2744 anum
1348 2711 1493 2744 mutavit.
1504 2709 1648 2743 formam
1668 2708 1744 2742 Me-

1038 2774 1139 2807 gaera.
1171 2764 1286 2796 Barth.
