1851 3213
301 206 414 248 1152
730 218 804 248 οι.
837 217 1117 248 cLAuoiANl
1154 216 1342 247 Lxxni.

903 425 1163 474 LXXIII.

297 567 367 609 23.
401 567 485 609 DE
517 566 774 616 FRAENO,
799 566 1139 616 PHALERIS,
1173 564 1252 606 ET
1285 561 1573 605 CINGULO
1606 561 1764 613 EQUI

582 633 867 675 HONORH
900 633 942 674 A
975 632 1230 675 SERENA
1262 630 1486 674 MISSIS.

297 744 335 784 Ο
370 744 533 784 FELIX
559 744 750 797 sonipes,
772 744 880 783 tanti
898 744 968 783 cui
990 743 1124 782 fraena
1146 742 1297 782 mereri

295 810 522 859 Numinis,
544 814 586 850 et
608 810 747 849 sacris
768 809 892 849 licuit
913 810 1073 849 servire
1093 808 1256 861 lupatis
1275 823 1283 847 ε

295 877 383 919 Seu
403 881 475 918 tua
498 890 575 933 per
597 889 782 928 campos
804 879 934 916 vento
946 875 1058 930 juba
1079 875 1185 915 lusit
1205 874 1416 925 Hiberos,

294 945 385 985 Seu
404 948 446 985 te
470 943 794 998 Cappadocum
817 944 961 996 gelida
984 944 1064 983 sub
1085 943 1203 984 valle
1226 946 1447 986 natantem

294 1012 471 1066 Argaeae
494 1012 643 1052 lavere
665 1013 812 1053 nives:
846 1025 922 1052 seu
944 1012 1049 1052 laeta
1070 1012 1247 1052 solebas
1736 1011 1765 1051 5

293 1079 541 1121 Thessaliae
564 1078 721 1132 rapido
743 1079 1032 1133 perstringere
1050 1091 1220 1132 pascua
1242 1092 1374 1120 cursu
1392 1093 1401 1120 :

294 1146 468 1200 Accipe
491 1147 657 1198 regales
680 1146 842 1197 cultus,
867 1150 910 1186 et
931 1146 1047 1186 crine
1071 1147 1290 1198 superbus

296 1214 454 1256 Erecto
476 1214 640 1255 virides
665 1216 836 1268 spumis
858 1214 1069 1267 perfunde
1090 1213 1362 1267 smaragdos,

338 1346 367 1375 0
389 1355 463 1385 eque
481 1343 660 1383 fortunate,
684 1346 734 1376 cui
757 1346 890 1385 contigit
913 1346 1082 1385 promereri
1107 1346 1241 1377 habenas
1266 1346 1444 1376 divinitatis
1465 1348 1576 1385 iantae,
1597 1349 1628 1377 et
1651 1356 1762 1386 parere

283 1388 399 1425 sraenis
413 1387 570 1418 sacratis!
592 1388 656 1418 sive
671 1388 751 1426 juba
781 1392 834 1418 tua
862 1388 981 1428 difficsa
1009 1392 1056 1419 est
1081 1392 1173 1419 vento
1194 1399 1249 1428 per
1273 1398 1366 1427 agros
1389 1389 1581 1428 Hispaniae;
1601 1399 1655 1420 seu
1677 1390 1764 1420 nives

291 1431 405 1461 montis
429 1429 541 1468 Argoei
566 1434 744 1469 sparserunt
770 1434 799 1460 te
825 1434 984 1461 natantem
1009 1432 1042 1462 in
1067 1432 1145 1462 valle
1165 1431 1293 1470 frigida
1313 1431 1538 1471 Cappadociae:
1561 1441 1614 1461 seu
1636 1441 1762 1462 consue-

291 1482 378 1504 veras
400 1472 560 1503 transilire
590 1473 671 1503 saltu
694 1474 854 1513 praecipiti
878 1478 970 1513 prata
990 1474 1123 1515 pinguia
1155 1474 1341 1509 Thessalioe;
1365 1475 1465 1513 recipe
1490 1478 1671 1505 ornamenta
1697 1474 1761 1505 Im-

287 1516 458 1556 peratoria,
480 1518 508 1546 el
534 1516 713 1556 superbiens
731 1516 810 1554 jaba
825 1516 958 1556 sublata,
980 1527 1093 1558 sparge
1108 1518 1225 1557 spumis
1238 1518 1420 1556 smaragdos
1434 1517 1578 1548 virentes.
1625 1517 1762 1548 Monilia

908 1599 1143 1611 eeeeeeeeeeee

333 1650 375 1681 In
393 1649 508 1681 Oxon.
521 1659 590 1681 sec.
608 1649 657 1681 ita
673 1650 883 1681 inscribitur.
910 1650 951 1680 In
965 1650 1045 1680 Vat.
1063 1660 1114 1690 pr.
1134 1649 1228 1681 Med.
1245 1659 1312 1682 see.
1329 1655 1365 1681 et
1380 1651 1460 1681 Vat.
1481 1650 1591 1681 Livin.
1610 1654 1686 1682 erat
1709 1651 1761 1682 De

291 1703 363 1733 equo
379 1694 457 1723 dono
472 1694 557 1723 dato.
581 1693 675 1724 Med.
693 1698 806 1733 quart.
835 1693 950 1724 habet.
974 1694 1024 1723 Ad
1040 1702 1148 1732 equum
1168 1693 1302 1723 Honor-ii
1324 1694 1446 1724 Sched.
1465 1694 1555 1724 Gnd.
1579 1694 1630 1724 De
1649 1693 1759 1732 freno,

291 1736 436 1766 Phaleris
449 1739 478 1766 et
495 1735 629 1774 Cingulo
643 1735 845 1766 inscribunt.
858 1737 940 1766 Var.
959 1736 1023 1766 LL.
1039 1735 1094 1766 ed.
1111 1734 1215 1765 Antv.
1242 1737 1292 1766 De
1307 1746 1380 1776 equo
1398 1737 1544 1768 Honorz'i.
1560 1737 1690 1768 Moret.
1705 1745 1760 1777 pr.

291 1779 347 1809 Ex
358 1780 461 1809 eodem
479 1778 629 1809 exhibet.
654 1778 692 1808 In
712 1778 793 1808 Put.
811 1778 941 1808 duobus
959 1778 1081 1808 Perav.
1101 1781 1165 1808 &ta
1183 1778 1366 1818 Inscriptio
1385 1779 1516 1809 deerat.

333 1824 349 1852 1
377 1821 460 1851 tanti
474 1820 524 1850 cni
540 1826 686 1860 quatuor
711 1821 807 1851 Vatt.
826 1820 933 1851 Hafn.
952 1821 1026 1851 Pal.
1049 1821 1097 1851 cni
1114 1822 1197 1851 tanti
1214 1821 1346 1851 Buslid.
1371 1832 1438 1852 cum
1453 1822 1536 1864 tanti
1554 1821 1666 1852 Oxon.
1684 1829 1755 1852 sec.

290 1873 406 1894 merere
423 1864 507 1894 Exc.
528 1864 670 1893 Lucens.
690 1866 805 1903 pr.—2
831 1865 978 1894 Numinis
995 1864 1079 1894 Exc.
1098 1865 1240 1895 Lucens.
1258 1874 1307 1903 pr.
1333 1864 1478 1895 Nominis
1495 1869 1642 1905 quatuor
1657 1864 1758 1894 Vatt.

293 1905 400 1937 Hafn.
417 1906 492 1936 Pal.
512 1906 610 1937 Rott.
626 1906 736 1936 Oisel.
758 1907 910 1937 Florent.
940 1907 1005 1936 duo
1022 1906 1118 1936 Med.
1137 1907 1204 1937 inc.
1223 1907 1342 1937 Heius.
1368 1907 1450 1939 Put.
1466 1906 1533 1937 duo
1552 1907 1675 1937 Petav.
1689 1906 1758 1936 Bo-

289 1958 368 1979 non.
382 1947 502 1979 Ambr.
518 1953 596 1979 tert.
615 1949 739 1979 Moret.
758 1958 809 1989 pr.
825 1949 956 1980 Buslid.
984 1949 1069 1979 (lod.
1094 1950 1211 1989 Epigr.
1239 1949 1356 1980 Ambr.
1381 1950 1463 1980 Var.
1489 1950 1558 1980 LL.
1577 1949 1632 1979 ed.
1653 1947 1759 1980 Antv.

291 1991 439 2022 Hominis
453 1995 483 2021 et
499 1991 598 2021 sacris
615 1992 728 2023 Oxon.
746 2001 813 2022 see.
836 2001 960 2022 servare
983 1992 1121 2022 Par—3
1146 1993 1219 2022 tuba
1238 2002 1299 2032 pro
1318 1992 1397 2029 jnba
1423 1993 1504 2022 Vat.
1535 1995 1677 2022 tert.——5
1694 1990 1759 2021 Ar·

287 2044 425 2074 goeoeqne
441 2035 545 2064 lavare
561 2034 655 2065 Med.
674 2044 739 2065 sec.
764 2035 827 2065 tela
852 2034 970 2065 solebas
1003 2035 1078 2064 Pal.
1103 2034 1169 2065 dno
1199 2034 1294 2065 Med.
1324 2035 1404 2065 Put.
1428 2034 1542 2064 solebat
1568 2034 1647 2065 Vat.
1677 2037 1756 2065 tert.

288 2076 385 2107 Med.
404 2080 541 2107 sees—6
568 2077 743 2107 Thessalica
759 2077 891 2107 Buslid.
912 2077 1139 2117 prcestringere
1155 2078 1231 2107 Vat.
1251 2087 1302 2117 pr.
1324 2076 1524 2117 perfringere
1550 2076 1673 2107 Petav.
1703 2085 1756 2116 pr.

289 2122 498 2150 transcurrere
512 2119 626 2150 Ambr.
641 2130 690 2160 pr.
709 2120 831 2151 Sclied.
849 2120 937 2151 Gud.
964 2130 1054 2150 cursa
1072 2125 1141 2149 tres
1169 2119 1266 2150 Med.
1286 2121 1365 2150 Put.
1394 2120 1459 2150 duo
1484 2119 1605 2150 Petav.
1623 2120 1756 2150 Bonon.

291 2162 357 2192 duo
371 2162 487 2193 Anibr.
502 2163 628 2193 Mon-et.
643 2173 693 2202 pr.
711 2163 826 2193 Oxon.
843 2172 910 2193 see.
926 2162 1058 2193 Buslid.
1075 2163 1153 2193 Vat.
1174 2163 1282 2193 Livin.
1300 2162 1383 2193 Cod.
1402 2163 1515 2202 Epiar.
1534 2161 1650 2192 Ambr.
1670 2161 1756 2193 Exc.

292 2205 433 2236 Lucens.
451 2215 502 2245 pr.
518 2206 598 2236 Var.
616 2206 682 2237 LL.
696 2215 713 2236 e
731 2216 836 2246 marg.
855 2206 969 2236 Parui.
987 2210 1021 2236 et
1038 2206 1090 2236 ed.
1106 2204 1211 2236 Antv.
1234 2207 1315 2236 saltu
1332 2206 1439 2236 al.-—8
1468 2205 1583 2245 Erepto
1598 2204 1672 2235 Pal.
1686 2214 1758 2245 pro·

952 2301 1096 2333 NOTAE

333 2378 350 2405 1
377 2374 513 2414 Mereri]
538 2375 593 2407 Ob
618 2375 856 2416 praestantiam
881 2378 915 2406 et
939 2385 994 2416 ge·
1049 2380 1086 2407 et
1104 2385 1237 2406 sacrum
1249 2374 1430 2414 stabulum,
1443 2383 1574 2405 sacrum
1586 2381 1754 2414 praesepe,

290 2425 524 2456 ncrositatem.
1050 2436 1146 2457 sacra
1163 2427 1280 2466 lupata
1296 2425 1526 2466 appellantur,
1547 2424 1624 2465 qula
1638 2432 1756 2454 conse-

332 2478 351 2506 2
376 2475 540 2514 Numinis]
582 2475 724 2506 l-Ionorii
756 2475 994 2516 Imperatoris,
1049 2481 1142 2507 crata
1159 2481 1236 2506 sunt
1263 2475 1414 2515 personis
1442 2476 1563 2513 sacris,
1587 2479 1621 2504 et
1639 2472 1754 2507 usibus

288 2525 345 2566 qui
362 2525 497 2556 Numen
517 2524 685 2565 quoddam
701 2529 753 2555 est
770 2525 994 2564 aspectabile,
1048 2530 1185 2556 exemta
1211 2524 1442 2565 profanorum,
1466 2533 1524 2554 seu
1550 2523 1658 2563 plebis
1676 2532 1755 2562 pro-

288 2580 327 2606 ut
351 2581 428 2606 sunt
458 2577 566 2615 Reges
595 2579 630 2606 et
658 2575 904 2615 Impei·atoreS‚
935 2576 992 2615 qui
1048 2575 1148 2605 fanae.

288 2624 392 2655 etiam
415 2626 446 2655 in
471 2635 566 2655 sacra
589 2625 768 2665 Scriptura
784 2625 843 2655 Dii
870 2634 992 2655 vocan·
1091 2628 1110 2655 4
1137 2624 1366 2665 Cappadocum]
1401 2622 1632 2662 Cappadocia,
1655 2631 1752 2653 mons

290 2680 357 2707 tur.
1047 2674 1204 2715 ArgaeuS,
1243 2674 1422 2715 Hispania,
1457 2672 1643 2712 Thessalia,
1673 2676 1754 2705 sunt

332 2726 439 2757 Sacris
450 2726 579 2767 lupatis]
603 2726 700 2757 Adeo
712 2736 808 2758 saera
820 2726 932 2757 omnia
946 2726 994 2756 di·
1049 2726 1192 2758 totidem
1208 2727 1282 2758 loca
1296 2725 1392 2767 equis
1409 2724 1547 2766 optimis
1559 2723 1732 2757 foecunda.

289 2781 413 2810 cuntur
429 2788 504 2819 quae
519 2783 598 2809 sunt
613 2777 876 2819 Imperatorum.
904 2778 993 2810 Nam
