1851 3213
297 208 383 250 990
715 218 788 250 011.
821 218 1103 249 CLAUDIAM
1138 219 1328 250 xxxvl.

298 314 644 363 Commemorat,
662 327 932 368 parcumque
950 314 979 355 J
983 328 1108 354 ovem
1132 328 1177 355 se
1198 315 1335 356 divite
1356 316 1531 358 clamat.

298 380 385 422 Cur
407 394 593 434 campos
613 382 782 421 horrere
804 382 903 431 situ,
926 381 1160 435 dumisque
1183 382 1345 435 repleri

297 448 425 490 Rura
448 450 592 499 velim,
614 453 656 488 et
676 450 811 489 nullis
835 462 1043 489 exornem
1068 450 1288 490 fructibus
1310 452 1503 492 annum?

297 517 355 559 Se
369 518 478 570 jam,
503 530 601 570 quae
624 517 807 567 genitrix
828 518 1089 557 mortalibus
1112 524 1213 557 ante
1236 518 1408 569 fuisset,

296 585 350 626 In
372 585 477 625 dirae
500 585 646 624 subito
674 597 818 624 mores
842 586 1058 625 transisse
1081 598 1301 627 novercae.

297 652 416 702 Quid
437 655 623 691 mentem
646 651 838 691 traxisse
861 653 985 704 polo,
1010 653 1115 704 quid
1139 652 1302 705 profuit
1319 654 1456 694 altum

295 718 505 760 Erexisse
526 721 678 772 caput,
701 718 923 771 pecudum
947 719 984 758 si
1007 732 1123 759 more
1144 723 1368 772 pererrant

294 785 428 836 Avia,
459 787 496 826 si
517 785 731 838 frangunt,
756 787 1004 827 communia
1023 787 1205 839 pabula,
1226 786 1443 838 glandes?

1708 586 1767 627 40

293 907 490 947 conqueritur
519 916 571 935 me
597 907 708 936 Jovem
740 916 814 937 esse
845 917 973 937 uvarum
1002 917 1033 937 se
1061 908 1223 947 locuplete.
1269 907 1368 938 Petit
1398 917 1494 947 quare
1516 907 1644 947 jubeam
1673 917 1766 947 agros

292 950 434 990 squalere
459 949 577 986 illm-ie,
613 952 642 979 et
668 960 743 980 αιϊα
773 951 918 989 compleri
942 950 1051 990 spinis²
1074 954 1104 980 et
1135 960 1237 990 quare
1266 950 1362 981 nullis
1389 951 1529 981 decorem
1551 949 1685 988 foetibus
1711 961 1768 982 cm-

293 1002 376 1022 uum.
400 991 496 1022 Dicit
512 991 638 1030 sejam,
661 1003 727 1031 quoe
751 995 839 1032 prius
855 993 968 1031 fuerat
997 996 1095 1023 mater
1117 992 1303 1031 hominibus,
1331 993 1534 1031 degenerasse
1549 993 1611 1024 cito
1637 993 1671 1024 in
1698 993 1766 1024 aui-

293 1044 375 1065 mum
401 1044 540 1064 uorercoe
571 1035 713 1065 crudelis.
755 1036 839 1070 Quid
865 1035 952 1073 juvit
981 1036 1133 1067 homiues
1161 1037 1286 1066 duxisse
1315 1036 1453 1066 animum
1484 1046 1525 1067 ex
1554 1034 1666 1067 Coezo?
1690 1036 1766 1076 quid

287 1077 381 1117 juvit
411 1077 570 1107 sustulisse
597 1087 630 1107 os
653 1078 794 1118 sublime,
825 1078 854 1108 si
878 1079 979 1109 instar
1010 1078 1176 1109 bestiarum
1204 1082 1377 1119 peragrant
1403 1080 1537 1119 deserta,
1560 1080 1588 1110 si
1615 1082 1767 1119 rumpunt

911 1172 1147 1184 eeeeeeeeeeee

292 1239 463 1269 tem—36
482 1248 675 1279 parvumque
700 1240 809 1270 Jovem
835 1240 963 1270 Moret.
991 1249 1044 1279 pr.
1068 1240 1194 1270 damnat
1224 1240 1305 1270 Var.
1330 1239 1397 1270 LL.
1425 1247 1443 1268 e
1474 1248 1579 1278 marg.
1604 1238 1766 1269 Par-m.—

291 1281 332 1309 37
360 1280 423 1314 Qui
439 1291 561 1321 campos
575 1283 724 1313 Floreut.
739 1283 871 1313 Bouon.
889 1283 1015 1313 Moret.
1032 1291 1083 1322 pr.
1111 1282 1191 1314 Jun.
1210 1288 1245 1313 et
1262 1282 1377 1313 Oxou.
1397 1291 1447 1321 pr.
1475 1282 1565 1316 Quod
1589 1282 1670 1312 Vat.
1697 1291 1764 1313 sec.

291 1324 329 1352 et
344 1323 451 1362 quint.
473 1324 559 1358 Quid
577 1325 676 1355 Voss.
696 1335 748 1365 pr.
766 1326 849 1356 Exc.
869 1326 991 1356 Petav.
1019 1330 1130 1365 quan.
1156 1326 1221 1355 Cur
1236 1326 1289 1355 vel
1308 1325 1372 1359 Qui
1397 1325 1493 1354 Voss.
1516 1334 1583 1354 sec.
1615 1324 1683 1359 Quo
1710 1324 1765 1354 vel

294 1364 379 1398 Quid
396 1366 593 1406 conjecerat
608 1368 818 1398 Heius.—-38
841 1369 928 1398 Ari-a
952 1377 1015 1407 pro
1040 1368 1130 1397 Rura
1148 1368 1229 1399 Jun.
1255 1377 1306 1406 pr.
1326 1368 1404 1398 Vat.
1429 1371 1512 1397 tert.
1543 1367 1647 1404 velim,
1674 1367 1767 1397 nullis

291 1409 362 1437 tres
379 1408 476 1439 Vatt.
496 1414 531 1440 et
549 1411 580 1440 d.
597 1409 673 1440 Pal.
691 1411 772 1441 Put.
791 1411 875 1449 Reg.
902 1411 1036 1440 Bouon.
1057 1411 1191 1440 Tholos.
1210 1410 1497 1440 cha1·tac.Heins.
1515 1409 1596 1441 Jun.
1612 1418 1679 1439 sec.
1697 1409 1766 1439 duo

290 1447 414 1480 Petav.
440 1451 507 1481 duo
533 1452 644 1482 Oxou.
669 1453 754 1482 Exc.
779 1452 902 1482 Petav.
929 1456 1039 1491 quart.
1068 1451 1145 1480 edd.
1173 1451 1251 1480 Ald.
1270 1452 1387 1480 Parru.
1404 1450 1635 1482 Vicet.Junt.
1653 1450 1766 1482 Colin.

291 1490 452 1522 Parrhas.
481 1494 631 1532 nullisque
647 1494 728 1523 Vat.
746 1494 854 1533 quint.
879 1493 1003 1523 Petav.
1032 1501 1083 1530 pr.
1110 1492 1230 1522 Ambr.
1259 1496 1337 1522 tert.
1364 1494 1489 1522 Moret.
1517 1502 1570 1531 pr.
1600 1492 1680 1524 Juu.
1712 1503 1766 1533 pr.

289 1532 375 1564 eod.
397 1534 588 1564 Bartholin.
617 1536 702 1563 Exc.
735 1536 833 1564 Laeri.
856 1542 1010 1564 exornans
1025 1533 1278 1573 Put.fluctibus
1304 1544 1364 1573 pro
1382 1533 1547 1571 fructibus
1575 1534 1651 1564 Pal.
1679 1536 1765 1567 Exc.

289 1575 410 1606 Petav.
435 1578 633 1614 quarn—39
657 1576 698 1606 Se
715 1576 784 1612 J'um
806 1577 891 1606 Exc.
911 1575 1008 1606 Laeti.
1032 1574 1157 1605 Semina
1184 1576 1236 1606 ed.
1263 1576 1373 1607 Vicet.
1401 1577 1519 1606 victrix
1545 1576 1666 1607 Petav.
1695 1588 1764 1610 sec.

286 1617 433 1656 genitrix
448 1618 529 1648 Vat.
549 1617 656 1648 Livin.
673 1619 791 1648 cultrix
808 1618 927 1648 Ambr.
946 1622 1024 1649 tert.
1041 1619 1151 1648 nutrix
1167 1619 1246 1648 Vat.
1270 1619 1377 1659 quint.
1404 1618 1484 1649 Put.
1509 1619 1644 1650 Tholos.
1660 1621 1761 1652 Voss.

291 1669 344 1699 pr.
362 1659 441 1690 ΑΜ.
458 1660 511 1690 ed.
527 1660 641 1691 Vicet.
667 1661 788 1691 rectrix
805 1660 885 1691 vat.
903 1664 982 1691 tert.
1000 1665 1035 1690 et
1055 1660 1087 1692 d.
1105 1661 1179 1691 Pal.
1207 1661 1356 1691 Floreut.
1373 1660 1486 1691 Oxou.
1504 1671 1556 1701 pr.
1575 1662 1653 1694 Put.
1673 1663 1759 1704 Reg.

290 1702 415 1732 Petav.
431 1712 482 1742 pr.
497 1703 629 1733 Bonon-
655 1704 721 1733 duo
739 1703 835 1734 Med.
857 1702 975 1734 Heius.
1002 1703 1047 1734 H.
1070 1707 1106 1733 et
1131 1704 1195 1734 inc.
1221 1703 1330 1742 ejusd.
1348 1703 1414 1734 duo
1436 1704 1518 1736 Juu.
1542 1705 1689 1743 genitrice
1706 1706 1761 1737 vel

290 1744 401 1775 nutrix
414 1746 493 1776 Vat.
511 1755 577 1776 see.
605 1747 725 1776 rectrix
752 1747 806 1776 vel
826 1746 939 1776 nutrix
954 1746 1018 1777 inc.
1037 1746 1156 1777 Heius.
1179 1747 1299 1777 rectriae
1323 1747 1376 1777 vel
1400 1747 1512 1777 nutrix
1534 1747 1586 1777 vel
1614 1749 1761 1786 genitrix

289 1787 386 1818 Voss.
401 1791 556 1819 sec.-—40
580 1799 694 1819 morem
707 1789 858 1819 Florem.
884 1788 949 1819 inc.
980 1788 1098 1819 Heius.
1123 1789 1246 1819 Petav.
1269 1799 1319 1829 pr.
1343 1788 1462 1820 Ambr.
1490 1794 1570 1820 lert.
1589 1790 1668 1820 Var.
1691 1791 1759 1823 LL.

291 1840 311 1861 e
327 1840 434 1871 marg.
451 1831 568 1861 Parui.
583 1841 691 1862 uomen
703 1832 784 1862 Vat.
804 1841 871 1862 sec.
898 1832 1033 1862 transire
1059 1836 1129 1862 tres
1150 1832 1246 1863 Vatt.
1269 1832 1350 1863 Put.
1379 1833 1463 1872 Reg.
1481 1833 1577 1863 Voss.
1603 1843 1653 1872 pr.
1678 1834 1760 1866 Juu.

290 1882 343 1912 pr.
369 1873 435 1904 (luo
460 1873 572 1905 Oxou.
602 1874 685 1905 Cod.
709 1874 901 1906 Bartliolin.
918 1875 1002 1905 Exc.
1019 1874 1139 1905 Petav.
1157 1879 1270 1915 quart.
1289 1878 1420 1905 mentem
1433 1875 1581 1905 transisse
1595 1877 1662 1916 polo
1680 1876 1758 1907 Pal.

291 1915 414 1946 Petav.
443 1920 596 1948 see—43
612 1916 811 1956 franguntur
835 1927 897 1957 pro
921 1918 949 1947 si
970 1917 1129 1956 frangunt
1146 1918 1279 1948 Bonou.
1296 1917 1425 1956 frangit
1444 1917 1760 1957 Floreuttfraugaut

290 1957 370 1990 Vat.
389 1968 456 1989 sec.
472 1960 555 2000 Reg.
568 1960 650 1992 Juu.
667 1970 733 1991 sec.
751 1960 864 1991 Oxou.
881 1970 933 2000 pr.
947 1960 1072 2000 publica
1089 1970 1150 2000 pro
1161 1960 1276 2001 pabula
1294 1961 1445 1991 Florent.
1471 1970 1513 1992 m.
1530 1963 1669 2001 pr.—44
1693 1963 1760 1992 vita

958 2046 1097 2078 NOTAE

334 2122 376 2150 36
400 2120 594 2161 parcumque
615 2121 740 2161 Jozrem]
772 2121 906 2152 Natura
930 2122 997 2152 cla-

290 2173 362 2200 mat
383 2170 505 2201 Jovem
529 2180 602 2202 esse
629 2181 766 2211 parcum
790 2175 894 2212 atque
919 2181 996 2202 ava·

291 2228 365 2250 rum
383 2219 416 2249 iu
434 2221 535 2251 tantis
551 2221 619 2251 suis
631 2220 771 2261 divitiis,
794 2221 914 2262 quibus
927 2222 994 2262 pri-

290 2273 351 2300 vat
373 2269 538 2301 homines.

335 2323 375 2351 37
403 2321 540 2352 Ham-ere
562 2321 641 2361 situ]
664 2322 757 2353 Situs
782 2326 835 2352 est
858 2321 992 2352 illuvies

291 2370 459 2412 quaedam,
475 2382 550 2412 quae
570 2371 678 2404 foedat
695 2382 793 2410 agros
810 2376 994 2403 cessantes.

333 2423 375 2451 38
399 2422 580 2462 Fructibus]
608 2423 720 2453 Pomis
738 2427 772 2452 et
788 2421 952 2462 frugibus,

332 2473 375 2502 40
400 2472 565 2511 Neu-erem]
590 2473 734 2510 Natura,
748 2483 823 2514 quae
840 2477 994 2503 materno

291 2518 417 2552 affectu
441 2522 592 2552 homiues
615 2527 693 2552 ante
716 2522 869 2561 fovebat,
886 2522 996 2563 queri-

292 2574 348 2602 tur
362 2572 464 2612 quod,
476 2582 529 2601 me
540 2572 699 2612 jubente,
713 2571 807 2603 facta
822 2573 863 2603 sit
880 2583 997 2603 nover-

291 2630 345 2659 ca,
360 2631 485 2662 eosque
501 2623 568 2653 alat
586 2623 777 2663 glandibus,
794 2633 876 2664 quos
893 2624 995 2654 melle

292 2674 326 2701 et
343 2670 432 2701 lacte
448 2673 590 2704 aluerat.

334 2723 374 2751 41
411 2723 550 2754 Mentem
574 2724 709 2755 traxisse
731 2726 816 2767 polo]
848 2725 925 2757 Hoc
953 2736 996 2757 ex

293 2769 548 2807 Platonicorum
564 2774 747 2807 sententia.

1094 2124 1136 2152 42
1160 2122 1312 2153 Erexisse
1328 2121 1434 2162 caput]
1457 2120 1558 2154 Quod
1575 2120 1637 2151 soli
1655 2120 1759 2152 homi-

1051 2172 1084 2202 ni
1102 2173 1257 2213 contigit,
1270 2173 1428 2213 quodque
1445 2172 1518 2212 ejus
1535 2171 1647 2211 arguit
1663 2171 1758 2202 nobi-

1049 2222 1192 2253 litatem.
1239 2222 1314 2253 Hoe
1328 2222 1542 2262 depromtum
1560 2230 1602 2250 ex
1615 2220 1758 2261 Ovidio,

1049 2273 1105 2313 qui
1133 2273 1205 2304 liaec
1233 2272 1345 2303 canit:
1372 2272 1381 2288 ‘
1404 2271 1453 2302 Os
1468 2270 1595 2301 homini
1612 2269 1757 2302 sublime

1051 2324 1169 2364 dedit,’
1185 2326 1249 2354 διο.

1093 2377 1134 2405 43
1158 2374 1254 2414 Avia]
1278 2374 1456 2414 Vagautur
1483 2382 1545 2413 per
1561 2373 1677 2412 saltus,
1699 2381 1758 2403 ne-

1050 2435 1145 2456 mora
1161 2425 1307 2464 deserta,
1322 2424 1355 2454 in
1374 2423 1495 2465 quibus
1512 2423 1566 2453 via
1582 2423 1675 2453 nulla
1690 2419 1755 2463 est,

1051 2478 1087 2506 et
1104 2484 1178 2516 quae
1195 2474 1272 2506 ideo
1288 2474 1449 2505 dicuntur
1465 2473 1554 2513 avia,
1572 2473 1667 2514 quasi
1683 2473 1756 2505 sine

1053 2526 1116 2556 via.

1096 2575 1278 2606 Communia
1320 2574 1446 2615 pabula]
1491 2574 1643 2605 Glandes
1676 2584 1754 2615 quae

1050 2629 1129 2656 sunt
1157 2623 1318 2656 alimenta
1351 2625 1542 2656 communia
1572 2625 1690 2656 bestiis
1720 2629 1756 2656 et

1049 2676 1249 2707 hominibus.

1093 2730 1135 2758 44
1169 2727 1311 2766 Lustris]
1344 2727 1502 2757 Lustrum
1528 2731 1581 2757 εςῐ
1606 2726 1754 2767 spatium

1053 2779 1201 2821 quinque
1228 2788 1402 2820 annorum,
1432 2778 1492 2810 sed
1520 2778 1693 2821 significat
1719 2789 1753 2811 e-
