1851 3213
291 201 405 243 1150
724 212 798 243 cn.
833 211 1114 243 CLAUDIAM
1158 212 1326 243 Lxxu.

293 307 396 349 Hoc
414 309 527 350 latus
551 309 729 362 astringi
751 310 889 350 velox
912 313 1086 362 optaret
1104 307 1242 350 Arion
1265 323 1274 350 :
1726 308 1754 347 5

348 375 452 416 Hoc
475 378 698 430 proprium
714 378 843 419 vellet
861 378 1032 430 cingere
1057 376 1215 418 Castor
1234 389 1412 430 equum.

286 477 482 517 pinquitatis.
528 478 627 508 Arion
644 487 748 518 equus
766 481 923 517 expeteret
949 478 1030 508 lutus
1052 487 1147 508 suum
1171 476 1266 516 ligari
1290 475 1346 507 hoc
1373 474 1528 516 cingulo:
1557 474 1670 506 Castor
1696 484 1750 506 ex-

286 523 404 560 peteret
421 521 610 551 circumdare
627 530 734 561 equum
746 530 835 551 suum
850 521 906 551 hoc
923 520 1069 561 cingulo.

955 605 1096 636 NOTAE

289 666 406 698 cadius
421 671 532 698 autem
544 670 616 697 erat
628 665 734 697 frater
747 667 899 705 Serenae,
913 666 992 707 qnia
1047 675 1122 706 quae
1140 664 1310 705 Hesperia
1324 663 1506 705 saepissime
1521 662 1657 694 dicitur.
1679 661 1756 693 Vir-

287 717 361 749 haec
377 723 452 749 erat
468 717 652 748 Theodosii
669 717 779 757 magni
804 716 873 747 filia
890 716 992 756 adop-
1048 716 1147 756 gilius
1163 727 1170 747 :
1194 717 1202 732 ‘
1223 717 1283 746 Est
1301 716 1407 753 locus,
1427 715 1633 755 Hesperiam
1656 713 1754 745 Graii

290 768 373 799 tiva.
1048 768 1249 807 cognomine
1270 766 1411 797 dicunt?

331 820 351 848 4
376 817 528 856 Hesperio
551 815 588 846 ab
611 816 696 855 orbe]
733 815 787 846 Ab
814 814 995 854 Hispania,
1091 821 1109 847 5
1134 817 1249 858 Arion]
1273 818 1387 858 Equus
1397 815 1551 857 Adrasti,
1562 815 1755 847 celebratus

288 876 335 898 ex
351 877 417 909 qua
431 868 557 898 Serena
574 866 716 896 oriunda
739 870 813 897 erat
828 878 836 905 ;
864 865 918 897 vel
936 875 994 906 po—
1049 866 1140 907 apud
1156 867 1325 908 antiquos.

288 917 355 948 tius
372 918 413 949 ab
431 916 546 956 Italia,
561 919 592 947 iu
610 926 676 958 qua
693 916 768 957 ipsa
782 915 944 957 degebat,
958 920 994 948 et
1090 919 1111 948 6
1136 917 1275 959 Equum]
1301 917 1487 959 Cyllarum‚
1502 927 1544 949 ex
1559 917 1688 950 Servio.

919 1108 1156 1156 LXXII.

505 1248 575 1289 22.
637 1247 722 1288 DE
753 1246 1121 1289 CHLAMYDE
1152 1247 1231 1288 ET
1265 1245 1537 1287 FRAENIS.

287 1353 403 1395 NON
441 1367 613 1406 semper
633 1354 778 1407 clypei
799 1353 1083 1394 metuendum
1105 1354 1308 1405 gentibus
1333 1353 1480 1393 orbem

289 1421 468 1462 Dilecto
491 1421 691 1462 studiosa
713 1433 870 1473 parens
891 1420 1141 1460 fabricabat
1162 1418 1354 1461 Achilli:

286 1488 473 1529 Lemnia
493 1501 574 1529 nec
596 1501 771 1542 semper
793 1489 983 1542 supplex
1002 1487 1191 1528 ardentis
1213 1487 1364 1528 adibat

285 1554 423 1596 Antra
446 1555 547 1605 Dei,
570 1559 672 1621 nato
694 1555 859 1608 galeam
878 1555 1050 1595 factura
1071 1558 1313 1595 comantem
1331 1567 1340 1594 :

285 1622 375 1665 Sed
395 1623 592 1676 placidos
613 1623 744 1663 etiam
768 1623 956 1672 cinctus,
980 1626 1021 1662 et
1042 1622 1166 1662 mitia
1186 1623 1313 1675 pacis

287 1689 554 1730 Ornamenta
573 1689 721 1740 dabat,
742 1690 859 1730 bello
882 1691 1044 1744 quibus
1064 1690 1136 1730 ille
1155 1693 1335 1743 peracto

1726 1621 1754 1662 01

329 1811 437 1842 Mater
453 1821 560 1842 amans
575 1811 695 1842 Thetis
712 1822 771 1842 non
796 1821 914 1852 semper
935 1810 1077 1841 curabat
1098 1810 1177 1852 fieri
1201 1820 1261 1850 pro
1284 1820 1355 1841 caro
1378 1809 1501 1841 Achille
1527 1809 1628 1840 orbem
1652 1808 1754 1849 clypei

277 1854 475 1892 formidandi
488 1855 629 1894 populis:
652 1865 745 1895 aeque
762 1864 879 1893 semper
893 1853 1018 1894 petebat
1031 1863 1177 1884 cavernas
1190 1853 1340 1884 Lemnias
1353 1853 1416 1884 Dei
1436 1853 1535 1892 ignei,'
1555 1861 1670 1890 rogans
1683 1861 1754 1882 con·

275 1896 357 1937 flari
369 1897 518 1928 cassidem
535 1897 680 1934 jubatam
699 1907 761 1937 pro
776 1897 844 1937 filio
856 1908 867 1933 ;
889 1901 923 1928 at
937 1896 1069 1927 donabat
1085 1906 1199 1936 quoque
1218 1896 1278 1936 ipsi
1295 1899 1392 1927 restes
1407 1896 1565 1936 pacificas,
1580 1898 1609 1926 et
1626 1897 1755 1925 ornatus

284 1940 385 1971 dulces
396 1942 495 1980 pacis,
517 1940 628 1980 quibus
642 1940 779 1979 insignis
793 1941 843 1971 ille
854 1939 1003 1971 Achilles
1017 1939 1092 1970 bello
1103 1939 1240 1979 perfecto
1257 1940 1385 1970 micaret
1399 1939 1481 1970 inter
1498 1938 1600 1977 Reges
1615 1936 1754 1968 Graecos.

895 2013 1130 2026 oeeaemaeee-aee

326 2061 367 2092 In
382 2061 476 2092 Med.
494 2071 545 2101 pr.
565 2061 762 2092 inscribitur
783 2062 821 2092 de
847 2062 998 2092 Clamide.
1030 2060 1125 2092 Med.
1142 2066 1256 2102 quart.
1282 2063 1334 2093 Ad
1363 2062 1540 2093 Honorium
1562 2060 1677 2092 habet.
1702 2060 1754 2092 De

283 2104 470 2135 Muneribus
489 2104 623 2135 Honor-ii
638 2105 843 2144 Imperatoris
861 2105 989 2136 Moret.
1009 2114 1057 2144 pr.
1076 2104 1190 2136 Oxon.
1207 2114 1275 2136 sec.
1291 2107 1357 2137 inc.
1373 2105 1493 2135 Heius.
1509 2105 1593 2134 Var.
1611 2104 1678 2134 LL.
1696 2103 1751 2134 ed.

283 2146 388 2178 Antv.
414 2147 464 2177 De
479 2147 649 2187 chlamyde
660 2150 690 2177 et
699 2147 805 2185 frenis
820 2148 901 2178 vat.
916 2157 967 2188 pr.
984 2148 1062 2178 Vat.
1079 2147 1190 2178 Livin.
1208 2148 1331 2180 Sched.
1349 2148 1441 2180 Gud.
1460 2148 1493 2178 in
1518 2147 1600 2177 Put.
1626 2146 1750 2177 Petav.

283 2199 336 2230 pr.
353 2194 387 2220 et
400 2190 484 2220 Exc.
500 2190 646 2221 Lucens.
665 2200 713 2230 pr.
728 2190 943 2222 desideratur
959 2190 1153 2230 inscriptio.

327 2236 343 2263 1
371 2232 449 2262 Cum
463 2233 542 2264 Vat.
561 2238 641 2263 tert.
665 2234 796 2274 clipeum
822 2234 903 2265 Vat.
935 2234 1043 2274 quint.
1067 2234 1183 2273 clipeus
1199 2235 1379 2265 metuendus
1397 2232 1514 2264 Ambr.
1543 2241 1595 2272 pr.
1618 2234 1753 2262 metuen-

281 2276 332 2306 dis
344 2276 422 2305 Vat.
442 2279 586 2306 tent—2
602 2275 785 2313 fabricabat
809 2277 961 2308 Florent.
987 2281 1057 2307 tres
1076 2276 1170 2307 Med.
1197 2277 1264 2307 inc.
1282 2277 1403 2307 Heins.
1435 2276 1502 2307 duo
1516 2275 1641 2306 Petav.
1664 2274 1750 2304 Exc.

283 2318 429 2349 Lucens.
449 2321 565 2357 pin—3
588 2319 720 2358 simplex
736 2320 817 2350 Vat.
845 2323 925 2350 tert.
944 2320 1164 2350 Florem—5
1185 2320 1307 2358 placido
1333 2321 1385 2349 sed
1406 2320 1474 2358 jum
1498 2319 1581 2349 Exc.
1607 2318 1751 2348 Lucens.

283 2369 335 2400 pr.
359 2361 459 2391 luctus
472 2370 532 2400 pro
550 2360 668 2391 cinctus
684 2362 748 2393 inc.
763 2361 883 2392 Heins.
905 2364 959 2392 sed
970 2362 1060 2393 mitia
1078 2362 1287 2402 conjiciebat
1308 2362 1429 2393 Heius.
1452 2362 1566 2393 nuncia
1589 2360 1665 2390 Pal.
1682 2358 1750 2390 duo

283 2403 380 2435 Med.
397 2404 529 2434 Buslid.
553 2404 660 2434 inania
675 2405 759 2435 Exc.
774 2404 856 2436 Pat.
875 2408 1012 2436 ree-6
1034 2405 1099 2446 ipse
1111 2408 1237 2446 peracto
1248 2406 1327 2437 Vat.
1341 2415 1410 2437 sec.
1425 2409 1460 2436 et
1477 2405 1576 2446 quint
1584 2404 1667 2434 Var.
1682 2402 1750 2434 LL.

949 2490 1089 2521 NOTAE

325 2567 346 2596 2
369 2565 574 2605 Fabrieabat]
609 2565 689 2596 Non
716 2574 852 2605 semper
870 2565 986 2596 Thetis
1086 2567 1104 2595 3
1128 2564 1274 2603 Lemnia]
1307 2563 1339 2595 A
1357 2564 1486 2594 Lemno
1513 2561 1614 2592 maris
1639 2561 1750 2601 AEgaei

283 2615 426 2647 curabat
460 2625 479 2646 a
506 2616 662 2647 Vulcano
691 2625 784 2646 arma
811 2614 887 2646 fieri
924 2624 986 2656 pro
1041 2614 1161 2653 insula,
1179 2614 1212 2644 in
1229 2624 1298 2655 qua
1321 2613 1467 2644 Vulcani
1493 2611 1638 2653 officina,
1660 2611 1749 2644 sicut

283 2667 455 2699 carissimo
469 2666 539 2700 filio
555 2666 705 2699 Achille.
1041 2668 1078 2695 et
1094 2664 1127 2695 in
1141 2668 1258 2696 monte
1275 2663 1388 2695 AEtna.
