1851 3213
322 223 436 284 1332

322 330 398 363 cisti
415 330 559 371 patriani
577 329 720 361 diversis
734 327 892 369 gentibus
905 336 1025 364 unam3

322 381 463 413 Profuit
479 381 592 412 invitis
618 385 720 421 teque
748 380 908 409 domante
926 376 1027 417 capi.’

321 432 378 463 Sic
395 431 516 462 scribo.
563 431 695 470 Vulgo:
721 427 885 459 ‘invictis
911 432 945 457 te
971 427 1027 457 do-

323 482 477 513 minante
495 479 594 521 capi.’
642 480 686 510 D.
707 479 819 509 Heius.

367 532 623 562 Commemzavere
653 528 784 568 catenoe]
832 527 971 567 Luturoe,
1001 526 1029 557 si

320 582 392 613 sine
405 582 469 612 hoc
488 581 623 611 vindice
642 580 775 611 fuisset.
793 579 859 612 Qui
874 583 1029 609 extremo

321 632 493 672 supplicio
521 630 794 669 destinabantur,
819 639 875 660 eos
901 627 1028 659 foedum

318 683 354 714 in
366 683 501 714 modum
513 682 641 713 catenis
651 681 785 713 onerari
796 681 887 712 circa
900 689 939 710 ea
949 684 1030 710 tem-

320 742 405 773 pora
422 733 550 772 solitos,
568 732 734 771 exemplis
754 730 907 771 pluribus
927 729 1029 759 docet

321 782 530 814 Ammianus.
576 781 755 812 Sententia
777 781 879 810 etiam
907 779 962 817 sit,
986 789 1029 809 ex

319 833 443 864 merito
476 836 593 871 captos
625 840 755 862 summo
787 836 823 860 et
853 829 1029 860 cruciabili

318 883 488 923 supplicio
526 880 629 912 fuisse
670 880 894 912 addicendos.
962 880 1028 910 Eos

320 932 510 963 vindicasse
538 931 781 969 Theodosium,
799 936 834 962 et
861 929 1029 970 profuisse

318 983 403 1023 ipsis
421 987 590 1013 tormenta
607 982 832 1021 vinculorum,
845 982 1029 1013 miserante

319 1035 504 1073 propterea
519 1033 698 1072 Principe.
746 1032 862 1063 Barth.

366 1088 429 1116 118
453 1085 647 1123 Magnarum
675 1083 809 1122 largitor
835 1082 940 1123 opum]
974 1082 1029 1113 In-

320 1135 415 1174 genti
447 1135 622 1175 Regiaque
655 1132 891 1164 Liberalitate.
940 1133 1029 1163 Nam

320 1186 477 1226 apprime
510 1185 596 1215 bene
629 1185 769 1215 scivisse
793 1184 1030 1223 Theodosium,

320 1235 402 1277 quid
433 1235 576 1275 Regium
615 1241 716 1273 esset,
758 1234 839 1275 quid
869 1234 1029 1266 Judicem

317 1287 472 1317 deceret.
519 1286 647 1316 Notum
665 1284 877 1315 Diocletiani
892 1285 1029 1323 scitum,

317 1338 327 1354 ‘
348 1336 607 1367 Liberalitatem
632 1335 777 1375 primam
799 1343 872 1364 esse
896 1333 1029 1364 Princi-

318 1386 371 1427 pis
389 1387 551 1416 virtutem
574 1385 725 1417 deberes

360 1438 688 1477 Lurgitorhonorum]
719 1436 878 1467 Pluribus
910 1435 1027 1466 Hono-

319 1498 374 1520 res
421 1487 579 1519 conferre
619 1488 764 1518 voluisse
801 1487 1026 1518 Theodosium

319 1549 420 1580 quam
461 1543 666 1580 paterentur
704 1547 818 1568 eorum
855 1537 1029 1576 stationes,

319 1590 465 1621 affirmat
497 1591 529 1620 in
564 1590 635 1629 ejus
666 1589 837 1620 Laudibus
865 1589 1028 1619 Pacatus.

318 1642 371 1672 De
404 1642 469 1672 alio
493 1641 607 1672 Hero'e
625 1641 701 1670 alibi
726 1644 864 1671 noster:
891 1641 899 1656 ‘
919 1638 1030 1669 Muni-

317 1691 400 1723 ficus
418 1692 541 1730 laudis,
558 1692 695 1722 sednon
709 1695 744 1721 et
758 1690 920 1731 prodigus
931 1689 1028 1720 auri)

362 1744 424 1772 119
450 1742 488 1771 In
505 1740 627 1780 melius]
668 1741 704 1770 Ιη
718 1740 885 1778 meliorem,
903 1743 941 1770 ut
957 1739 1013 1769 vul

321 1802 363 1832 go
381 1792 563 1832 loquimur,
588 1793 716 1821 statum.
762 1790 861 1820 Maro
882 1794 1028 1820 contra:

316 1842 326 1859 ⁴
344 1842 387 1873 In
412 1843 507 1882 pejus
540 1850 651 1879 ruere,
680 1845 715 1871 et
744 1844 836 1871 retro
867 1839 1029 1880 sublapsa

320 1891 444 1924 referri
464 1894 530 1923 Res
545 1890 726 1922 Danaum)

365 1943 554 1974 Convertere
569 1941 660 1980 suta]
685 1941 817 1980 Regum
834 1949 933 1971 voces
951 1943 1029 1970 sunt

319 1995 442 2034 Leges.
490 1994 534 2024 Ut
566 1994 680 2033 itaque
708 1991 773 2022 Dei
806 2000 871 2021 vox
897 1990 1028 2021 coelitus

317 2044 388 2076 fata
403 2050 536 2082 mutat;
570 2044 619 2074 sic.
653 2044 784 2083 Regum
816 2041 968 2081 Imperia
994 2041 1028 2072 iu

319 2095 434 2134 terris,
458 2095 515 2135 qni
542 2099 620 2124 sunt
637 2094 789 2124 Deorum
809 2091 939 2130 vicarii,
954 2091 1028 2122 fata

317 2150 451 2176 mutant
482 2145 689 2175 mortalium.
736 2143 886 2173 Pacatus
918 2142 1028 2172 Pane-

319 2195 458 2236 gyrico:
486 2196 493 2211 ‘
514 2196 603 2227 Quin
624 2204 698 2234 ego,
725 2194 751 2224 si
776 2191 828 2223 fas
857 2193 1027 2233 piumque,

317 2244 345 2274 si
373 2243 423 2273 fas
452 2245 621 2274 aestimare
646 2242 845 2274 mortalibus
862 2243 1028 2282 coelestia,

319 2294 447 2324 nullam
473 2295 636 2334 majorem
661 2304 733 2324 esse
749 2293 956 2324 crediderim
980 2292 1027 2324 fe·

318 2343 498 2383 licitatem,
529 2354 629 2384 quam
661 2343 782 2374 fecisse
813 2342 962 2382 felicem,
992 2348 1028 2374 et

318 2393 551 2424 intercessisse
569 2394 693 2433 inopia}
716 2399 751 2424 et
769 2394 956 2424 Fortunam
982 2393 1028 2423 vi-

319 2443 418 2482 cisse,
450 2447 485 2473 et
518 2442 655 2473 dedisse
687 2442 874 2473 hominibus
904 2452 1027 2473 novum

321 2493 467 2525 Fatum.’
492 2493 607 2524 Barth.

363 2546 425 2575 120
454 2543 598 2574 Validum
613 2544 720 2574 devoto
737 2542 836 2573 milite
851 2542 960 2583 robur]
985 2544 1027 2574 In

317 2592 557 2624 benevolentia
585 2593 734 2622 Militum
755 2591 896 2622 solidum
915 2592 1026 2632 Impe-

319 2643 442 2675 ratoris
458 2644 570 2673 robur.
599 2644 693 2674 Idem.

365 2695 425 2723 121
464 2693 562 2723 Natis
589 2702 734 2723 mansura
751 2692 852 2734 fides]
895 2692 1027 2723 Mansit

318 2751 421 2775 sane:
448 2744 530 2776 licet
545 2754 611 2776 nou
627 2743 871 2788 inyulgaribus
893 2743 1026 2785 pericu-

322 2794 375 2827 lis.

558 233 703 265 NOTAE
735 232 1003 263 VARIORUM
1037 231 1088 261 IN
1123 231 1199 262 CL.
1230 230 1412 260 CLAUD.
1445 229 1554 260 VIII.

1122 325 1192 357 Hoc
1202 325 1312 357 nobilis
1325 329 1394 356 ortu
1411 322 1573 364 Nasceris]
1612 321 1783 354 Nobilita-

1080 380 1146 407 tem
1158 377 1302 407 Honorii
1314 376 1438 416 ubique
1452 374 1681 414 commendat,
1693 373 1783 416 quod

1080 427 1325 468 Principejam
1340 436 1452 457 rerum
1462 429 1561 466 patre
1576 424 1619 456 sit
1633 426 1782 466 genitus,

1080 477 1113 507 in
1145 478 1305 508 invidiam
1329 476 1598 507 Arcadianarum
1624 475 1784 515 partium.

1083 528 1197 559 Barth.

1125 581 1186 610 122
1210 579 1358 619 AEquoeva
1373 588 1442 609 cum
1457 576 1632 616 majestate]
1669 576 1784 608 Hono-

1081 628 1161 668 rius,
1175 628 1272 659 simul
1289 633 1402 666 natus,
1419 628 1518 658 simul
1534 637 1610 658 esse
1633 627 1786 667 Impera—

1081 680 1169 710 torio
1200 679 1340 719 fastigio
1358 678 1538 719 adgnatos,
1553 678 1783 719 innattlsque3

1080 739 1142 760 nec
1159 729 1282 760 dilatus
1307 730 1422 767 honos,
1450 728 1582 759 biennis
1599 728 1687 759 enim
1703 737 1785 758 nou-

1080 779 1174 817 dum,
1189 784 1225 809 et
1248 780 1374 810 Consul
1400 779 1465 810 fnit
1491 784 1528 810 et
1553 780 1682 818 Caesar,
1698 778 1784 809 utin

1083 829 1190 859 Fastis
1222 829 1337 859 videre
1359 834 1423 860 est.
1471 830 1634 869 Mujestas,
1657 838 1786 860 summa

1082 877 1239 917 dignitas,
1256 888 1321 909 vox
1336 889 1412 910 cum
1429 880 1612 919 splendore
1624 889 1684 910 suo
1700 879 1785 910 nulli

1082 928 1138 958 aiii
1157 929 1280 969 lingnae
1297 938 1371 959 sese
1389 928 1603 960 submittens.
1629 929 1729 960 Idem.

1126 982 1185 1009 123
1225 980 1380 1018 Contagia
1406 979 1514 1019 sortis]
1561 978 1786 1010 Manifestum

1082 1035 1147 1070 est,
1163 1030 1252 1071 quod
1280 1030 1381 1061 modo
1407 1034 1550 1070 tactum,
1576 1030 1608 1060 in
1625 1030 1786 1061 invidiam

1081 1081 1350 1111 Arcadianarum
1367 1081 1516 1121 partium
1528 1081 1602 1112 haec
1616 1080 1696 1120 dici,
1707 1091 1788 1122 qua-

1082 1140 1155 1161 rum
1195 1131 1350 1161 Ducibus
1381 1141 1457 1161 cum
1493 1130 1658 1162 infensior
1694 1136 1787 1163 esset

1080 1181 1235 1217 Stilicho,
1252 1180 1358 1211 nostri
1386 1181 1504 1211 unicus
1528 1181 1712 1220 Patronus,
1737 1181 1786 1212 sic

1080 1232 1184 1262 etiam
1201 1232 1230 1262 ei
1248 1230 1432 1271 gratificari
1446 1231 1565 1262 voluit.
1610 1232 1689 1262 Vox
1706 1232 1787 1263 Con-

1081 1281 1170 1319 tagia
1205 1281 1439 1321 ignobiliorem
1477 1280 1562 1312 facit
1585 1281 1785 1314 Arcadium.

1081 1331 1181 1361 Idem.

1124 1384 1187 1412 124
1212 1382 1253 1412 Te
1287 1381 1400 1421 solum]
1447 1382 1594 1413 Excluso
1629 1381 1789 1423 Arcadio,

1081 1442 1182 1472 quem
1209 1437 1322 1463 tamen
1344 1432 1405 1463 hoc
1422 1432 1558 1464 nomine
1574 1433 1788 1466 commendat

1080 1483 1251 1523 Sj‘nesins.

1126 1532 1245 1572 Regia]
1282 1532 1405 1563 Aulam
1433 1532 1517 1563 dicit
1541 1533 1633 1573 alibi,
1650 1533 1787 1565 Famili-

1082 1593 1133 1614 am
1155 1583 1424 1624 Imperatoriam.
1454 1584 1571 1615 Barth.

1126 1638 1184 1666 125
1212 1636 1323 1666 Patrio
1348 1636 1495 1667 adolescis
1515 1637 1548 1667 z'n
1572 1635 1668 1676 ostro]
1707 1635 1787 1667 Non

1083 1687 1293 1726 adoptativo.
1318 1687 1417 1717 Idem.

1126 1740 1188 1768 126
1214 1737 1388 1777 Temerata]
1417 1737 1465 1767 Ut
1488 1735 1608 1776 fuerit,
1629 1746 1704 1767 cnm
1720 1745 1788 1767 non

1081 1785 1187 1816 fueris
1226 1785 1422 1826 Angustus:
1464 1786 1559 1817 vel’ut
1605 1785 1786 1818 Arcadius.

1080 1838 1179 1869 Idem.

1126 1892 1185 1920 127
1212 1890 1365 1919 Insucros
1389 1889 1529 1919 cedidere
1544 1888 1644 1929 sinus]
1681 1889 1787 1919 Sacra

1081 1941 1194 1970 omnia
1222 1939 1434 1980 Principum,
1478 1939 1603 1971 Omnia
1634 1939 1676 1969 ad
1707 1948 1787 1970 nau-

1081 2000 1174 2021 seam
1199 2000 1305 2031 usqne
1332 1990 1504 2021 inculcata
1529 1989 1787 2021 Constitutioni-

1081 2041 1142 2071 bus
1175 2040 1401 2081 posteriorum
1430 2040 1642 2080 Principum.
1685 2040 1786 2072 Sinus

1080 2093 1181 2132 sacri,
1211 2091 1383 2132 susceptio
1410 2091 1640 2132 Augustorum
1657 2091 1786 2122 Paren-

1082 2146 1168 2173 tum.
1215 2143 1347 2172 Recens
1371 2142 1461 2172 enim
1478 2146 1578 2171 natus
1596 2140 1705 2171 infans
1723 2140 1787 2171 tol-

1081 2192 1231 2232 lebatur,
1256 2197 1290 2223 et
1306 2198 1485 2233 parentum
1501 2192 1589 2222 sinui
1604 2192 1674 2223 sive
1692 2191 1786 2232 geni-

1081 2242 1143 2273 bus
1155 2242 1404 2282 imponebatur.
1438 2242 1536 2272 Idem.

1124 2292 1298 2332 Hispania]
1321 2291 1527 2322 Theodosius
1551 2291 1688 2322 natione
1705 2290 1785 2322 His·
1835 2291 1839 2295 ’

1081 2354 1201 2385 panus.
1232 2344 1328 2373 Idem.

1125 2397 1186 2425 128
1210 2393 1371 2431 Auriferis
1392 2392 1501 2423 eduxit
1517 2391 1617 2432 aquis]
1634 2390 1706 2429 ,Ad
1723 2390 1784 2424 fiu-

1080 2445 1172 2476 mina
1185 2445 1336 2475 Heroum
1353 2443 1477 2482 stirpes
1490 2441 1613 2473 referri
1630 2447 1784 2474 notatum

1080 2496 1177 2526 nobis
1206 2504 1321 2534 supra.
1352 2492 1534 2533 Virgilius:
1572 2495 1581 2509 ‘
1599 2493 1697 2523 'l'une
1727 2493 1785 2523 ille

1080 2545 1216 2583 AEneas,
1238 2554 1336 2584 quem
1359 2543 1531 2573 Dardanio
1551 2541 1710 2573 Anchisae
1726 2540 1786 2572 Al·
1834 2535 1837 2538 ¹

1079 2604 1135 2625 ma
1151 2595 1265 2625 Venus
1283 2593 1424 2633 Phrygii
1442 2593 1576 2633 peperit
1601 2592 1784 2624 Simoe'ntis

1080 2644 1122 2675 ad
1138 2644 1261 2674 undam
1275 2644 1295 2674 ?‘
1319 2643 1414 2674 Idem.

1123 2696 1185 2724 129
1209 2693 1399 2733 Bosphorus]
1418 2692 1712 2734 Constantinopoli
1728 2702 1784 2725 na-

1080 2747 1134 2775 tus
1153 2744 1334 2783 Honorius,
1349 2748 1387 2774 ut
1400 2748 1529 2776 notum.
1554 2744 1654 2775 Idem.

1122 2795 1173 2827 De
1188 2794 1293 2826 limine
1307 2795 1412 2835 surgit
1428 2794 1532 2837 origo]
1555 2795 1661 2837 Malo,
1671 2794 1783 2836 limite,
