1852 3182
527 218 590 248 DE
625 217 698 246 111.

120 315 161 344 30
184 312 318 344 Sustulit
345 310 500 350 arridens]
524 309 693 341 Summam
721 319 777 349 ge-

77 363 391 402 nerosissimamque
415 360 561 390 indolem
579 359 610 389 in
629 364 778 389 coutem-

77 418 114 444 tu
152 413 479 449 sanguinolentorum
511 414 547 440 et
578 408 777 448 fulgentium

78 462 256 493 Armorum
278 462 382 501 ponit.
413 460 528 491 Barth.

121 515 159 542 31
180 512 286 542 Guleoe
302 520 354 540 πει·
364 510 454 539 triste
466 510 623 540 timentem
642 510 671 540 F
671 510 777 549 algar]

77 562 197 593 Indole
216 570 292 591 vere
311 560 439 597 ingenti
463 565 496 590 et
515 560 636 600 patria.
678 560 779 590 Triste

70 611 195 650 fulgur,
210 608 425 640 horrendum.
464 608 645 639 Galearum
665 616 777 639 autem

78 666 228 691 veterum
246 668 285 689 ea
310 661 455 696 cultura,
473 664 509 689 nt
527 659 648 690 timore
665 660 778 690 hostes

78 714 270 748 tangerent.
310 708 408 738 Idem.

122 758 226 789 Triste
242 757 414 797 timentem]
452 759 645 789 Trementem
661 759 780 798 scripti

76 808 153 840 dno.
181 808 268 848 qnod
300 809 484 839 nervosius.
513 808 640 839 dictum
669 818 781 848 supra.

77 858 121 889 D.
139 857 252 889 Heius.

119 910 159 939 33
187 908 262 938 Tum
278 909 322 938 sic
347 909 446 946 loetus,
471 909 537 948 tiu]
564 910 647 941 Hzec
671 911 781 941 onmia

78 967 119 989 ex
137 958 300 998 Homero,
317 959 358 989 Il.
378 969 399 989 ι.
437 960 482 990 At
499 960 704 991 Claudianus
726 971 781 990 an·

77 1009 247 1040 daciorem
287 1010 462 1051 minusque
505 1011 657 1041 timidum
696 1010 780 1041 facit

79 1060 281 1099 Honorium,
298 1071 394 1102 quam
413 1061 516 1092 tilium
538 1061 710 1092 Hectoris.

121 1111 287 1141 Stellantis
315 1111 458 1151 Olympi]
489 1111 560 1141 AEn.
589 1120 654 1141 vu.
678 1112 686 1127 ‘
704 1112 781 1141 stel-

77 1160 178 1190 lautis
202 1161 311 1199 Regia
328 1159 427 1190 coeli!
463 1159 606 1190 Omnem
634 1161 782 1201 undique

77 1210 184 1242 stellis
201 1210 402 1241 micantibus
429 1210 665 1251 splendentem
683 1211 782 1242 intel-

77 1261 155 1301 lige.
192 1261 308 1291 Barth.

121 1314 160 1341 35
203 1311 370 1351 Hyrcanos
399 1311 482 1351 opes]
520 1312 708 1342 Parthorum
747 1317 783 1343 et

81 1361 245 1391 Persarum
260 1371 360 1400 regua
376 1361 548 1399 intelligit,
561 1360 699 1391 confusa
713 1366 783 1391 tum

79 1410 282 1447 nominibus,
313 1411 435 1450 unique
460 1410 624 1450 parentia,
646 1412 717 1440 sola
735 1411 783 1440 in-

79 1459 167 1491 festa
183 1460 255 1491 fere
272 1461 313 1490 ud
334 1460 487 1490 timorem
505 1461 663 1491 Romanis
682 1460 783 1491 rebus

78 1510 122 1542 ad
140 1511 332 1541 Orientem.
372 1510 470 1541 Idem.

123 1564 165 1592 36
190 1562 331 1592 flumine
347 1561 450 1591 crebro
471 1561 642 1600 Turbidus]
666 1563 784 1592 Denso

81 1611 242 1647 anhelitu,
259 1611 380 1641 crebro
409 1611 592 1650 spiramine
620 1616 688 1641 tam
707 1621 784 1641 con-

79 1660 259 1691 trariorum
283 1664 459 1689 ventorum
486 1669 583 1700 qnam
601 1670 660 1690 suo
683 1660 784 1700 ipsius

79 1710 241 1740 anhelitu.
290 1710 375 1741 Quis
402 1710 560 1749 ignorare
588 1716 700 1750 potest
726 1711 786 1741 tali

79 1759 170 1790 facie
200 1769 242 1790 ex
281 1759 407 1799 praeliis
446 1760 557 1791 redire
591 1761 786 1800 principes?

80 1810 179 1841 Idem.

126 1860 266 1890 Flumine
291 1859 410 1901 crebro]
443 1861 527 1892 Vult
554 1861 707 1893 indicare
732 1871 785 1901 eo,

80 1920 173 1942 suam
189 1911 371 1951 crispulam
394 1913 567 1943 caesariem
594 1913 690 1953 quasi
707 1923 786 1944 ven·

82 1965 194 1992 torum
212 1962 428 1992 contentione
454 1962 596 2001 agitari:
622 1968 786 2004 sequente

82 2011 254 2050 panegyr.
283 2011 373 2042 idem
403 2011 515 2043 Poeta
547 2022 582 2043 se
612 2014 784 2053 explicat:

83 2061 91 2076 ‘
109 2060 187 2100 Ipse
203 2061 296 2091 labor
314 2062 492 2102 pulvisque
507 2061 610 2094 decet
632 2063 785 2094 confusa-

84 2119 149 2151 que
166 2116 259 2140 motu
276 2111 464 2143 Caesaries:
500 2113 622 2143 elaver.

127 2163 168 2191 37
194 2161 295 2191 Grato
313 2171 465 2201 respersus
478 2163 604 2202 pulvere
621 2162 706 2203 belli]
732 2162 788 2193 In-

84 2209 160 2241 dice
189 2211 337 2249 virtutis,
366 2212 484 2252 reique
507 2217 644 2243 strenue
669 2217 789 2252 gestae,

83 2260 195 2301 pulvis
210 2261 298 2292 enim
325 2260 367 2291 de
392 2271 511 2301 campo
539 2262 718 2293 militarem
744 2263 789 2292 la-

83 2309 198 2350 borem
214 2311 327 2342 docet.
365 2311 482 2342 Barth.

127 2361 169 2391 39
204 2361 284 2391 Mox
308 2361 530 2402 ubifirmasti]
557 2362 611 2392 Ab
640 2361 791 2393 Infantia

85 2409 127 2440 ad
142 2410 321 2450 pueritiam
338 2420 426 2442 nunc
443 2411 701 2452 p1·oscendit‚et
714 2422 789 2452 quae.

81 2459 153 2499 jam
192 2460 331 2499 gradum
370 2461 488 2502 figenti
520 2462 690 2502 Principis
721 2461 790 2492 tilio

85 2508 248 2541 discenda
269 2511 349 2550 siut,
364 2511 426 2542 sub
444 2512 601 2552 exemplo
619 2512 790 2552 proponit.

86 2558 182 2591 Idem.

130 2611 172 2640 40
195 2610 262 2641 Nec
278 2611 414 2642 marcida
439 2611 530 2652 luxu]
556 2611 627 2643 Non
651 2612 790 2643 secund.

87 2657 201 2689 Vatic.
217 2659 330 2692 Palat.
348 2661 497 2693 Florent.
512 2663 546 2693 S.
562 2663 673 2694 Marc.
694 2666 730 2693 et
757 2672 791 2693 u·

88 2719 151 2742 nus
168 2708 322 2741 Ambros.
355 2711 400 2742 D.
418 2710 530 2742 Heius.

134 2760 220 2809 Non*
237 2760 374 2792 marcida
409 2761 487 2794 luxu
525 2761 617 2803 Otia]
669 2761 791 2796 Qualia

732 216 868 246 CONS.
901 217 1089 246 HONOR.

1420 209 1530 251 1311

831 309 1019 339 Primatum
1051 306 1332 348 Optimatumque
1366 309 1532 342 Rornano-

830 369 902 389 rum
932 359 1082 389 sobolem
1111 367 1342 397 corrumpere,
1367 361 1533 391 omnibns-

828 419 891 449 qne
917 408 1008 438 vitiis
1038 416 1244 448 praeparare,
1262 407 1375 436 uuiltis
1399 409 1533 448 elegan-

831 458 1036 498 tissimisque
1066 457 1176 487 verbis
1206 456 1362 496 queritur
1391 459 1533 492 Quintil.

830 517 851 538 r.
869 510 897 537 2.
929 508 970 537 Et
990 509 1118 538 ¹Qeneca
1136 506 1225 536 alibi.
1262 506 1377 537 Barth.

871 560 911 587 42
940 558 1027 587 Nora
1045 556 1194 595 membru]
1228 556 1372 594 Viridia,
1397 561 1534 597 vegeta,

830 607 992 646 primaeva
1018 611 1131 636 aetate.
1187 605 1369 635 Horatius:
1405 608 1412 622 ‘
1432 607 1537 637 Dum-

830 666 895 697 que
915 657 1023 686 virent
1039 658 1170 696 genua!
1219 655 1315 686 Idem.

874 709 1028 739 Instruxit
1044 708 1177 738 *membru
1195 707 1327 746 labores]
1361 708 1471 747 Regia
1488 709 1537 739 in-

831 759 976 789 structio
995 759 1072 789 talis
1090 768 1162 788 esse
1174 757 1290 794 debet,
1306 762 1342 788 ut
1358 763 1536 797 parentum

832 809 980 848 ipsorum
1008 809 1144 838 monitis
1171 813 1205 838 et
1233 809 1537 839 corliortationibus

833 859 961 889 indoles
976 859 1114 897 egregia
1128 859 1285 898 exempla
1298 863 1333 888 et
1346 858 1537 890 doctrinam

833 919 961 939 morum
980 908 1170 948 conquirat,
1187 908 1336 948 corporis
1355 914 1465 939 antem
1483 919 1539 939 ex-

833 959 962 988 ercitiis
980 959 1085 989 dedat
1103 968 1175 989 sese
1201 959 1285 994 aliis,
1309 958 1365 997 qui
1384 959 1424 988 ad
1443 959 1538 989 robo-

834 1008 940 1038 randa
968 1013 1003 1038 et
1030 1007 1194 1038 firmanda
1224 1009 1375 1038 membra
1402 1008 1539 1039 idoneas

834 1063 924 1088 artes
941 1057 1143 1088 addoceant.
1178 1059 1186 1074 ‘
1207 1057 1279 1087 Hos
1297 1058 1357 1087 tibi
1376 1058 1539 1088 virtutum

834 1107 999 1145 stimulos,
1027 1107 1100 1137 liaec
1127 1107 1254 1137 semina
1276 1107 1425 1145 laudum,
1454 1107 1538 1137 Haec

834 1156 989 1196 exempla
1007 1155 1137 1187 dabat.’
1181 1155 1261 1185 Sine
1285 1156 1405 1196 quibus
1424 1155 1541 1186 videli-

834 1211 889 1236 cet
906 1215 1022 1237 manca
1043 1205 1179 1237 Heroici
1203 1205 1303 1236 animi
1322 1205 1476 1236 videatur
1492 1206 1541 1235 in-

834 1257 991 1287 structio.
1017 1257 1116 1286 Idem.

876 1310 916 1338 43
944 1308 1066 1347 Cruda]
1090 1307 1201 1338 Viridi
1219 1308 1312 1338 velut
1334 1312 1369 1338 et
1387 1306 1541 1338 laborum

836 1358 1000 1398 patiente.
1024 1359 1121 1389 Idem.

880 1409 924 1439 Et
940 1408 1050 1447 cruda]
1074 1407 1283 1438 Theodosius
1297 1417 1376 1437 sane
1392 1407 1543 1447 optimus

836 1458 955 1498 Campi
986 1459 1116 1488 doctor.
1157 1459 1278 1498 Vegct.
1303 1459 1311 1474 ‘
1334 1459 1401 1488 l'er
1431 1457 1540 1497 quoti-

836 1508 937 1538 diana
975 1509 1142 1539 exercitia
1178 1518 1344 1538 armornm
1385 1508 1543 1539 doctrina

837 1557 1101 1589 demonstranda
1115 1564 1178 1595 est,
1191 1564 1225 1589 nt
1240 1559 1358 1588 missile
1372 1559 1544 1589 destinato

837 1608 910 1638 ictu
923 1613 958 1638 et
976 1609 1102 1645 magnis
1120 1609 1249 1638 viribus
1267 1609 1413 1647 jaciant,
1428 1608 1542 1639 norint

838 1661 986 1688 tractare
1004 1657 1161 1688 scuturn.’
1191 1658 1312 1688 clm-er.

881 1710 922 1738 44
949 1709 1018 1737 Non
1031 1710 1136 1738 cedere
1150 1706 1277 1745 nimbis]
1301 1707 1422 1737 Silius:
1447 1707 1455 1723 ‘
1472 1717 1545 1737 ver-

839 1757 907 1789 tice
926 1757 1018 1788 nudo
1042 1758 1212 1796 Excipere
1235 1758 1367 1786 insanos
1395 1757 1544 1796 imbres;

838 1807 979 1848 coelique
995 1808 1108 1838 ruinas
1123 1808 1330 1847 Spectarunt
1344 1807 1463 1847 Poeni‚'
1480 1810 1545 1839 ἃς.

881 1860 921 1888 45
949 1857 1122 1888 Transnare
1147 1858 1284 1896 sonoras]
1323 1857 1374 1887 De
1405 1857 1544 1888 natandi

838 1907 964 1946 peritia
980 1907 1133 1947 Principi
1148 1907 1351 1947 necessaria,
1365 1908 1445 1938 alibi
1461 1908 1545 1939 mul·
1596 1934 1599 1937 .

840 1957 892 1987 tis.
916 1957 1031 1988 Barth.

885 2007 1038 2047 Tranare]
1062 2007 1145 2038 Ideo
1171 2018 1311 2048 campus
1329 2008 1476 2039 Martius
1500 2008 1546 2038 vi-

839 2057 933 2087 cinus
950 2057 1066 2088 'l'iberi
1083 2058 1250 2097 delectus,
1278 2059 1310 2089 in
1336 2069 1401 2099 quo
1421 2059 1545 2099 juven-

840 2112 894 2137 tus
923 2112 999 2147 post
1037 2108 1254 2146 exercitium,
1286 2109 1443 2139 sudorem
1472 2109 1544 2149 pul·

841 2167 1023 2198 verenique
1053 2158 1212 2197 dilueret,
1244 2169 1282 2188 ac
1311 2159 1544 2190 lassitudinem

840 2208 980 2238 natandi
1011 2208 1125 2239 labore
1163 2209 1365 2249 deponeret,
1404 2214 1544 2241 auctore

841 2258 1000 2297 Vegetio.
1028 2258 1150 2289 (λιιι-εν.

884 2312 926 2340 46
949 2309 1106 2340 Adscensu
1121 2309 1241 2341 vincere
1257 2309 1388 2350 montes]
1411 2311 1545 2341 Adscen-

841 2367 907 2389 sum
924 2358 1037 2389 montis
1055 2358 1200 2399 Gyrald.
1229 2361 1373 2391 Lucens.
1400 2365 1434 2391 et
1459 2368 1544 2390 nnus

841 2408 972 2440 Medic.
1003 2409 1084 2440 nihil
1117 2414 1221 2442 muto.
1260 2410 1382 2450 Virgil.
1410 2411 1470 2440 lib.
1503 2418 1542 2439 11.

842 2459 975 2490 AEneid.
999 2460 1007 2475 ‘
1027 2459 1146 2490 summi
1161 2459 1297 2500 fastigia
1316 2460 1400 2491 tecti
1416 2458 1544 2490 Ascen-

843 2520 880 2541 su
897 2513 1043 2551 supero)
1064 2510 1108 2540 D.
1126 2510 1238 2541 Heius.

884 2564 925 2592 47
966 2561 1134 2592 ΡΖαηὶεἱεηι
1158 2561 1264 2601 cursu]
1306 2561 1472 2592 Celeritas
1511 2559 1543 2588 in

843 2613 1017 2644 Heroibus
1034 2614 1276 2645 laudatissima.
1308 2614 1362 2644 Sic
1377 2612 1543 2643 Achillem

843 2664 998 2695 omnibus
1017 2663 1159 2704 praefert
1177 2664 1357 2694 Homerus.
1383 2661 1499 2692 Barth.

887 2715 1004 2754 Cursu]
1028 2714 1083 2745 Ad
1109 2724 1242 2745 cursum
1268 2710 1439 2743 assuefieri
1461 2709 1545 2743 mili-

843 2768 896 2797 tes
912 2763 1051 2804 debent‚
1074 2767 1112 2795 ut
1127 2764 1201 2797 loca
1216 2766 1410 2804 opportuna
1425 2760 1544 2794 celeri-
