1851 3213
262 214 376 256 1230

264 321 351 352 liber
367 323 402 351 et
416 319 596 351 Puteauea
612 323 787 359 excerpta.
811 317 971 348 Vicetina

266 372 374 403 editio
389 382 488 402 annm.
526 371 638 409 Vulgo
654 380 768 400 annus:
793 371 839 399 sir·
854 374 889 400 et
903 369 970 401 Dee

267 423 386 465 quinto
417 432 496 453 casu
535 421 622 452 dixit
659 420 879 451 Prudentius.
924 420 971 450 D.

267 474 381 505 Heius.

310 526 374 555 268
406 520 641 564 Quadrifidum]
677 521 804 552 Totum
837 529 972 560 annum,

268 575 326 617 qui
342 580 487 616 quatuor
503 577 639 604 constat
655 572 878 612 temporibus.

311 629 373 658 271
399 626 460 656 Sed
487 625 590 665 tepido
614 623 765 661 calefacta
794 623 880 663 noto]
918 621 974 653 Ita

269 678 432 718 Scaliger:
450 676 652 706 confirmant
670 674 788 715 primae
805 671 974 702 editiones

269 732 306 759 et
320 727 452 766 scripti.
476 727 589 766 Vulgo
602 725 732 765 trepido.
756 723 877 754 Tibull.
902 723 911 739 ⁴
930 722 975 752 Et

263 778 386 820 jubeat
419 777 555 817 tepidos
593 776 691 806 irrita
720 774 811 804 ferre
839 777 939 803 notos
954 771 974 801 ε’

269 840 347 861 mox
375 829 492 859 ambiat
516 827 596 864 uvis,
620 834 688 854 non
714 823 843 862 imbuat,
867 821 975 852 Aldus

271 886 305 911 et
321 879 463 919 scripti3
488 877 595 906 bene:
621 882 802 914 perperam
819 881 880 912 pro
905 871 977 901 vul-

271 931 359 971 gatis
375 933 444 960 stat
461 925 632 958 Barthius.
666 924 712 954 D.
731 922 847 953 Heius.

313 983 376 1011 272
400 977 528 1019 Liquidz'
546 974 680 1014 Favoni]
719 973 823 1012 Clari,
851 972 975 1004 sereni.

270 1030 393 1071 Virgil.
408 1029 526 1069 Eclog.
545 1036 593 1057 vl.
637 1027 647 1043 ⁴
663 1026 710 1056 Et
729 1023 852 1066 liquidi
879 1023 978 1054 simul

273 1081 387 1122 ignis.’

313 1135 376 1164 273
412 1131 521 1162 Pratis
550 1133 580 1160 ie
609 1127 738 1167 croceis]
776 1124 979 1164 Picturatis,

271 1182 431 1225 pulchris.
488 1181 634 1211 Omnem
663 1178 753 1218 grati
779 1177 902 1208 coloris
927 1186 978 1206 as-

272 1239 411 1275 pectum
431 1233 579 1262 Croceum
605 1238 729 1260 vocare
751 1227 896 1266 Poetas‚
923 1235 981 1256 no-

272 1289 356 1316 tum.
394 1283 506 1314 Barth.

315 1338 380 1367 274
405 1330 606 1364 Mndentz'bus
621 1328 705 1369 uris]
728 1327 818 1358 Vino
846 1325 981 1357 fluenti-

273 1386 350 1424 bus,
366 1382 598 1415 uberantibns.
639 1379 752 1410 Barth.

316 1437 378 1466 275
408 1432 477 1464 Tibi
490 1431 595 1470 gloria
608 1430 677 1468 soli,
692 1428 762 1469 85⁶]
785 1427 902 1459 Dubia
916 1436 983 1457 non

275 1488 356 1524 tam,
381 1493 480 1524 quam
506 1490 644 1522 prorsus
667 1479 754 1511 falsa
778 1479 853 1509 haec
877 1487 984 1508 asser-

274 1535 335 1567 tio.
374 1533 520 1565 Poetice
536 1532 607 1562 scil.
624 1530 779 1568 laudans,
796 1539 862 1560 non
879 1529 984 1560 histo-

274 1586 344 1617 rice
362 1583 583 1616 describens:
607 1586 645 1612 ut
662 1580 777 1612 videre
794 1584 848 1611 est
871 1579 905 1610 in
928 1589 985 1610 no-

277 1637 322 1668 tis
338 1634 482 1667 Barthii.

322 1688 386 1721 278
408 1685 554 1716 Scriberet
571 1683 604 1715 in
620 1682 755 1724 floribus
772 1681 888 1722 Horoe]
911 1681 985 1712 Ma-

522 223 663 254 NOTAE
698 221 963 252 VARIORUM
1005 221 1055 250 IN
1091 221 1164 249 CL.
1211 219 1397 250 GLAUD.
1430 220 1482 249 11.

1017 316 1074 347 lim
1092 315 1261 347 inscribent
1277 315 1429 357 floribus,
1446 318 1484 346 ut
1501 315 1592 357 apud
1608 316 1728 359 Virgu.

1020 369 1029 384 ‘
1048 367 1203 407 inscripti
1222 367 1358 398 nomina
1383 376 1502 407 regum
1528 367 1730 400 Nascuntur

1021 417 1122 448 flores
1136 416 1156 448 :'
1179 427 1371 459 quanquam
1399 422 1435 448 et
1457 418 1465 434 ‘
1482 418 1601 458 scripti
1617 411 1732 451 flores'

1023 468 1113 509 apud
1138 468 1325 499 Ausonium
1348 473 1532 500 occurrunt
1558 468 1731 509 Cupidine

1023 519 1198 550 crucifixo.
1230 520 1322 551 Naso
1340 520 1427 551 Met.
1443 529 1494 550 xx.
1527 519 1536 536 ‘
1553 520 1635 560 Ipse
1653 529 1732 552 suos

1024 571 1165 611 geminis
1183 570 1271 601 foliis
1289 571 1468 602 inscribit!
1510 571 1556 602 D.
1574 570 1688 602 Heins-

1067 621 1181 661 Horoe]
1220 622 1265 652 Ul·
1288 622 1474 662 priscorum
1499 622 1653 653 Heroum
1675 631 1733 653 no-

1025 671 1116 702 mina
1133 673 1322 703 aeternitati
1347 682 1549 704 consecrare
1566 673 1735 713 volentes,

1025 721 1164 753 fioribus
1181 723 1363 763 inscriptas
1386 724 1560 755 finxerunt
1584 724 1733 755 indidem

1025 772 1142 802 literas
1168 773 1267 812 primi
1284 773 1483 804 Poetarum.
1522 775 1629 805 Horae
1652 778 1736 805 tem-

1028 831 1147 861 porum
1169 823 1418 854 moderatrices
1440 824 1574 855 Graecis
1597 825 1735 856 vatibus

1028 876 1131 905 notae.
1189 873 1298 904 Iidem
1338 875 1514 914 eleganter
1554 875 1738 906 commenti

1028 929 1107 955 sunt
1133 924 1296 965 Virgines
1322 935 1395 956 esse
1428 925 1553 964 Horas,
1576 926 1738 966 Virgines

1029 975 1105 1005 illas
1133 975 1246 1006 Horas
1269 982 1448 1016 perpetuae
1471 986 1593 1008 vacare
1618 976 1741 1007 textri-

1028 1035 1081 1056 nae
1096 1037 1104 1064 ;
1130 1026 1317 1057 textrinam
1335 1026 1424 1057 illam
1443 1027 1613 1057 variorum
1630 1026 1740 1057 minn-

1031 1078 1156 1108 tiorum
1170 1077 1278 1108 omnis
1296 1078 1430 1118 generis
1445 1088 1518 1109 esse
1531 1077 1667 1118 florum,
1682 1077 1740 1120 qui

1029 1127 1063 1158 in
1080 1129 1242 1159 corollam
1261 1129 1399 1159 tandem
1425 1129 1572 1168 egregIae
1592 1128 1741 1169 pulchri-

1031 1178 1159 1209 tudinis
1173 1179 1332 1209 evadant.
1355 1179 1501 1209 Easdem
1515 1178 1656 1209 lanificii
1670 1179 1738 1210 ritu

1032 1232 1150 1258 texere
1177 1229 1322 1259 stamina
1353 1235 1389 1260 et
1419 1229 1620 1260 subtemina.
1668 1229 1746 1260 Sta-

1030 1278 1120 1309 mina
1136 1278 1194 1309 illa
1217 1284 1251 1309 et
1273 1279 1467 1310 subtemina
1483 1280 1516 1309 in
1534 1279 1649 1311 nobile
1667 1284 1741 1311 tan-

1032 1328 1109 1359 dem
1141 1333 1277 1359 textum
1308 1330 1379 1359 sive
1413 1339 1561 1369 pannum
1594 1329 1740 1371 aliquem

1033 1378 1234 1418 procedere.
1260 1379 1430 1410 Corollam
1448 1384 1527 1420 post
1543 1380 1612 1411 sive
1632 1384 1742 1412 textu-

1035 1437 1106 1458 ram
1135 1428 1227 1458 illam
1255 1429 1412 1459 eximiam
1438 1438 1513 1460 esse
1536 1428 1671 1460 Annum
1692 1429 1743 1470 ip-

1035 1489 1107 1510 sum
1123 1480 1290 1519 Solarem,
1315 1484 1485 1521 perpetuo
1512 1490 1571 1511 suo
1589 1490 1625 1511 se
1648 1480 1744 1512 obitu

1035 1535 1264 1571 repetentem,
1286 1531 1375 1562 unde
1401 1532 1510 1562 lustra
1525 1531 1664 1563 tandem
1693 1541 1746 1563 se-

1035 1581 1180 1622 culaque
1197 1582 1362 1622 perennia
1373 1581 1608 1614 conficiantur.
1626 1581 1744 1614 Barth.

1035 1634 1142 1712 Β27Ξ
1165 1632 1349 1674 Longaque]
1374 1632 1532 1675 AEterna,
1563 1638 1744 1675 perpetua.

1070 1685 1119 1712 art
1145 1704 1153 1713 .

982 1959 1049 2001 11.

461 2095 542 2144 IN
586 2095 933 2144 RUFINUM
972 2094 1116 2144 LIB.
1147 2096 1193 2144 Ι.
1227 2095 1551 2145 PRAEFAT.

327 2219 490 2251 Rufinus
509 2228 635 2260 genere
646 2218 777 2258 Gallus,
791 2228 834 2250 ex
849 2218 994 2260 Aquita-

282 2270 338 2302 nia
376 2269 517 2301 Oceano
557 2270 794 2311 Pyreneisque
827 2271 994 2311 proxima,

282 2321 490 2353 auctoritate
508 2321 616 2351 valuit
643 2321 734 2361 apud
762 2321 991 2352 Theodosium

284 2372 374 2413 Aug.
391 2372 448 2412 qui
478 2371 687 2412 praefectura
707 2371 867 2402 Praetorii
895 2381 992 2402 orna-

284 2427 352 2462 tm,
368 2422 494 2452 Consul
522 2421 812 2452 extraordinarius
838 2422 992 2462 designa-

285 2476 341 2503 tus
357 2471 434 2509 fuit,
457 2471 499 2501 ad
527 2480 626 2511 quem
643 2471 772 2510 scripta
795 2476 847 2501 est
870 2472 940 2510 lex,
966 2472 993 2501 si

285 2521 382 2561 major
408 2521 498 2552 annis
517 2523 571 2552 41.
628 2521 667 2552 C.
695 2520 737 2551 de
765 2525 930 2552 transact.
955 2527 993 2552 nt

284 2576 386 2613 putat
401 2571 571 2602 Aleiatus.
618 2571 789 2602 Caeterum
805 2570 992 2601 Theodosio

286 2622 491 2662 decedente,
522 2624 703 2654 immaturo
728 2621 877 2652 Arcadio
904 2621 993 2661 Aug.

278 2673 353 2716 jam
379 2673 712 2713 Constantinopolim
736 2673 876 2713 adepto,
902 2678 993 2702 tutor

287 2724 498 2766 designatus,
529 2724 700 2755 Alaricum
727 2733 838 2761 regern
865 2724 991 2754 Gotho-

287 2784 363 2806 rum
387 2775 429 2806 ad
456 2785 550 2806 arma
576 2775 745 2816 capienda
772 2774 992 2813 sollicitavit3

286 2829 327 2858 ut
354 2830 414 2859 aut
440 2825 546 2868 bello,
571 2830 632 2858 aut
659 2825 749 2866 dolo,
772 2825 904 2868 pupillo
932 2834 992 2858 suo

1041 2219 1188 2257 sublato,
1203 2219 1357 2250 Orientis
1373 2218 1538 2259 Imperio,
1553 2217 1643 2260 quod
1656 2217 1750 2260 cupi·

1041 2271 1178 2301 dissime
1197 2269 1392 2307 affectabat,
1416 2269 1608 2309 potiretur:
1633 2267 1694 2300 sed
1709 2276 1748 2300 rc

1040 2321 1233 2362 explorata,
1259 2320 1389 2351 artibus
1412 2319 1624 2357 Stilichonis,
1648 2327 1749 2360 quem

1041 2372 1139 2403 alteri
1165 2371 1234 2402 filio
1255 2371 1407 2401 Honorio
1428 2374 1578 2400 tutorem
1594 2368 1751 2400 Theodo-

1041 2422 1107 2452 sius
1124 2421 1324 2461 scripserat,
1349 2420 1453 2460 periit
1467 2428 1542 2450 cum
1560 2418 1659 2449 sociis
1679 2416 1754 2450 fac..

1042 2471 1155 2510 tionis,
1171 2475 1207 2502 et
1223 2475 1327 2510 caput
1340 2479 1465 2510 pompa
1489 2468 1621 2500 solenni
1641 2468 1748 2500 hastae

1041 2521 1188 2552 affixum.
1236 2522 1414 2560 Dempster.

1084 2575 1101 2603 1
1121 2571 1247 2603 Decidit
1265 2570 1354 2610 arcu]
1380 2569 1434 2601 Ad
1453 2569 1572 2600 molem
1591 2567 1750 2600 monstri.

1041 2623 1158 2663 Dejici
1184 2623 1272 2652 enirn
1290 2622 1463 2657 dicuntur,
1481 2631 1556 2662 quae
1579 2629 1648 2651 non
1675 2619 1751 2651 sine

1042 2674 1158 2704 labore
1182 2676 1391 2703 sternuntur.
1441 2670 1554 2702 Barth.

1084 2727 1103 2755 2
1130 2724 1279 2764 Cyrrhaeo
1288 2723 1380 2763 jugo]
1404 2721 1458 2753 Ad
1475 2721 1629 2762 Delphos
1645 2719 1753 2751 famo·

1042 2785 1116 2805 sum
1134 2775 1227 2806 illum
1244 2776 1440 2816 serpentem
1465 2771 1598 2814 dejecit
1613 2768 1752 2813 Apollo.

1041 2825 1159 2857 Barth.
