1851 3213
290 187 404 230 1410

333 293 460 334 IlIan'a]
483 294 624 336 Syllaba
640 295 801 326 notanda.
846 295 885 325 In
903 295 999 334 Nup-

289 343 365 375 tiis:
391 345 400 361 ‘
419 345 541 376 Mariae
567 345 626 376 sed
657 347 731 376 luce
759 346 903 376 minores
932 346 1000 376 Eli-

289 393 341 433 git
355 394 520 425 ornatus!
565 395 778 425 Prudentius
795 395 1001 435 psychoma-

289 443 387 475 chia:
417 444 425 460 ‘
445 444 519 475 Nec
539 454 612 475 mea
639 449 715 485 post
744 446 890 476 Mariam
911 446 1001 487 potis

288 503 324 525 es
337 493 551 535 perfringere
563 494 668 535 jura.’
692 495 810 525 Barth.

331 548 394 576 330
425 546 574 576 Det-ictos
606 546 751 586 Mauros]
788 546 820 577 A
847 547 1000 578 Theodo-

286 596 326 626 sii
343 596 620 636 pra‘cessoribus.
669 596 755 627 Vide
771 596 997 629 Ammiauum.

289 646 388 676 Idem.

331 697 483 728 Det-ictos
498 698 599 728 tenuit
615 698 738 739 fiducia
763 699 909 738 Mauros]
933 700 998 730 De-

286 747 377 778 victis
409 749 525 779 tumuit
546 748 669 789 fiducia
698 749 824 779 llquris
853 750 997 789 Gyrald.

286 805 455 839 excerpta
473 799 574 836 Laeti,
588 804 623 828 et
637 799 832 839 quindecim
848 800 920 838 alii,
935 800 998 830 nisi

286 849 378 890 quod
396 851 428 879 in
448 850 556 889 Regio
584 849 749 881 clementia.
794 851 923 880 Noster
940 851 998 881 ali-

285 899 343 930 bi:
368 900 377 916 ‘
396 900 553 930 Tantane
581 910 651 938 vos,
673 900 796 941 iuquit,
824 901 939 932 Getici
960 900 997 932 fi-

285 950 388 981 ducia
406 951 485 981 belli
507 951 619 991 Erigit
637 951 648 981 ?
673 951 750 982 hinc
777 952 889 982 animo
913 951 998 984 frus-

284 1008 339 1034 tra
357 1003 526 1034 tumuistis
542 1003 666 1035 inani?
691 1005 768 1036 Val.
785 1006 900 1037 Flacc.
929 1007 951 1037 Ι.
970 1016 995 1038 1.

282 1054 291 1070 ‘
309 1054 378 1085 Sed
396 1064 464 1084 non
481 1059 604 1093 sponte
618 1054 722 1094 feror,
736 1065 798 1086 nec
813 1065 903 1087 nunc
915 1057 996 1088 mihi

279 1104 426 1144 jungere
443 1109 576 1135 montes
594 1105 695 1135 Mens
714 1107 849 1137 tumet.'
893 1108 996 1140 Quod

283 1157 316 1186 in
334 1159 437 1187 tamen
454 1155 580 1187 frustra
597 1162 745 1196 mutant,
767 1157 826 1189 lib.
843 1168 884 1190 Π.
906 1159 916 1176 ‘
932 1169 996 1190 nec

284 1207 373 1237 enim
390 1207 480 1237 alma
494 1206 604 1237 videri
619 1207 698 1238 Jam
719 1212 842 1245 tumet,
870 1213 928 1239 aut
945 1214 995 1240 te-

283 1258 350 1289 reti
381 1258 511 1288 crinem
539 1257 755 1289 subnectitur
787 1259 893 1289 auro!
938 1259 996 1290 Ita

281 1309 394 1338 locum
414 1307 668 1338 vexatissimum
684 1309 923 1349 corrigendum
936 1320 995 1350 pu-

284 1363 330 1391 to.
369 1359 498 1390 Noster
513 1359 610 1390 initio
628 1360 727 1391 Cous.
745 1361 852 1392 Mani.
872 1362 881 1378 ‘
901 1361 995 1401 plau-

282 1418 365 1439 suve
391 1413 501 1439 tumet
529 1409 720 1441 clarescere
749 1410 876 1451 vulgi:'
912 1421 994 1452 quo-

282 1458 383 1490 modo
400 1462 496 1489 vetus
511 1458 612 1491 liber.
638 1460 769 1490 Statius
789 1460 996 1502 Achille‘ide,

279 1509 341 1541 lib.
370 1519 394 1541 1.
420 1520 470 1541 vs.
497 1512 571 1541 348.
604 1510 613 1526 ‘
632 1515 815 1552 vestesque
846 1513 994 1544 latentes

281 1560 437 1598 Diducit,
466 1570 690 1602 sparsumque
720 1566 829 1593 tumet
856 1573 993 1604 compo-

280 1620 364 1642 nere
392 1612 544 1644 crinem?
571 1613 621 1643 ita
645 1618 793 1644 testatur
816 1624 852 1645 se
876 1615 909 1645 in
938 1625 993 1645 ve-

286 1666 379 1693 tusto
391 1662 510 1693 codice
524 1664 693 1694 invenisse
711 1665 762 1696 Cl.
776 1665 992 1697 Gronovius:

280 1714 416 1753 vulgati
430 1715 556 1744 studet:
580 1715 628 1744 sic
644 1720 678 1745 ct
694 1714 834 1752 fremere
851 1726 926 1747 cum
943 1717 992 1747 in-

281 1763 414 1796 finitivo
431 1764 523 1804 apud
541 1765 688 1795 eundem
705 1766 853 1796 §tatium
879 1767 992 1798 Achil-

278 1815 394 1846 lei'de:
422 1817 430 1833 ‘
444 1825 511 1846 non
524 1825 645 1855 aspera
655 1816 789 1856 przebet
805 1817 876 1847 Ora
890 1818 991 1858 lupis,

282 1866 478 1909 dominique
496 1864 613 1897 fremit
636 1867 792 1906 captivus
820 1868 905 1898 inire
924 1869 991 1899 Im-

280 1916 402 1957 perial
449 1916 619 1958 quomodo
659 1922 757 1948 vetus
804 1919 990 1959 exemplar.

279 1967 378 1999 multi
390 1967 447 1998 alii
461 1968 574 2007 gemit.
598 1968 728 2008 vulgati
745 1971 850 2007 neg-at.
876 1970 989 2008 vulga-

279 2023 351 2049 tum
368 2019 469 2049 tenuit
483 2019 608 2060 fidncia
626 2020 757 2049 Mauros
782 2028 823 2050 ex
839 2019 896 2050 illo
913 2020 991 2050 Vir·

279 2069 405 2109 giliano
420 2073 534 2110 potest
549 2069 701 2110 defendi,
714 2070 847 2100 AEneid.
861 2071 989 2111 primo:

277 2120 286 2134 ‘
304 2120 456 2150 Tantane
486 2130 544 2151 vos
571 2120 706 2158 generis
736 2120 848 2152 tenuit
865 2120 990 2152 fiducia

278 2169 416 2201 vestri?
447 2171 490 2202 D.
508 2171 623 2202 Heius.

322 2222 382 2250 331
411 2222 562 2260 Conjurat
580 2221 612 2252 in
629 2221 733 2261 arma]
758 2222 812 2253 Ne
828 2221 989 2253 videatur

278 2270 401 2301 bellum
429 2271 618 2310 legitimum
647 2281 847 2312 agnoscere,
872 2273 988 2313 conju-

280 2330 373 2351 rasse
388 2320 483 2351 dicit.
512 2322 625 2353 Barth.

322 2373 384 2401 332
410 2371 582 2410 Progenies
604 2382 713 2403 resana
727 2372 835 2413 Juboe]
870 2374 988 2405 Numi-

279 2421 339 2452 das
356 2421 450 2452 dicit.
496 2422 621 2461 Populi
647 2423 736 2452 enim
761 2424 895 2463 Regum
913 2434 987 2455 suo-

279 2481 351 2502 rum
368 2471 503 2502 soboles
522 2472 757 2511 perhibentur.
787 2474 885 2505 Idem.

321 2524 384 2552 333
410 2522 590 2552 firmumne
605 2523 779 2563 jacentem]
816 2524 918 2555 Firmi
936 2535 986 2556 re-

278 2572 462 2603 bellionem
494 2572 598 2603 habes
637 2573 730 2612 apud
769 2573 986 2606 Ammianum

279 2623 532 2664 Marcellinum,
562 2623 622 2655 lib.
648 2632 751 2655 XXIX.
797 2624 985 2666 Zosimum,

279 2673 334 2704 lib.
353 2683 402 2704 ιν.
426 2673 525 2704 Idem.

323 2724 522 2764 Firmumne]
557 2724 625 2755 H1c
649 2730 814 2764 tyrannus
839 2726 925 2758 adeo
947 2726 985 2758 fi-

279 2775 362 2808 deus
378 2776 480 2808 animi
495 2777 548 2809 vel
563 2776 742 2817 impudens
760 2775 838 2818 fuit,
853 2782 889 2809 ut
906 2788 986 2820 pur-

533 199 677 230 NOTAE
710 198 979 230 VARIORUM
1010 199 1062 229 IN
1098 200 1173 230 ct..
1207 199 1392 230 cLAUD.
1425 200 1512 231 XV.

1049 305 1169 336 puram
1191 295 1362 327 indueret.
1409 295 1535 326 Exstat
1551 304 1706 327 nummus
1723 305 1758 328 e-

1044 346 1103 386 jus
1134 345 1257 378 faciem
1290 345 1478 384 praaferens
1507 355 1584 377 cum
1615 346 1678 378 hac
1709 347 1760 378 in-

1051 396 1253 437 scriptione,
1280 396 1346 428 Dn.
1369 396 1498 427 Firmus
1527 395 1568 426 P.
1595 396 1634 426 F.
1663 395 1759 428 Auo.

1051 446 1154 477 Hunc
1181 447 1394 478 Theodosius
1424 456 1538 477 comes
1565 446 1761 479 debellavit.

1053 497 1176 529 Clarer.

1097 547 1276 579 Firmumne
1286 547 1455 589 jacentem]
1477 548 1560 578 Tres
1565 546 1760 585 fratremne.

1050 607 1126 628 cum
1144 597 1280 635 mussa,
1298 598 1453 629 Firmum.
1478 598 1523 628 D.
1539 597 1661 629 Heius.

1091 651 1152 679 335
1179 649 1301 680 Rursus
1323 649 1452 688 habent]
1485 649 1590 680 Arent
1615 648 1761 690 corrigit

1048 700 1206 731 secundis
1223 702 1312 731 curis
1328 700 1501 732 Barthius.
1532 701 1632 730 Idem.

1091 751 1213 780 Rursus
1239 750 1344 790 avent]
1381 750 1570 788 Conantur,
1599 750 1760 791 cupiunt-

1047 809 1113 840 que
1141 805 1298 840 tangere,
1325 799 1491 840 nobisque
1515 806 1671 841 ereptam
1692 800 1761 832 sibi

1047 849 1233 881 vindicare.
1257 850 1376 881 Barth.

1091 903 1155 932 336
1182 901 1334 931 Germani
1363 911 1418 931 nec
1439 900 1516 940 sata
1540 902 1646 942 timet]
1680 903 1760 934 Fuit

1047 952 1137 982 enim
1167 951 1270 983 Gildo
1302 950 1412 982 frater
1435 952 1526 982 illius
1554 952 1672 992 Firmi,
1700 952 1758 994 qni

1046 1012 1112 1033 non
1136 1002 1227 1033 futili
1256 1003 1358 1039 bello,
1384 1003 1418 1033 in
1436 1002 1559 1033 Africa
1581 1003 1757 1034 Romanos

1046 1054 1229 1095 appetivit.
1258 1054 1470 1092 Ammianus,
1485 1055 1507 1086 l.
1527 1063 1634 1087 xxix.
1657 1055 1760 1088 Idem.

1089 1107 1152 1135 337
1185 1105 1344 1145 Notosque
1379 1104 1489 1145 senex]
1535 1104 1762 1137 Accuratissi-

1046 1165 1120 1186 mus
1146 1155 1296 1195 scriptor
1328 1155 1451 1186 alludit
1478 1155 1660 1186 militarem
1690 1155 1762 1186 vul-

1047 1210 1101 1235 tus
1120 1206 1322 1236 torvitatem
1346 1205 1380 1236 in
1402 1205 1536 1237 seniore
1551 1206 1758 1239 Theodosio.

1049 1256 1149 1286 Idem.

1089 1309 1153 1337 338
1178 1307 1284 1337 Meam
1299 1305 1456 1346 umbram]
1488 1306 1602 1338 Etiam
1618 1311 1758 1340 tenuem

1046 1357 1208 1397 speciem.
1234 1358 1333 1388 Idem.

1089 1409 1151 1438 344
1171 1407 1304 1447 Currus]
1330 1408 1457 1439 Currus
1475 1408 1758 1450 triumphantium

1045 1458 1172 1489 laureis
1189 1458 1307 1489 cincti.
1334 1458 1434 1489 Idem.

1088 1511 1152 1539 346
1176 1508 1236 1539 Dii
1251 1508 1341 1549 bene]
1364 1509 1473 1548 Bene,
1502 1508 1564 1549 ait,
1589 1508 1650 1540 tibi
1677 1519 1759 1541 con-

1045 1559 1234 1599 suluerunt,
1251 1569 1368 1600 parem
1382 1569 1468 1591 rneae
1485 1560 1625 1600 gloriam
1642 1559 1758 1591 confe-

1045 1615 1173 1650 rentes,
1195 1610 1288 1649 dum,
1313 1610 1426 1641 aetatis
1451 1616 1547 1641 tanto
1575 1611 1687 1652 spatio
1711 1611 1760 1642 in-

1045 1660 1252 1699 terlabente,
1269 1661 1411 1691 alterum
1428 1670 1472 1691 cx
1500 1659 1662 1692 fratribus
1677 1661 1758 1692 mihi

1045 1710 1218 1742 dederunt
1234 1711 1676 1751 triuniphaiidu1n‚alteru1n
1691 1722 1760 1743 ser-

1043 1765 1169 1792 varunt
1185 1761 1257 1792 tibi.
1281 1761 1438 1800 Triginta
1451 1761 1591 1792 circiter
1606 1761 1685 1792 anni
1697 1762 1758 1794 has

1043 1812 1204 1843 victorias
1222 1816 1300 1842 sunt
1316 1811 1508 1851 interlapsi.
1533 1812 1632 1843 Idem.

1086 1865 1149 1893 348
1173 1863 1285 1901 Dixit,
1302 1865 1332 1893 et
1350 1861 1490 1903 afflatus]
1520 1861 1653 1903 Affutus
1668 1863 1760 1894 Livi-

1042 1914 1139 1944 neius
1157 1914 1244 1944 uotis
1266 1914 1299 1943 in
1318 1913 1539 1953 Propertium
1557 1913 1625 1953 legi
1638 1913 1756 1954 jubet.

1042 1964 1212 2005 quomodo
1238 1968 1273 1995 et
1302 1964 1333 1994 in
1359 1974 1419 1995 ora
1446 1964 1575 1995 codicis
1597 1965 1648 1995 sui
1666 1965 1759 1997 idem

1042 2019 1189 2045 notarat.
1214 2014 1303 2055 quod
1328 2014 1539 2045 Tholosanus
1567 2014 1652 2045 liber
1677 2024 1760 2046 con-

1041 2065 1167 2097 firmat.
1191 2066 1273 2096 nillil
1291 2066 1491 2097 mutandum
1510 2071 1635 2098 tamen.
1677 2067 1761 2099 Um-

1043 2116 1104 2147 bra
1117 2115 1292 2155 Aucliisae,
1314 2116 1389 2149 AEn.
1407 2126 1440 2148 v.
1464 2118 1473 2134 ‘
1491 2116 1638 2159 Jamque
1667 2119 1756 2150 vale.

1043 2171 1183 2208 torquet
1208 2167 1337 2198 medios
1368 2177 1435 2198 nox
1461 2168 1599 2198 humida
1624 2178 1758 2210 cursus,

1044 2217 1089 2248 Et
1106 2228 1158 2248 nie
1177 2228 1285 2248 saevus
1299 2218 1395 2259 equis
1412 2218 1539 2249 Oriens
1558 2217 1688 2250 afflavit
1701 2229 1759 2250 an-

1042 2267 1139 2300 helis,
1162 2269 1338 2307 Dixerat3
1363 2273 1399 2300 et
1426 2273 1546 2300 tenues
1571 2268 1673 2310 fugit,
1690 2279 1755 2302 cen

1041 2317 1167 2358 fumus,
1184 2319 1216 2349 in
1242 2319 1366 2350 auras.’
1390 2329 1464 2360 quae
1489 2323 1606 2351 noster
1634 2322 1757 2360 procul

1042 2370 1147 2402 dubio
1165 2371 1329 2412 respexit.
1377 2371 1504 2412 Iuyllio
1516 2372 1558 2401 de
1576 2371 1756 2412 Plioeuice,

1041 2421 1050 2437 ‘
1069 2421 1238 2461 longeque
1251 2421 1402 2452 coruscis
1416 2422 1496 2453 Nox
1513 2420 1630 2453 afflata
1646 2422 1757 2455 rotis!

1040 2472 1085 2503 D.
1103 2473 1218 2503 Heius.

1085 2525 1149 2554 349
1194 2523 1401 2564 Immanihus]

1039 2572 1155 2604 Barth.

1082 2626 1145 2654 354
1162 2623 1275 2654 Sancte
1286 2624 1394 2664 puter]
1414 2624 1633 2658 Venerande.
1651 2626 1752 2660 Idem.

1081 2677 1145 2705 356
1173 2675 1294 2706 Venatu
1308 2676 1435 2715 cingere
1450 2677 1565 2717 saltus]
1594 2677 1688 2709 Visus
1700 2679 1753 2710 de-

1036 2725 1194 2764 stringere
1208 2726 1306 2756 saltus
1329 2726 1426 2766 prim.
1443 2727 1558 2759 Vatic.
1576 2727 1698 2769 Isiugr.
1714 2732 1751 2760 et

1038 2776 1185 2819 quinque
1211 2776 1269 2809 alii
1295 2786 1339 2809 ex
1367 2778 1508 2811 nostris.
1552 2779 1658 2812 Latet
1686 2778 1749 2812 ali·

1472 2524 1755 2565 Praegrandibus.
