1851 3213
282 231 396 274 1276

328 336 565 377 Conspiravere]
590 337 630 368 In
653 347 751 368 unam
773 347 898 368 venere.
915 346 988 367 sen-

280 386 435 418 tentiam.

325 441 386 468 1:20
411 439 551 470 Xerxem
575 442 639 469 tuto
659 439 752 469 simul
765 439 835 469 orbe
849 438 987 478 secutus]

283 488 389 527 Orbis,
403 491 585 519 maximum
602 489 799 528 Imperium.

324 542 382 569 121
412 540 572 569 Narratur
598 539 751 579 rapuisse]
777 540 906 571 Potasse
931 550 988 571 ex—

279 593 399 628 cerpta
415 589 660 628 Pomponiana.
706 590 749 620 D.
769 590 878 620 Heins.

321 639 474 679 Rupuz‘sse
492 639 608 678 annues]
643 640 818 670 Diodorus
841 641 986 680 Siculus,

277 689 300 721 l.
320 698 369 720 xl.
394 690 540 721 Quantae
559 699 637 720 vero
658 700 799 721 numero
813 702 862 721 eae
877 693 985 732 copiae

277 738 418 778 fuerint,
441 751 459 770 a
478 740 630 780 pluribus
649 740 875 780 scriptoribus
893 742 986 771 varie

278 790 423 820 relatum
440 795 512 820 est:
538 790 655 819 videas
682 791 834 821 Brissou.
855 791 912 821 lib.
930 800 987 821 111.

278 840 508 871 Persicorum.
544 841 721 871 Juveualis
747 841 787 870 de
817 842 987 872 exhaustis

277 890 430 920 amnibus
461 890 636 920 historiam
671 890 781 920 innuit
807 891 921 931 Satyr.
954 900 987 923 x.

277 943 286 956 ‘
305 940 473 970 credimus
509 940 595 970 altos
635 939 819 972 Defecisse
846 943 987 981 amneis,

276 990 508 1030 exhaustaque
525 988 664 1020 flumina
690 991 795 1022 Medo
812 991 988 1023 Pranden-

277 1040 334 1071 te.'
379 1041 496 1072 Barth.

320 1091 474 1130 Rapuisse
503 1101 599 1129 vagos
626 1091 745 1131 amnes]
769 1092 895 1123 Xerxis
919 1099 986 1124 tam

275 1151 468 1173 numerosae
496 1143 619 1182 copiae,
646 1147 682 1173 ut
699 1143 849 1182 integros
872 1154 986 1174 amnes

276 1196 471 1232 epotarent.
505 1193 663 1224 Juvenal.
688 1193 758 1224 Sat.
778 1202 811 1224 x.
836 1197 844 1211 ⁴
860 1196 986 1234 Epota-

275 1251 340 1283 que
365 1241 503 1273 flumina
530 1244 635 1274 Medo
654 1244 875 1275 Prandente.²
916 1246 986 1276 He-

275 1292 348 1322 rod.
376 1293 396 1324 l.
417 1302 480 1323 vn.
508 1299 663 1323 numerat
688 1293 809 1324 fluvios
826 1296 985 1325 Scaman—

275 1343 374 1374 drum
412 1348 447 1374 et
480 1345 705 1375 Onocbounm
738 1346 770 1375 in
798 1347 985 1386 Thessalia,

272 1394 449 1425 Simoenta
475 1394 507 1424 in
533 1395 696 1435 Phrygia,
729 1396 922 1436 Cliydorum
950 1397 984 1426 in

274 1444 421 1483 Boeotia,
451 1445 578 1485 Lysum
601 1446 634 1475 in
660 1446 918 1484 Samothracia;
952 1451 986 1477 et

274 1494 308 1524 iu
332 1494 399 1525 alio
430 1495 504 1525 loco
537 1495 690 1534 ejusdem
724 1495 802 1526 libri
830 1497 987 1527 nominat

273 1545 478 1585 Epidamum
511 1546 692 1575 maximum
721 1544 845 1576 flumen
873 1546 907 1576 in
938 1546 985 1577 A-

273 1595 393 1634 chaia,
420 1602 454 1626 et
485 1597 596 1626 lacum
628 1597 771 1636 triginta
795 1597 984 1629 stadiorum

274 1646 308 1676 in
335 1646 410 1677 sinu
431 1647 572 1677 Persico
599 1657 618 1677 a
637 1648 803 1687 jumentis
832 1649 984 1679 exsicca-

273 1701 368 1727 tum:
386 1701 422 1727 et
439 1697 589 1727 nonnihil
609 1708 712 1737 super
729 1708 769 1728 ea
786 1708 821 1729 re
839 1699 984 1731 Diodor.

273 1745 374 1777 Sicul.
388 1747 410 1776 1.
430 1755 495 1776 xu.
514 1746 572 1776 sed
587 1752 621 1776 et
641 1747 723 1777 illud
741 1749 846 1788 magis
864 1749 984 1778 miran-

274 1795 367 1834 dum,
399 1800 530 1827 tantum
569 1797 759 1827 exercitum
796 1798 982 1837 magnificis

273 1847 384 1887 epulis
408 1857 428 1876 a
455 1846 581 1886 Pythio
606 1846 757 1887 Bithyno
787 1854 982 1888 exceptum,

273 1902 310 1928 et
337 1896 510 1927 frumento
543 1896 712 1936 adjutum,
750 1898 982 1938 vestibusque.

274 1947 403 1979 Justin.
442 1947 465 1977 l.
494 1955 531 1977 11.
569 1946 700 1977 Herod.
730 1947 752 1977 l.
779 1957 846 1978 vu.
881 1948 981 1978 Oros.

272 2007 322 2029 1v.
341 2001 371 2029 1.
389 2002 519 2028 tectum
545 2002 657 2027 autem
678 2007 806 2037 aequor,
822 2007 881 2037 pro
900 1999 981 2029 Hel-

272 2048 442 2089 lesponto,
458 2058 557 2088 quem
576 2047 719 2078 navibus
736 2049 823 2079 texit
838 2049 982 2089 Xerxes,

272 2098 408 2129 vincula
424 2099 589 2137 Neptuno
606 2098 764 2128 minatus.
810 2099 955 2138 Dempst.

316 2151 378 2179 122
405 2150 482 2179 Cum
499 2148 648 2178 classibus
665 2150 724 2179 iret
745 2149 824 2189 Per]
852 2150 981 2180 Deciso

273 2203 388 2230 monte
415 2199 516 2237 Atho,
533 2203 637 2238 ponte
662 2209 742 2230 vero
766 2205 874 2231 strato
898 2201 982 2231 Hel-

271 2249 439 2290 lesponto.
484 2250 598 2280 Barth.

316 2303 378 2331 124
407 2300 435 2330 V
437 2300 470 2329 ix
482 2300 577 2339 Alpes
591 2304 802 2340 trtmsgressus
816 2301 899 2341 erat]
913 2301 981 2332 Sti-

271 2352 360 2383 licho
376 2360 450 2382 eum
467 2351 609 2381 Gallicis
637 2352 668 2381 in
694 2353 888 2383 collectitiis
907 2352 980 2383 aliis

274 2403 391 2444 copiis.
436 2403 536 2432 Idem.

320 2453 384 2485 Vix
399 2452 494 2492 Alpes
508 2456 715 2492 transgressus
731 2454 814 2493 erat]
837 2455 980 2487 Lucens.

275 2512 426 2542 egressu&
459 2503 500 2532 D.
520 2503 641 2533 Heins.

316 2555 377 2583 125
406 2553 638 2592 Adi-ericumque
666 2555 815 2593 tremens]
858 2555 980 2585 Timens

272 2603 424 2633 nonnulli
445 2603 588 2642 scripti:
609 2604 696 2642 quod
724 2613 903 2645 perperam
929 2615 978 2635 se-

274 2657 373 2685 cutus
388 2653 663 2693 Rapbelengius:
684 2663 787 2692 supra
800 2654 820 2683 l.
836 2663 859 2684 1.
874 2656 881 2670 ‘
899 2655 977 2685 Hoc

272 2708 457 2735 monstrum
495 2713 560 2734 non
588 2713 652 2733 una
681 2704 788 2743 palus,
821 2714 883 2734 non
912 2715 978 2734 una

273 2754 444 2786 tremebat
459 2753 598 2785 Insula.'
635 2754 709 2785 Lib.
725 2763 766 2784 11.
785 2754 818 2784 in
836 2755 977 2795 Eutrop.

273 2804 284 2822 ‘
301 2808 442 2835 mortem
469 2813 654 2845 poenasque
675 2804 866 2838 tremebant
880 2804 899 2836 :'
929 2809 978 2837 at-

542 243 683 273 NOTAE
717 240 984 273 VARIORUM
1020 239 1071 270 IN
1107 241 1181 273 ch.
1215 242 1404 273 CLAUD,
1439 244 1482 273 V.

1041 337 1172 378 qneita
1185 347 1288 378 saepe.
1335 339 1432 369 Idem.

1084 389 1262 428 Barbarus]
1301 390 1484 420 Exercitus
1516 388 1748 421 Barbarorum

1041 448 1138 478 quem
1162 449 1179 469 a
1206 439 1329 470 Rufino
1357 444 1536 470 evocatum
1553 439 1748 470 consedisse

1040 488 1082 518 ad
1108 499 1219 519 muros
1243 490 1332 520 urbis
1359 489 1747 529 Constantinopolitanae

1040 540 1259 580 supradixit.
1305 541 1421 571 Barth.

1084 594 1146 621 126
1176 591 1312 631 Tutaque
1342 591 1473 621 includit
1509 600 1624 631 pascua
1650 587 1748 630 gyro]

1040 640 1120 670 Nou
1149 641 1247 671 video
1283 651 1435 671 caussam
1463 642 1566 671 ullam
1596 649 1656 671 cur
1684 640 1752 670 ista

1040 696 1188 720 mutem:
1224 691 1302 731 quia
1329 692 1417 721 enim
1444 691 1598 731 plerique
1627 689 1750 720 barba-

1040 748 1152 769 rorum
1170 740 1312 770 istorum
1330 746 1506 781 equestres
1523 744 1634 778 erant,
1650 744 1689 770 ut
1715 739 1750 770 in

1040 790 1189 819 moribus
1215 791 1419 821 Hunnorum
1442 790 1627 830 descriptis
1645 799 1747 830 supra

1040 839 1196 879 vidimus,
1209 841 1256 870 ait
1269 841 1413 871 maxime
1430 842 1566 881 pascuis
1584 840 1647 871 sibi
1661 850 1750 880 prae-

1040 888 1175 919 vidisse.
1219 890 1324 919 Simul
1343 890 1452 920 innuit
1474 890 1646 930 copiarum
1664 889 1747 920 mul-

1039 938 1219 970 titudinem
1239 940 1464 971 barbararum.
1511 941 1611 971 Idem.

1084 992 1143 1020 127
1174 991 1250 1021 Tum
1267 992 1419 1030 duplicem
1437 991 1573 1030 fossam]
1599 992 1677 1022 Non
1695 992 1750 1021 du-

1035 1041 1111 1080 plici
1140 1041 1229 1078 fossa
1265 1044 1362 1082 prim.
1395 1042 1508 1072 Vatic.
1546 1042 1746 1082 eleganter:

1040 1092 1118 1122 vide
1142 1099 1241 1123 notas
1269 1093 1357 1123 bello
1385 1092 1478 1124 Gild.
1500 1102 1546 1123 VS.
1564 1095 1638 1123 136.
1678 1092 1748 1123 Pro

1038 1145 1174 1182 tutoque,
1190 1144 1303 1174 Oxou.
1328 1147 1489 1182 tortoque:
1514 1143 1571 1173 alii
1596 1142 1749 1173 nonnulli

1038 1195 1171 1232 totoque.
1229 1193 1346 1224 Locuta
1375 1194 1478 1223 etiam
1504 1203 1579 1224 cum
1611 1193 1748 1233 scriptis

1038 1243 1235 1273 melioribus
1264 1243 1350 1273 bene
1381 1243 1650 1284 Raplielengius,
1679 1253 1746 1274 non

1038 1294 1168 1323 locatum
1181 1304 1191 1323 .-
1215 1294 1302 1324 vidit
1320 1293 1353 1323 id
1372 1294 1530 1323 Bartliius
1548 1294 1662 1324 etiam.
1701 1294 1747 1324 D.

1040 1343 1152 1374 Heins.

1083 1396 1143 1424 128
1181 1395 1316 1434 Asperat
1347 1394 1477 1425 alternis
1503 1394 1646 1435 sudibus]
1685 1396 1748 1427 Est

1039 1444 1228 1484 descriptio
1244 1444 1410 1474 barbarici
1424 1444 1643 1476 munimenti:
1659 1444 1750 1476 fossa

1037 1495 1274 1525 circumducta
1290 1494 1435 1534 duplici,
1454 1495 1577 1525 vallum
1595 1504 1637 1525 ex
1655 1505 1749 1535 eges-

1037 1548 1070 1574 ta
1096 1545 1195 1575 bunio
1212 1544 1445 1584 compingere,
1468 1545 1497 1575 ei
1522 1545 1610 1576 vallo
1636 1547 1746 1585 spatio

1037 1595 1177 1634 plaustri
1194 1595 1292 1625 unius
1315 1595 1480 1626 distantes
1498 1596 1566 1637 pali
1584 1602 1682 1628 erant
1698 1597 1749 1627 inm

1035 1645 1111 1682 fixi;
1128 1646 1158 1675 iu
1174 1655 1317 1676 vacuum
1330 1646 1571 1678 statuebantur
1583 1648 1750 1689 plaustra,

1036 1695 1135 1725 coriis
1152 1696 1294 1725 taurinis
1312 1696 1466 1735 obtenta,
1482 1707 1581 1737 quam
1605 1699 1747 1738 carragi-

1034 1755 1102 1775 nem
1138 1745 1352 1776 barbaricam
1384 1752 1508 1778 vocant
1535 1747 1745 1789 Ammianus,

1035 1795 1092 1826 lib.
1110 1804 1212 1826 xxm.
1227 1801 1262 1826 et
1278 1797 1345 1827 alii.
1389 1798 1506 1828 Barth.

1079 1847 1140 1875 129
1180 1845 1279 1875 Caesis
1300 1846 1459 1886 juvencis]
1508 1847 1743 1879 Juvencorum

1035 1895 1191 1935 pellibus.
1238 1897 1335 1927 Idem.

1080 1948 1140 1976 130
1178 1947 1222 1976 At
1251 1947 1373 1986 procul]
1420 1946 1598 1988 Abruptus
1629 1958 1741 1980 sermo

1035 2001 1137 2036 auget
1151 1996 1200 2026 rei
1218 1996 1364 2037 pondus,
1379 2002 1413 2028 et
1438 1998 1582 2029 imitatio
1599 2004 1651 2029 est
1666 2000 1742 2030 Ma-

1035 2047 1186 2077 roniaua.
1228 2048 1326 2078 [clem.

1076 2098 1121 2128 At
1150 2099 1257 2138 procul
1283 2099 1463 2137 exsanguis,
1486 2099 1555 2139 ξω]
1593 2100 1645 2130 Ex
1671 2101 1742 2132 Ms.

1034 2147 1230 2188 Dempsteri
1242 2148 1317 2188 lege
1331 2159 1338 2178 z
1366 2149 1412 2179 At
1422 2150 1530 2189 procul
1540 2160 1741 2192 exsanguem,

1032 2199 1085 2237 &a
1132 2198 1239 2229 Idem.

1079 2251 1138 2278 131
1177 2248 1309 2286 Infectae
1337 2250 1456 2289 pallore
1483 2250 1588 2291 genoe]
1627 2252 1742 2282 Tenore

1033 2299 1186 2328 nonnulli
1202 2310 1208 2330 ι
1238 2305 1321 2339 puto
1333 2309 1392 2339 pro
1405 2303 1537 2340 torpore.
1556 2302 1603 2332 D.
1617 2302 1738 2333 Heins.

1078 2350 1142 2378 Ore
1155 2349 1259 2387 gelato
1274 2349 1427 2389 Incertus]
1456 2351 1552 2381 Metu
1567 2356 1669 2391 atque
1683 2352 1740 2383 de-

1032 2399 1230 2438 speratione
1243 2398 1286 2428 ob
1299 2400 1544 2430 conscientian»
1559 2401 1739 2433 scelerum.

1032 2449 1165 2480 Nimius
1186 2450 1286 2479 timor
1302 2451 1457 2489 congelat
1468 2451 1562 2480 velut
1577 2451 1739 2485 membra.
1761 2467 1767 2472 ·

1033 2499 1155 2530 Cicero
1172 2499 1203 2528 in
1222 2499 1329 2529 Arato
1346 2509 1352 2528 :
1377 2501 1386 2515 ⁴
1403 2501 1548 2531 tremulo
1565 2501 1739 2541 quatietur

1031 2549 1160 2590 frigore
1192 2548 1336 2588 corpus?
1394 2550 1593 2582 Petronius:
1626 2553 1634 2567 ‘
1662 2553 1737 2592 Ego

1031 2605 1144 2631 autem
1159 2599 1314 2639 frigidior
1330 2599 1440 2630 hieme
1458 2600 1590 2632 Gallica
1605 2601 1738 2635 sactus?

1031 2651 1148 2681 Barth.

1075 2705 1135 2732 133
1160 2703 1204 2732 At
1224 2704 1325 2731 tantos
1340 2710 1404 2732 sese
1420 2701 1607 2739 transferret
1622 2703 1655 2734 z'n
1670 2703 1738 2735 hos·

1030 2751 1090 2791 tes]
1126 2752 1270 2783 Dubitat
1300 2751 1441 2782 Rufinus
1474 2758 1588 2784 utrum
1621 2754 1734 2794 palam

1030 2803 1151 2834 castris
1167 2802 1347 2834 hostilibus
1361 2802 1504 2834 accedat
1517 2814 1526 2843 ;
1549 2803 1735 2844 transferret
