1852 3182
625 221 1011 253 EP1GRAMMA'1'A.
1437 212 1552 255 1163

668 412 965 461 LXXXII.

260 527 331 570 32.
361 526 449 569 AD
485 524 834 576 MAXIMUM,
868 525 984 578 QUI
1019 522 1150 566 MEL
1179 521 1377 564 MISIT.

94 627 293 671 DULCIA
315 626 434 668 dona
453 627 557 668 mihi
575 630 620 668 tu
642 627 793 676 mittis,
819 626 1038 676 Maxime,
1063 639 1255 680 semper,

148 694 207 737 Et
224 695 435 750 quicquid
457 695 610 743 mittis,
633 694 766 735 mella
787 699 946 747 putare
969 694 1108 735 decet.

124 793 156 825 Ο
176 794 330 832 Maxime,
345 798 379 824 tu
395 794 496 824 mittis
510 794 585 824 mihi
598 804 717 834 semper
733 803 861 825 munera
876 793 990 833 dulcia,
1005 796 1034 823 et
1048 793 1080 824 id
1096 802 1182 823 omne
1197 793 1277 833 quod
1292 789 1406 833 minis,
1418 789 1559 822 com-enit

90 837 211 869 credere
226 846 300 868 esse
318 837 387 874 mel,
412 841 471 868 aut
488 837 659 868 meiieum.

707 899 783 912 om
788 898 943 910 eeeeeeee

135 950 249 981 Deest
263 949 345 980 Vat.
364 959 415 990 pr.
429 954 464 980 et
481 949 604 980 Sched.
621 948 712 980 Gnd.
752 948 804 979 Aa
818 949 1007 985 Maximum,
1024 947 1074 987 qui
1090 947 1149 977 mel
1165 946 1248 976 misit
1265 945 1372 976 habet
1388 949 1458 976 vet.
1475 945 1562 986 Gyr.

94 992 209 1025 Oxon.
226 1002 292 1024 sec.
330 993 381 1023 Ad
398 992 589 1028 Maximum,
607 992 660 1031 qui
683 991 711 1021 ei
735 992 793 1021 mel
821 991 910 1020 misit
936 994 1009 1020 crat
1031 991 1063 1020 in
1083 990 1192 1020 Oisel.
1219 989 1345 1020 Moret.
1362 999 1413 1029 pr.
1430 989 1562 1019 Bonon.

93 1035 159 1066 inc.
175 1035 294 1066 Heius.
317 1035 401 1065 Exc.
425 1035 570 1065 anens.
599 1043 649 1073 pr.
673 1034 755 1064 var.
781 1034 848 1063 LL.
874 1043 892 1063 e
918 1042 1022 1070 marg.
1042 1032 1154 1062 Parin.
1171 1031 1388 1062 Lovaniensis
1408 1031 1562 1062 annectit

93 1078 275 1117 superiori.
301 1077 341 1108 ln
356 1077 504 1108 Florem.
519 1077 627 1107 tribus
642 1075 735 1106 Med.
755 1075 836 1106 Pur.
854 1080 890 1106 et
906 1075 1038 1105 duobus
1054 1074 1176 1104 Petav.
1195 1073 1316 1104 deerat
1332 1073 1520 1113 inscriptio.

140 1123 156 1150 1
181 1123 216 1151 tu
231 1128 360 1159 semper,
387 1119 543 1155 Maxime,
570 1119 670 1149 mittis
695 1118 769 1149 Pal.
798 1117 865 1148 duo
890 1117 983 1148 Med.
1013 1117 1078 1148 inc.
1106 1116 1225 1147 Heius.
1246 1116 1332 1147 Exc.
1349 1117 1494 1147 anens.
1513 1124 1564 1154 pr.

93 1171 212 1201 semper
226 1164 273 1200 tu,
290 1161 445 1200 Maxime,
468 1161 571 1191 mittis
585 1161 666 1191 Vat.
683 1170 751 1191 sec.
771 1161 866 1191 Rott.
887 1160 967 1190 Pnt.
984 1159 1049 1189 dno
1070 1159 1191 1189 Petav.
1209 1159 1342 1189 Bonon.
1358 1159 1424 1189 dno
1447 1157 1564 1188 Ambr.

95 1205 222 1236 Moret.
236 1214 288 1245 pr.
305 1203 420 1235 Oxon.
437 1213 505 1234 see.
523 1204 604 1234 Lov.
629 1204 714 1235 Cod.
737 1203 856 1244 Epigr.
874 1201 994 1233 Ambr.
1013 1202 1099 1232 Exc.
1116 1200 1241 1232 Petav.
1257 1205 1369 1242 quart.
1387 1200 1465 1231 Aid.
1483 1199 1564 1231 Var.

95 1247 164 1278 LL.
189 1256 207 1277 e
231 1256 275 1277 m.
301 1246 481 1277 Parm.——2
503 1246 653 1287 quidquid
679 1247 780 1277 minu
808 1246 883 1278 Pai.
903 1245 998 1277 Med.
1016 1253 1067 1286 pr.
1106 1244 1213 1275 mittes
1229 1245 1312 1277 Exc.
1340 1244 1484 1276 Lucens.
1509 1252 1563 1283 pr.

94 1291 216 1321 credere
232 1290 321 1321 mella
337 1289 419 1321 Put.
436 1289 516 1321 Var.
533 1289 598 1320 LL.
616 1289 670 1320 ed.
688 1288 794 1321 Antv.

671 1474 993 1524 LXXXIII.

314 1644 386 1687 33.
419 1641 504 1684 DE
535 1638 838 1684 LOCUSTA.
871 1637 1351 1682 FRAGMENTUM.

101 1746 322 1793 HORRET
345 1759 464 1800 apex
481 1745 667 1799 capitis:
699 1742 846 1784 medio
868 1740 961 1782 fera
980 1740 1153 1781 lumina
1172 1742 1356 1792 surgunt

104 1815 302 1857 Vertice.
364 1814 592 1867 cognatus
615 1813 744 1853 dorso
767 1810 957 1852 durescit
977 1808 1184 1850 amictus.

102 1880 307 1925 Armavit
324 1885 484 1923 natura
505 1884 663 1930 cutem,
687 1879 892 1932 dumique
913 1877 1120 1917 rubentes

106 1949 378 2004 Cuspidibus
398 1949 550 2004 parvis
570 1947 733 1988 multos
753 1957 910 1987 acuere
929 1943 1131 1985 rubores.

153 2054 270 2086 Vertex
297 2055 372 2094 ejus
396 2054 508 2094 capitis
531 2063 620 2094 asper
643 2056 708 2084 est.-
732 2052 811 2083 oculi
832 2050 902 2089 feri
933 2051 1106 2089 exsurgunt
1122 2047 1155 2079 in
1172 2046 1271 2078 medio
1286 2046 1396 2089 capite.
1442 2045 1576 2086 Tegmen

107 2098 207 2129 simile
222 2098 403 2128 induratum
419 2100 463 2127 est
481 2098 511 2126 in
527 2097 626 2126 dorso.
668 2097 794 2127 Natura
810 2094 945 2125 armavit
957 2093 1070 2133 pellem
1087 2092 1170 2132 ejus,
1185 2094 1215 2122 et
1229 2100 1337 2132 vepres
1350 2089 1438 2121 rubri
1453 2098 1575 2121 ”eucro-

112 2141 201 2171 ›iibus
216 2140 342 2180 exiguis
358 2139 543 2171 ostendunt
558 2138 684 2169 rubores
706 2138 855 2178 plurimos
869 2139 988 2167 acutos.

724 2220 961 2233 eeeeeeeeeeee

154 2274 235 2305 Vet.
252 2272 338 2305 Cod.
354 2272 492 2304 Daniei.
516 2271 566 2303 De
584 2272 724 2303 Bucusta
741 2268 908 2302 inscribit.
940 2268 991 2299 De
1006 2266 1151 2299 Loca-stis
1165 2265 1269 2299 habet
1283 2266 1397 2298 Oxon.
1414 2275 1483 2298 sec.
1498 2266 1579 2297 Vat.

112 2321 225 2348 autem
253 2316 363 2347 Liviu.
387 2320 423 2346 et
450 2314 570 2346 Ambr.
598 2324 648 2354 pr.
673 2315 826 2344 inserunt
840 2312 895 2343 hic
912 2311 1014 2341 alium
1031 2320 1166 2342 versum
1184 2320 1260 2342 cum
1277 2309 1499 2351 inscriptione
1525 2309 1580 2340 De

111 2360 236 2391 Dulcia.
253 2368 376 2398 nempe
395 2358 548 2388 Nectareo
564 2358 668 2388 dulces
683 2365 770 2387 muro
785 2355 957 2394 cinguntur
971 2364 1086 2384 arenae.
1111 2354 1246 2384 Ectareo
1262 2362 1324 2393 pro
1337 2352 1489 2384 Nectar-eo
1506 2355 1580 2382 erat

112 2402 147 2433 in
162 2406 234 2433 vet.
251 2401 336 2432 Cod.
354 2401 522 2436 Danielis,
537 2400 594 2441 qni
611 2405 646 2431 et
663 2399 757 2430 illum
783 2407 920 2429 versum
946 2395 1192 2437 praemittebat.
1236 2395 1279 2426 In
1303 2395 1455 2427 Florent.
1473 2394 1579 2426 tribus

111 2444 207 2477 Med.
230 2444 311 2475 Put.
337 2443 466 2474 Buslid.
494 2448 530 2474 et
547 2442 679 2474 dnobus
706 2442 828 2473 Petav.
854 2439 1032 2481 inscriptio
1061 2438 1194 2470 deerat.
1231 2438 1273 2469 In
1298 2439 1379 2469 Vat.
1404 2448 1454 2479 pr.
1471 2438 1579 2478 ipsum

113 2496 248 2519 carmen
267 2487 366 2527 plane
383 2485 657 2517 desiderabatur.

157 2532 174 2560 1
202 2530 311 2560 Torret
327 2530 407 2559 Va«.
420 2539 489 2560 sec.
504 2529 630 2560 Moret.
648 2537 699 2568 pr.
734 2525 836 2557 media
850 2525 932 2557 vat.
950 2529 1033 2556 tert.
1049 2525 1143 2556 Rott.
1159 2523 1315 2555 Florem.
1342 2522 1445 2561 surgit
1460 2521 1581 2552 Pal.—

113 2574 134 2605 2
156 2575 281 2604 conatus
293 2573 382 2602 dorso
399 2571 512 2604 Oxou.
529 2580 598 2603 sec.
634 2570 782 2602 decrescit
803 2568 923 2601 Ambr.
946 2570 1094 2600 tem-3
1117 2567 1249 2608 dubique
1264 2567 1350 2598 Exc.
1367 2565 1511 2597 Lucens.
1528 2571 1580 2603 pr.

774 2654 918 2687 NOTAE

160 2721 181 2750 2
205 2720 364 2760 Cognatas
381 2720 528 2761 amictus]
559 2719 708 2761 'regmen
731 2719 823 2760 ejus-
876 2728 966 2751 rum.

118 2767 196 2803 dem
210 2773 341 2802 natum
364 2781 404 2803 ae
421 2771 571 2809 dorsum,
599 2771 664 2803 hoc
681 2774 746 2812 est,
761 2769 821 2801 du·
920 2772 941 2801 4
965 2766 1123 2809 Rubor-es]
1147 2763 1395 2799 Extremimea
1412 2759 1547 2793 rubeat.
