1851 3213
303 170 417 213 1032
723 181 798 211 cc.
830 179 1113 211 CLAUDIANI
1149 179 1337 210 xxxvi.

303 271 498 319 Coniseri
514 279 704 319 micuere
722 278 872 331 apices
891 292 900 318 :
935 277 1161 330 crevitque
1182 274 1350 316 favillis

301 347 436 387 AEtna
454 347 605 386 novis:
639 345 829 386 stridunt
850 345 1050 385 admisso
1075 343 1240 384 sulfure
1262 341 1385 382 rami.

300 414 433 463 Tum,
457 427 509 453 ne
532 413 763 454 deficerent
784 412 921 453 tantis
941 412 1156 451 erroribus
1178 412 1317 461 ignes,

301 481 484 534 Semper
504 480 758 521 inocciduos
779 479 1087 531 insopitosque
1108 489 1284 517 manere

300 547 464 597 Jussit,
487 552 529 588 et
550 560 711 588 arcano
732 546 923 600 perfudit
942 546 1100 586 robora
1121 557 1257 585 succo
1275 557 1285 594 3

303 614 406 665 Quo
428 615 657 656 Phaethon
678 615 834 655 irrorat
855 626 1013 666 equos,
1036 625 1125 666 quo
1150 612 1277 652 Luna
1291 611 1523 665 juvencos,

298 681 491 736 Jamque
511 681 777 735 soporiferas
793 685 1006 721 nocturna
1021 679 1198 720 silentia
1217 678 1346 719 terris

1681 407 1766 448 400

298 820 391 848 aucta
407 821 452 848 est
468 818 554 848 novis
568 817 712 855 ignibus.-
735 817 860 847 arbores
873 817 1028 856 crepitant
1051 815 1168 853 sulfure
1191 817 1325 855 accepto.
1375 815 1460 845 Tunc
1491 824 1528 845 ne
1550 813 1691 854 flamma>
1715 814 1766 844 de-

298 864 396 890 essent
421 861 452 890 in
481 860 783 899 peregrinationibus
798 863 864 890 tam
886 860 997 899 longis,
1018 858 1182 899 imperavit
1198 868 1255 888 eas
1271 867 1429 888 remanere
1442 860 1588 897 perpetuo
1612 857 1767 887 inextim-

298 905 360 941 tas,
373 912 548 942 semperque
568 911 721 942 accensas,
737 905 768 933 et
779 903 911 942 aspersit
927 901 1053 932 arbores
1071 904 1188 932 secreto
1203 901 1330 941 liquore,
1353 910 1411 940 quo
1438 899 1491 930 Sol
1513 900 1648 940 aspersit
1664 908 1766 939 equos,

299 955 358 985 quo
375 945 465 976 Luna
479 948 585 976 tauros
601 955 689 977 suos.
734 946 779 976 Et
787 945 857 983 jam
872 945 997 976 silentia
1013 945 1110 975 noctis
1124 944 1285 975 reddidere
1298 943 1376 973 Orbi
1392 942 1637 979 vicissitudinem
1651 942 1765 973 somni-

915 1029 1029 1041 ’φασιν
1035 1029 1068 1040 ee
1074 1029 1089 1040 e
1095 1029 1150 1040 ever

302 1093 413 1125 Livin.
428 1094 545 1125 haerere
560 1094 639 1126 Vat.
653 1098 733 1125 tert.
751 1093 833 1125 item
849 1092 890 1124 A.
908 1097 943 1123 et
961 1093 992 1124 d.
1017 1093 1171 1124 Florent.
1189 1093 1254 1124 duo
1270 1093 1367 1124 Med.
1384 1093 1450 1124 duo
1469 1092 1586 1123 Heins.
1603 1092 1684 1123 Put.
1700 1091 1769 1122 Bo-

301 1137 528 1168 non.Tholos.
543 1137 624 1168 Jun.
643 1146 693 1177 pr.
710 1147 752 1167 m.
768 1146 819 1177 pr.
834 1136 900 1167 duo
916 1136 1027 1167 Oxou.
1042 1136 1119 1167 Pal.
1142 1141 1212 1167 tres
1241 1136 1362 1167 Petav.
1394 1137 1478 1167 Exc.
1505 1136 1628 1166 Petav.
1653 1138 1766 1175 quart.

301 1178 383 1210 Ald.
402 1180 483 1210 Var.
502 1180 569 1210 LL.
584 1189 601 1210 e
618 1189 723 1219 marg.
737 1179 852 1210 Parm.
877 1180 965 1210 exire
982 1179 1034 1209 vel
1051 1179 1168 1209 hoerere
1182 1180 1373 1218 Reg.-—398
1399 1178 1541 1216 Covviferi
1572 1178 1638 1208 duo
1668 1176 1767 1208 Med.

300 1222 452 1253 Florent.
469 1233 511 1253 m.
524 1232 592 1253 sec.
607 1223 693 1262 Reg.
712 1223 833 1253 Petav.
850 1232 899 1262 pr.
927 1222 1009 1252 Vat.
1027 1222 1134 1252 Livin.
1150 1222 1203 1253 ed.
1219 1222 1333 1252 Vicet.
1361 1220 1520 1258 Corniseri
1535 1221 1614 1251 Vat.
1633 1219 1664 1250 d.
1693 1219 1768 1251 Pal.

300 1265 381 1297 Jun.
401 1275 468 1296 sec.
487 1265 565 1296 Ald.
582 1266 666 1296 Exc.
688 1266 786 1296 Laeti.
814 1264 978 1303 Canniferi
1006 1265 1090 1295 Exc.
1108 1264 1230 1295 Petav.
1248 1269 1361 1304 quart.
1389 1264 1572 1302 Cornigeroe
1587 1263 1685 1294 Voss.
1713 1271 1766 1302 pr.

302 1307 459 1349 Horriflci
476 1307 596 1339 Ambr.
613 1313 692 1339 tert.
721 1307 865 1345 Conferti
882 1308 947 1338 inc.
968 1307 1090 1338 Heins.
1113 1307 1273 1347 decuitqne
1301 1317 1361 1346 pro
1388 1307 1543 1346 crevitque
1558 1307 1679 1337 Petav.
1695 1314 1766 1335 sec.

301 1351 421 1381 cavillis
438 1352 535 1382 Voss.
549 1353 712 1390 piu—399
734 1351 868 1381 strident
893 1350 959 1380 duo
976 1351 1072 1381 Vatt.
1088 1355 1124 1380 et
1140 1350 1181 1380 A.
1200 1350 1285 1380 Cod.
1303 1349 1493 1380 Bartliolin.
1518 1349 1657 1379 stridunt
1687 1347 1769 1378 Vat.

302 1397 383 1424 tert.
400 1398 436 1424 et
454 1393 484 1424 d.
507 1394 658 1424 Floreut.
691 1393 784 1423 Med.
813 1402 862 1432 pr.
890 1393 956 1423 duo
973 1393 1094 1423 Heius.
1110 1392 1251 1422 'l‘holos.
1270 1392 1335 1422 duo
1348 1392 1460 1422 Oxou.
1479 1395 1547 1421 tres
1562 1391 1686 1421 Petav.
1699 1389 1769 1421 vid.

302 1435 363 1466 lib.
381 1445 421 1466 11.
439 1436 472 1465 in
500 1437 645 1475 Eutrop.
661 1438 732 1466 106.
750 1436 850 1465 Cons.
868 1434 990 1473 Olybr.
1009 1437 1080 1465 101.
1104 1434 1209 1464 sidunt
1231 1434 1325 1465 Med.
1342 1438 1452 1474 quart.
1477 1434 1589 1464 amisso
1620 1433 1695 1464 Pal.
1713 1433 1770 1462 ad-

302 1487 390 1508 verso
414 1477 535 1509 Ambr.
559 1483 637 1508 tert.
658 1478 754 1517 panni
784 1487 845 1517 pro
861 1477 942 1507 rami
957 1476 1080 1507 Petav.
1099 1486 1168 1507 sec.
1192 1486 1270 1507 saxa
1287 1486 1348 1516 pro
1364 1478 1444 1506 rami
1462 1477 1589 1507 Moret.
1607 1477 1768 1516 pr.—-1100

307 1520 392 1551 Tunc
407 1521 488 1551 Vat.
505 1530 556 1560 pr.
571 1525 606 1551 et
620 1521 729 1560 quint.
745 1520 896 1550 Florem.
914 1519 1002 1559 Reg.
1018 1520 1129 1550 Oxou.
1141 1529 1191 1558 pr.
1202 1519 1281 1550 Jun.
1294 1528 1362 1549 sec.
1376 1518 1494 1549 Ambr.
1512 1522 1591 1549 tert.
1622 1519 1667 1548 Et
1683 1518 1767 1548 Exc.

303 1563 428 1594 Petav.
445 1567 558 1603 quart.
583 1563 681 1593 tantis
695 1562 858 1592 ardoribus
872 1562 952 1591 Vat.
968 1571 1019 1601 pr.
1036 1560 1215 1598 fervoribus
1225 1565 1319 1592 cestus
1337 1562 1402 1592 Ms.
1419 1561 1639 1591 Pu11n.—401
1664 1561 1769 1590 innoc-

303 1605 411 1636 ciduas
427 1606 548 1636 Petav.
567 1607 743 1635 seo—402
764 1604 903 1644 profudit
918 1604 998 1634 Vat.
1015 1603 1058 1634 A.
1086 1603 1248 1643 perfundit
1276 1604 1358 1634 vat.
1376 1614 1427 1644 pr.
1454 1604 1520 1634 inc.
1545 1603 1666 1634 Heius.
1687 1603 1768 1643 But.

306 1647 421 1679 Oxon.
438 1650 598 1688 lna—403
626 1648 705 1682 Quoe
722 1647 863 1677 Pha’e‘eon
880 1647 961 1677 Vat.
988 1656 1039 1686 pr.
1059 1647 1180 1677 Pheton
1198 1647 1322 1677 Moret.
1346 1656 1397 1687 pr.
1412 1648 1560 1684 Juvencos
1577 1646 1643 1677 duo
1666 1645 1767 1676 Voss.

295 1689 420 1731 jugales
433 1691 500 1721 duo
516 1691 637 1722 Petav.
652 1690 799 1728 juvencos
816 1690 869 1720 vel
875 1689 1003 1729 jugales
1019 1689 1136 1721 Ambr.
1154 1692 1341 1721 terh—404
1364 1689 1550 1730 soporiferas
1563 1690 1649 1720 Exc.
1666 1688 1769 1721 Laeti.

968 1790 1113 1823 NOTAE

304 1876 449 1911 sunonis
476 1875 586 1914 filius;
619 1876 673 1906 vel
703 1874 846 1907 Junonis
876 1878 1009 1906 tantum
1063 1875 1189 1906 saecula
1203 1874 1303 1906 durat
1318 1873 1537 1906 incendium.'
1559 1873 1726 1906 Justinus.

305 1929 378 1961 sine
397 1928 460 1959 viri
476 1927 657 1960 consortio.
701 1927 872 1958 Mulciber
888 1925 1012 1965 dictus,

305 1980 400 2022 quasi
427 1980 577 2010 mulcens
598 1977 738 2009 ferrum.
772 1977 898 2008 AEolias
924 1977 1011 2008 insu-

305 2031 368 2071 las,
381 2030 527 2069 AEtnam‚
544 2031 762 2069 Lemnouque
779 2027 967 2060 habitabat.

347 2083 410 2111 398
445 2080 584 2117 Coniferz'
613 2080 728 2120 apices]
771 2079 930 2118 Cupressi
956 2088 1010 2109 co-

304 2141 382 2172 mae,
394 2142 468 2172 quae
484 2132 646 2162 desinunt
660 2131 692 2161 in
706 2139 841 2169 conum,
853 2139 913 2160 seu
928 2128 1012 2170 figu-

305 2190 376 2213 ram
392 2182 587 2222 pyramidis.

349 2234 412 2262 399
436 2231 581 2262 Admisso
600 2231 732 2271 sulfure]
770 2230 921 2261 Arbores
938 2239 1010 2261 cre-

305 2281 417 2324 pitant
433 2286 598 2322 correptae
620 2281 780 2312 incendio
797 2280 935 2311 sulfuris
953 2281 1009 2311 ad-

304 2333 396 2364 missi
427 2337 529 2373 atque
567 2332 696 2364 urentis
711 2343 718 2362 2
758 2331 868 2361 sulfur
895 2336 1008 2362 autem

307 2383 479 2414 delitescit
497 2382 528 2412 in
546 2382 662 2421 AEtna,
686 2385 722 2411 et
739 2381 817 2411 inde
835 2390 935 2412 causa
952 2391 1009 2422 pu-

306 2437 401 2465 tatur
430 2432 592 2463 incendii.
637 2432 751 2463 Solum
774 2432 783 2448 ‘
805 2431 1009 2462 intrinsecus

308 2488 454 2516 stratum
470 2482 596 2513 sulfure
610 2487 644 2513 et
657 2482 823 2513 bitumine
842 2482 1008 2513 traditur:

308 2545 383 2578 quae
401 2545 454 2566 res
477 2533 561 2564 facit
576 2537 626 2570 ut,
639 2533 761 2573 spiritu
782 2542 857 2563 cum
873 2532 949 2573 igne
964 2532 1012 2563 in-

309 2591 364 2618 ter
390 2585 553 2617 interiora
580 2584 748 2623 luctante,
762 2583 959 2624 frequentes
977 2588 1012 2615 et

309 2636 540 2677 compluribus
573 2634 668 2674 locis,
715 2644 805 2665 nunc
845 2633 1011 2674 flammas,

308 2697 401 2718 nunc
417 2696 589 2726 vaporem,
611 2695 702 2716 nunc
717 2684 846 2716 fumum
861 2690 1010 2717 eructet.

310 2737 397 2769 Inde
426 2736 571 2778 denique
594 2736 703 2768 AEtnae
720 2735 844 2767 montis
871 2745 933 2776 per
959 2738 1012 2767 tot

1106 1928 1169 1957 402
1201 1926 1325 1957 Arcano
1348 1925 1450 1965 succo]
1488 1925 1643 1964 Secreto,
1670 1933 1768 1955 sacro

1064 1977 1298 2017 medicamine,
1331 1987 1390 2008 seu
1414 1975 1579 2017 gramine,
1605 1973 1694 2015 quod
1719 1973 1770 2004 in-

1066 2032 1167 2059 eunte
1180 2037 1258 2058 vere
1270 2028 1422 2059 nascitur
1439 2026 1529 2067 apud
1546 2025 1672 2056 insulas
1683 2025 1769 2055 Bea·

1066 2082 1191 2117 torum,
1208 2088 1273 2119 quo
1297 2078 1353 2108 Sol
1383 2076 1493 2118 pascit
1519 2085 1636 2117 equos,
1664 2079 1702 2106 ut
1719 2084 1769 2106 re-

1066 2129 1189 2160 sistant
1215 2128 1363 2168 ignibus,
1397 2132 1432 2158 et
1452 2136 1552 2158 cursu
1580 2126 1768 2166 irrequieto

1065 2190 1132 2211 non
1158 2184 1369 2220 rumpantur.
1415 2177 1519 2208 ovid.
1542 2176 1550 2192 ‘
1566 2177 1649 2207 Turn
1666 2181 1769 2216 pater

1065 2240 1124 2262 ora
1139 2231 1189 2261 sui
1206 2239 1302 2260 sacro
1326 2227 1550 2259 medicamine
1578 2227 1649 2258 nati
1680 2227 1768 2258 Con-

1065 2281 1157 2321 tigit,
1174 2284 1208 2311 et
1225 2278 1353 2320 rapidae
1384 2277 1469 2309 fecit
1485 2277 1655 2318 patientia
1674 2275 1768 2308 flain-

1064 2330 1152 2362 mae.'

1105 2385 1168 2414 403
1193 2380 1370 2420 Phaethon]
1407 2380 1552 2412 Ponitur
1579 2389 1642 2420 pro
1665 2380 1768 2412 Sole:

1064 2431 1176 2473 φαέθω,
1194 2434 1290 2470 luceo,
1305 2433 1407 2462 ardeo.

1107 2483 1198 2514 Luna
1204 2480 1364 2520 juvencos]
1385 2481 1405 2513 J
1412 2480 1530 2511 uvenci
1544 2480 1682 2511 trahunt
1692 2490 1770 2511 cur-

1066 2543 1140 2565 rum
1155 2534 1280 2570 Lunae;
1305 2531 1395 2572 quod
1426 2530 1566 2569 fingitur
1589 2531 1643 2561 vel
1659 2530 1703 2561 ob
1727 2531 1770 2561 si-

1067 2583 1293 2614 militudinem
1309 2591 1485 2620 cornuum,
1499 2581 1551 2611 vel
1565 2580 1665 2620 quod7
1679 2580 1768 2612 tauri

1065 2635 1181 2673 instar,
1210 2634 1322 2664 omnia
1337 2633 1534 2663 circumeat.
1578 2630 1645 2661 Sed
1662 2635 1698 2662 et
1714 2641 1769 2663 ve·

1065 2686 1213 2716 hiculum
1230 2686 1336 2715 Lunae
1352 2684 1460 2714 mulus
1474 2683 1610 2713 trahere
1624 2682 1768 2722 dicitur3

1067 2735 1169 2778 quod,
1185 2735 1273 2766 sicut
1289 2734 1399 2765 mulus
1423 2742 1491 2765 nou
1507 2742 1550 2764 ex
1561 2732 1629 2764 suis
1647 2742 1769 2774 paren-
