1851 3213
303 212 420 256 1378

303 318 415 359 Vulgo
430 320 587 359 rapturus.
622 317 707 348 Mox
721 316 852 347 caerulea
869 315 965 345 Ieoena
977 313 1014 344 li·

306 368 362 400 bri
400 369 551 409 plurimi,
586 369 646 399 sed
678 368 837 399 meliores
877 366 1016 396 coeruleae

303 419 421 451 leoenoe.
458 419 646 450 1).Heins.

348 474 409 502 165
448 471 571 501 Ornnnt
599 468 751 500 connubia
781 469 883 510 donis]
933 468 1012 499 Non

302 524 434 553 onerant
457 525 601 561 quatuor
625 519 855 550 membranae:
881 518 941 549 sed
966 518 1014 548 ni-

302 571 349 603 hil
365 571 586 602 mutandum:
611 575 649 601 ut
678 569 833 609 pluribus
858 569 1013 600 dicemus

302 621 347 653 ad
371 622 447 652 Val.
478 621 654 659 Flaccum,
670 619 728 650 lib.
745 628 802 650 111.
820 629 871 650 vs.
885 621 916 650 9.
934 627 1012 649 mox

301 681 408 703 carum
434 671 545 702 monile
570 680 632 711 pro
655 679 762 701 rarum
786 679 869 700 unus
887 669 1011 700 Petav.

302 721 407 754 Ovid.
438 721 517 752 Art.
546 720 624 752 Am.
658 722 666 736 ⁴
684 720 756 751 Vos
785 729 919 760 quoque
947 728 1011 749 non

302 772 392 803 caris
407 781 504 803 aures
520 775 662 802 onerate
684 769 833 809 lapillis!
856 769 945 798 idem
969 768 1012 798 de

301 821 470 854 Pactolo:
495 822 504 838 ‘
521 830 585 851 nec
611 820 698 851 caris
727 823 802 849 erat
827 818 1012 848 invidiosus

301 872 414 904 arenis
427 871 447 903 ι’
463 875 578 901 noster
595 870 707 910 Epist.
730 869 773 899 ad
797 869 916 900 Seren.
931 869 940 884 ‘
960 877 1013 898 ru—

300 921 355 954 bri
372 921 526 963 germina
543 930 623 951 cara
636 919 762 951 maris!
787 918 877 950 Pub.
895 918 1014 958 Syrus,

300 972 311 990 ‘
330 982 397 1014 quo
422 970 611 1012 margarita
642 979 734 1009 cara,
761 969 940 1007 unibacca‚
958 968 1014 999 In-

300 1022 400 1055 dica!
443 1021 599 1053 Martial.
641 1020 701 1052 lib.
732 1028 768 1050 x.
808 1019 928 1059 Epigr.
959 1020 1012 1050 38.

295 1072 307 1090 ⁴
327 1072 424 1104 Caris
453 1071 581 1102 littoris
610 1070 722 1101 Indici
754 1068 900 1109 lapillis!
941 1068 1012 1098 Pro

302 1123 488 1165 Cymothoe,
517 1121 688 1154 secundus
712 1121 829 1152 Vatic.
859 1124 895 1151 et
927 1119 1011 1150 Hel-

300 1173 457 1205 maestad.
497 1173 680 1213 Cymodoce.
728 1175 910 1211 utrumque
942 1179 1012 1199 ma·

300 1224 385 1255 rinae
414 1223 575 1263 nymphae
601 1230 724 1251 nomen
754 1220 846 1260 apud
884 1219 1012 1249 Home-

300 1283 388 1305 rum.
424 1273 595 1313 Cymodoce
619 1270 711 1311 apud
733 1271 913 1301 Maronem
932 1278 1011 1309 quo-

304 1333 370 1365 que
409 1322 572 1354 occurrit.
626 1321 697 1352 Pro
730 1320 818 1350 Doto
856 1318 1010 1359 plerique

300 1374 411 1406 Dote:
452 1372 510 1404 sed
545 1380 741 1412 perperam.
780 1370 852 1400 Pro
882 1368 1011 1409 Spatale

296 1423 399 1455 baccis
423 1423 620 1455 Oiselianus
638 1421 773 1461 Pigmea
789 1420 884 1451 vacis.
910 1419 1010 1460 prim.

297 1474 414 1506 Vatic.
444 1483 464 1504 a
490 1482 593 1504 manu
620 1472 732 1513 prima
762 1471 893 1510 Pigmea
917 1469 1009 1500 bacis.

297 1525 343 1558 D.
358 1524 483 1556 Heius.

343 1578 407 1607 166
449 1573 585 1614 Rarum]
630 1572 843 1611 Pretiosum,
880 1570 917 1601 τὸ
949 1570 1011 1611 γὰρ

299 1624 430 1657 σπάνιον
445 1624 557 1664 τίμιον.
587 1624 706 1655 Barth.

343 1678 405 1706 167
443 1674 602 1706 Grai-ibus
632 1671 748 1713 baccis]
797 1670 1010 1712 Margaritis.

301 1725 404 1756 Idem.

343 1777 406 1806 169
433 1773 574 1814 Corolia]
599 1772 689 1804 Haec
714 1781 796 1803 vero
822 1771 947 1802 Graeca
969 1770 1008 1801 li-

298 1825 425 1865 centia,
465 1827 610 1865 propter
650 1821 786 1852 vocales
825 1820 1005 1861 ancipites.

298 1874 406 1906 Ovid.
441 1874 450 1891 ⁴
468 1873 517 1904 sic
543 1876 580 1903 et
610 1871 796 1903 coralium.'
848 1870 1006 1901 Sidonius

296 1934 399 1956 vero:
445 1924 604 1955 ‘Lactea
640 1921 787 1962 puniceo
829 1921 1008 1952 sinuantur

297 1975 388 2007 colla
414 1974 576 2006 corallo:'
602 1970 746 2013 κοράλιον
775 1972 922 2010 Graece3
946 1973 1006 2003 sed

573 220 716 253 NOTAE
749 220 1017 251 VARIORUM

296 2031 350 2056 est
367 2030 403 2057 et
424 2024 540 2056 herbae
565 2023 711 2064 species,
727 2031 802 2063 quae
820 2020 973 2062 κοράλλια
988 2032 1007 2053 a

296 2078 412 2108 colore
433 2077 535 2108 rubro
552 2076 687 2107 dicitur.
729 2076 854 2106 θέαι-εν.

340 2128 440 2168 Doto]
462 2128 557 2167 Virg.
585 2127 593 2143 ‘
613 2125 744 2158 Nereia
779 2125 896 2157 Dot0.'
931 2126 1008 2157 Val.

297 2179 463 2210 Flaccus:
502 2179 510 2194 ‘
533 2177 631 2208 Hanc
659 2177 814 2217 Panope,
843 2176 1006 2217 Dotoque

294 2228 615 2269 soror‚jactataque
642 2226 750 2259 fluctu
778 2228 1006 2269 Prosequitur

294 2277 395 2308 nudis
422 2279 552 2318 pariter
575 2279 724 2310 Galatea
748 2278 909 2310 lacertis!
935 2278 1005 2310 He—

295 2326 383 2358 siod.
399 2327 531 2358 Δωτώτε
549 2328 711 2368 Πρωτώτε.

339 2380 400 2409 171
430 2379 534 2409 Nndae
564 2379 713 2419 σιτίον-τω]
753 2380 848 2410 Nuda
879 2383 1005 2411 caterva

295 2428 417 2469 scripti
432 2429 578 2469 plurimi.
602 2430 761 2470 Quinque
775 2431 856 2461 nuda
872 2441 1003 2462 corona:

295 2478 386 2519 quod
402 2479 537 2519 placet:
563 2479 730 2519 quomodo
756 2483 792 2510 et
815 2481 915 2520 prim.
939 2482 1004 2512 Va-

291 2528 426 2560 ticanus
443 2538 505 2568 pro
534 2528 670 2559 diversa
694 2530 852 2561 lectione.
885 2531 1003 2563 Temere

294 2587 358 2620 pro
371 2577 496 2609 cinxere
513 2578 739 2610 Helmaestad.
764 2580 807 2611 D.
827 2580 938 2611 Heins.

340 2630 402 2659 176
430 2628 548 2659 Nostro
572 2632 668 2669 nupta
695 2630 785 2670 ι[συὶ]
826 2631 1003 2672 Neptuno,

296 2678 354 2720 qui
369 2678 537 2710 secundus
549 2683 583 2710 et
597 2679 707 2720 pelagi
720 2680 868 2720 Jupiter.
885 2681 1001 2713 Barth.

340 2731 403 2763 179
426 2728 562 2760 Attritis
577 2739 644 2761 cum
659 2732 798 2762 tenderet
813 2732 895 2762 ultor
909 2732 1003 2763 Achi-

1051 218 1104 250 IN
1137 218 1211 249 CL.
1244 217 1430 249 CLAUD.
1462 218 1513 248 Χ.

1065 312 1170 346 tican.
1181 312 1288 344 Oisel.
1301 316 1335 343 et
1351 315 1498 353 quatuor
1512 310 1589 342 alii:
1615 310 1683 342 duo
1694 310 1772 343 Flo-

1066 368 1154 394 rent.
1180 369 1216 395 et
1243 363 1456 401 Pricaeanus‚
1472 362 1598 403 afflictis
1622 361 1772 392 Achivis:
1830 361 1834 364 ”

1065 419 1145 446 tert.
1162 415 1274 447 Vatic.
1290 425 1308 446 α
1322 415 1412 446 victis
1426 414 1567 446 Achivis,
1601 414 1715 454 Vulgo
1731 415 1772 445 ad

1064 466 1171 497 tristes
1191 466 1336 497 Achivos.
1376 465 1575 496 Ammianus
1597 464 1774 496 Marcelli-

1063 525 1137 556 nus,
1153 516 1175 548 l.
1192 525 1284 549 xvn.
1300 518 1308 534 ‘
1327 517 1399 556 pari
1415 515 1609 556 petulantia
1632 518 1772 547 ruentes

1062 566 1098 597 in
1114 567 1248 607 agmina
1261 567 1422 598 nobilium
1441 567 1614 607 legionum
1630 565 1772 598 Quados

1061 618 1225 650 Sarmatis
1243 619 1445 659 adjumenta
1462 617 1615 649 ferentes
1641 616 1774 648 attrivi-

1062 677 1136 699 mus
1150 668 1172 699 :'
1203 670 1307 709 paulo
1335 674 1416 700 ante
1448 678 1508 709 pro
1542 668 1694 700 Victrices
1718 676 1774 698 nos

1061 727 1142 757 soepe
1155 721 1240 749 rates
1257 720 1291 749 in
1308 719 1456 760 quinque
1472 723 1532 750 aut
1553 729 1612 749 sex
1632 717 1773 758 scriptis

1065 767 1213 798 Victricis
1225 778 1280 799 nos
1297 779 1382 808 spem
1401 770 1530 809 patrioe.
1569 770 1677 809 Lege,
1699 767 1774 799 Vic-

1062 817 1156 847 trices
1170 827 1225 848 nos
1238 827 1346 858 nempe
1360 822 1462 849 rates.-
1479 829 1552 849 nam
1568 818 1606 849 τὸ
1621 827 1701 859 soepe
1717 818 1773 849 hic

1063 867 1172 898 minus
1203 869 1317 908 placet
1332 879 1340 899 ε
1379 869 1441 899 nisi
1474 869 1593 908 mavis,
1625 868 1775 900 Victricz's

1062 928 1118 948 nos
1132 920 1199 950 vela
1214 919 1314 950 ratis:
1337 929 1415 950 nam
1434 919 1466 949 in
1482 919 1592 959 primo
1610 919 1723 950 Oxon.
1736 923 1773 950 et

1066 970 1186 1010 Regio,
1217 971 1365 1001 Victrices
1393 980 1448 1001 nos
1473 971 1540 1001 vela
1567 969 1688 1010 putris.-
1711 968 1772 1001 sed

1064 1021 1209 1051 alterum
1227 1021 1345 1062 utique
1363 1025 1519 1062 praestat.
1553 1021 1598 1051 D.
1614 1019 1728 1051 Heins.

1106 1070 1252 1111 Achivis]
1277 1071 1329 1102 Ad
1346 1072 1460 1102 ruinas
1478 1070 1629 1102 Achaiae.
1652 1069 1771 1101 Barth.

1106 1124 1169 1152 182
1193 1123 1244 1152 Ad
1258 1123 1369 1153 moem'a
1388 1122 1494 1153 Gallis
1512 1120 1665 1160 Condita]
1682 1119 1772 1151 Vide

1062 1170 1096 1200 in
1112 1171 1198 1202 hanc
1216 1181 1285 1202 rem
1305 1171 1450 1209 Livium,
1465 1171 1524 1202 lib.
1540 1179 1575 1202 v.
1608 1170 1706 1202 Idem.

1104 1223 1156 1252 Ad
1171 1222 1283 1253 moenz'a
1311 1222 1424 1260 Gallis,
1442 1221 1513 1260 cisa]
1535 1220 1772 1251 Mediolanum
1820 1252 1823 1256 s

1063 1270 1221 1311 designat
1239 1272 1379 1312 ejusque
1391 1271 1567 1310 originem.
1603 1270 1772 1301 Mediola-

1061 1331 1141 1352 num
1169 1322 1256 1352 enim
1286 1321 1498 1358 dictumest,
1523 1325 1665 1351 auctore
1690 1319 1773 1352 Am·

1062 1372 1188 1411 brosio,
1208 1382 1227 1403 a
1257 1371 1399 1402 dimidia
1426 1380 1486 1402 sue
1516 1371 1642 1409 lanata,
1667 1380 1771 1412 quum

1062 1422 1137 1462 ejus
1168 1422 1261 1453 urbis
1283 1421 1508 1452 fundamenta
1536 1420 1630 1452 Galli
1653 1420 1772 1461 jacere

1061 1472 1204 1513 vellent,
1220 1471 1344 1504 effosso
1361 1473 1433 1503 solo
1451 1476 1602 1512 reperta.
1627 1471 1749 1503 Schott.

1106 1527 1167 1555 183
1194 1525 1342 1564 Condita,
1365 1523 1500 1563 lanigeri
1526 1523 1607 1564 suis]
1628 1523 1684 1554 Sic
1702 1522 1771 1563 pri-

1061 1585 1134 1606 mus
1159 1585 1222 1615 pro
1246 1575 1396 1614 lanigeris
1418 1575 1483 1605 ovis
1509 1573 1663 1605 restituit
1682 1574 1772 1614 Bap-

1061 1626 1140 1658 tista
1155 1626 1258 1657 Pius:
1277 1636 1355 1656 mox
1372 1625 1441 1657 alii.
1466 1625 1655 1657 Confirmat
1671 1625 1769 1665 prim.

1060 1676 1268 1708 Vaticanus:
1284 1682 1320 1707 et
1337 1681 1502 1716 excerpta
1518 1676 1769 1716 Pomponiana.

1060 1726 1213 1757 Florent.
1240 1726 1273 1757 S.
1302 1725 1413 1756 Marci
1438 1725 1586 1768 lanigerae
1616 1725 1697 1755 suis:
1731 1729 1769 1757 ut

1061 1776 1325 1816 Raphelengius.
1349 1774 1415 1807 Sed
1431 1785 1498 1806 non
1514 1785 1611 1815 opus.
1638 1775 1768 1806 Viden-

1059 1823 1122 1855 dus
1140 1825 1203 1856 lioc
1220 1825 1295 1856 loco
1311 1824 1492 1856 Barthius:
1518 1824 1575 1865 qui
1593 1825 1649 1855 illa
1670 1824 1767 1856 Sido-

1058 1875 1105 1905 nii
1133 1884 1267 1916 quoque
1302 1875 1345 1906 de
1376 1874 1575 1905 Mediolano
1607 1875 1766 1915 protulit,

1057 1925 1066 1940 ‘
1086 1924 1132 1956 Et
1148 1935 1223 1966 quae
1250 1925 1402 1965 lanigero
1421 1924 1462 1954 de
1483 1933 1543 1954 sue
1564 1934 1685 1955 nomeu
1708 1925 1767 1955 ha·

1058 1975 1146 2006 bet.'
1173 1975 1281 2006 Paulo
1306 1982 1386 2006 ante
1405 1983 1466 2015 pro
1492 1974 1646 2014 Ligurum
1671 1976 1766 2006 terris

1060 2030 1139 2056 tert.
1155 2026 1269 2056 Vatic.
1295 2025 1422 2066 campis.
1449 2034 1512 2065 pro
1537 2025 1688 2066 lassosque
1698 2025 1767 2063 fre-

1057 2076 1100 2107 tis
1116 2076 1216 2116 prim.
1234 2076 1348 2107 Vatic.
1368 2076 1480 2107 Palat.
1501 2075 1589 2115 prim
1617 2077 1712 2109 Med.
1730 2081 1766 2108 et

1059 2132 1206 2168 quatuor
1222 2126 1279 2158 alii
1289 2127 1458 2167 frequens:
1474 2135 1602 2167 sequens
1617 2126 1765 2159 Pricaea-

1056 2187 1129 2210 nuS.
1175 2179 1220 2209 D.
1239 2178 1354 2209 Heius.

1099 2229 1254 2269 Lanigeri
1283 2228 1364 2269 suis]
1412 2229 1507 2259 Vera
1543 2228 1662 2270 utique
1690 2229 1764 2260 haec

1057 2279 1239 2320 scriptura,
1259 2279 1490 2310 fundamentis
1506 2279 1595 2309 enim
1611 2279 1764 2310 locandis

1056 2328 1180 2360 effossa
1194 2329 1329 2368 tellure,
1344 2339 1420 2360 cum
1434 2329 1669 2360 Mediolanum
1682 2338 1763 2360 con-

1056 2380 1208 2420 deretur,
1230 2381 1357 2411 lanatae
1380 2380 1448 2410 suis
1475 2379 1623 2410 cadaver
1643 2379 1762 2413 inven-

1056 2435 1128 2461 tum
1145 2435 1207 2462 est.
1237 2431 1351 2461 Barth.

1097 2480 1249 2520 Lanigeri
1257 2480 1338 2520 suis]
1353 2479 1511 2510 Sidonius
1527 2489 1533 2510 :
1552 2480 1560 2496 ‘
1576 2479 1669 2511 Urbs
1682 2490 1760 2521 quae

1053 2531 1209 2570 lanigero
1236 2530 1278 2562 de
1305 2540 1365 2561 sue
1390 2539 1510 2560 nomen
1540 2529 1671 2569 habet,’
1695 2530 1760 2563 hoc

1054 2584 1119 2619 est,
1136 2580 1379 2611 Mediolanum.
1418 2580 1541 2611 Clarer.

1099 2633 1229 2662 Notum
1259 2631 1348 2662 enim
1379 2636 1444 2671 est,
1470 2631 1591 2670 Gallis,
1619 2631 1697 2662 dum
1723 2631 1758 2663 in

1055 2681 1211 2713 Insubria
1226 2681 1412 2713 condenda>
1429 2682 1522 2712 urbis
1534 2681 1760 2714 fundamenta

1049 2733 1221 2774 jacerent,
1244 2732 1422 2765 mirificum
1445 2738 1642 2775 portentum
1665 2735 1759 2766 obla·
1797 2763 1799 2765 .

295 2778 360 2820 vis]
384 2778 441 2812 Ita
466 2779 613 2812 Lucens.
641 2780 788 2822 Gyrald.
813 2782 912 2823 prim.
938 2783 1003 2815 Va·
1054 2789 1139 2825 tum,
1155 2793 1249 2816 suem
1272 2785 1397 2826 partim
1413 2785 1502 2826 lana,
1524 2785 1650 2826 partim
1673 2785 1757 2818 setin
1832 2799 1838 2914 J

1841 2872 1845 2892 l

1830 2932 1844 3087 i

1827 3089 1844 3213 li
