1851 3213
319 203 431 244 1010
743 213 818 244 cn.
852 210 1135 243 annmANi
1172 209 1359 240 xxxvl.

320 310 526 351 Protinus
548 308 686 350 effuso
705 308 854 351 laetam
876 321 923 348 se
944 309 1102 361 fingere
1122 307 1226 357 risu,
1693 303 1780 344 210

320 377 418 418 Nec
441 379 578 419 semel
600 377 819 432 amplecti,
841 389 1084 430 nomenque
1105 376 1258 415 iterare
1280 374 1460 424 sororis,

317 444 374 486 Et
394 445 501 487 dura
520 447 575 487 de
595 449 730 486 matre
749 445 889 498 queri,
911 456 1010 497 quae
1033 443 1118 484 tale
1138 455 1318 483 recessu

317 512 529 561 Maluerit
548 514 755 555 damnare
775 513 925 562 decus,
947 511 1173 565 vetitoque
1195 510 1390 552 Dearum

316 580 564 635 Colloquio‚
585 581 740 636 patriis
762 581 915 634 procul
937 578 1242 620 amandaverit
1262 579 1407 619 astris.

317 648 485 690 Nostra
505 649 642 699 rudis,
666 648 856 701 gaudere
877 646 1022 696 malis,
1043 650 1086 686 et
1105 648 1281 686 nectare
1304 646 1425 699 largo
1697 645 1782 687 215

315 716 562 757 Instaurare
584 716 739 769 dapes.
800 713 932 755 Nunc
954 725 1075 753 arma
1094 713 1379 767 habitumque
1401 713 1561 755 Dianae

316 783 535 834 Induitur,
560 784 794 837 digitisque
814 784 1000 823 attentat
1019 781 1226 821 mollibus
1249 779 1412 822 arcum.

315 890 379 920 lare
395 897 426 919 se
442 889 582 927 hilarem,
597 896 648 918 ore
663 896 780 927 sereno,
794 889 824 916 et
849 886 979 917 osculari
998 886 1228 926 Proserpinam,
1244 896 1304 917 non
1325 886 1427 926 semel,
1455 889 1484 917 et
1509 889 1646 926 repetere
1673 895 1783 918 nomen

313 931 440 969 sororis,
467 934 497 961 et
527 931 671 970 conqueri
697 931 735 960 de
764 932 864 960 matre
888 929 1021 970 difficili,
1048 939 1114 969 quoe
1142 929 1288 960 maluerit
1312 930 1464 960 occultare
1489 929 1582 960 talem
1606 929 1782 969 pulchritu-

312 974 415 1004 dinem
429 975 462 1003 in
477 973 616 1012 latebris,
643 976 672 1004 et
695 972 853 1013 prohibito
876 972 1007 1012 alloquio
1023 972 1202 1011 coelestium,
1215 972 1405 1011 ablegat-erit
1416 973 1505 1011 longe
1520 982 1538 1002 α
1554 974 1627 1002 coelo
1640 975 1781 1012 paterno.

315 1018 438 1048 Nostra
455 1016 669 1056 Proserpina
683 1016 814 1056 simplex
839 1015 944 1055 coepit
972 1015 1075 1045 Iaetari
1090 1014 1260 1052 infortunio
1285 1026 1356 1053 suo,
1379 1018 1469 1055 atque
1495 1024 1650 1055 apparare
1676 1015 1783 1055 epulas

314 1069 390 1091 cuin
407 1060 503 1090 multo
518 1062 650 1090 nectare.
676 1059 736 1089 Illa
751 1058 845 1090 sumit
861 1059 948 1089 modo
963 1057 1112 1097 sagittas,
1128 1062 1157 1089 et
1173 1061 1287 1090 vestem
1310 1058 1438 1098 Diance,
1454 1062 1482 1089 et
1499 1058 1657 1089 contendit
1673 1067 1780 1089 arcam

928 1154 1162 1166 rrrrrrrrrrrr

312 1229 391 1260 vat.
409 1239 459 1270 pr.
476 1230 555 1261 Vat.
577 1230 687 1261 Livin.
713 1232 843 1272 sumpsit
870 1232 954 1263 Exc.
979 1232 1102 1263 Petav.
1129 1235 1240 1272 quart.
1264 1232 1354 1262 dna-it
1371 1231 1452 1261 Vat.
1480 1234 1590 1270 quart.
1609 1229 1684 1260 Pal.
1713 1228 1780 1260 duo

312 1272 408 1303 Med.
428 1272 549 1304 Heius.
577 1273 624 1304 H.
642 1274 741 1305 Voss.
770 1277 931 1314 pr.—210
953 1285 985 1305 sc
1012 1277 1116 1306 latam
1134 1275 1264 1305 Bonon.
1293 1275 1358 1304 visu
1383 1283 1444 1314 pro
1468 1274 1534 1304 risu
1560 1273 1640 1303 Exc.
1659 1273 1780 1303 Petav.

312 1319 530 1355 quarn—211
559 1317 629 1347 Non
646 1317 737 1347 semel
751 1318 849 1348 Voss.
869 1320 1026 1357 pr.—213
1052 1319 1209 1348 Mataei-at
1229 1318 1313 1348 Exc.
1330 1317 1451 1347 Petav.
1467 1320 1575 1357 quart.
1594 1316 1781 1355 vetitamque

312 1367 428 1389 omnes
442 1359 538 1390 Vatt.
556 1359 626 1390 Pal.
640 1360 796 1399 vetitoque
814 1361 897 1391 Exe.
915 1361 1038 1391 Petav.
1056 1366 1167 1401 quart.
1183 1360 1307 1399 Isingr.
1324 1360 1510 1399 vetitamque
1525 1359 1578 1389 vel
1600 1362 1780 1398 raptamque

310 1401 397 1441 Reg.
425 1402 608 1441 vetitamque
636 1403 688 1432 vel
719 1406 885 1441 natamque
911 1402 1024 1433 Oxou.
1053 1412 1120 1433 sec.
1146 1404 1269 1432 aeorum
1285 1403 1365 1432 Vat.
1383 1411 1449 1431 sec.
1466 1407 1500 1431 et
1525 1401 1557 1430 d.
1580 1402 1709 1431 dearum
1726 1400 1781 1431 vel

310 1445 437 1473 deornm
451 1445 550 1474 Voss.
580 1446 755 1474 seo—214
786 1445 912 1483 Eloquio
935 1445 1031 1474 Voss.
1058 1454 1108 1484 pr.
1135 1445 1239 1484 patris
1269 1445 1388 1474 Petav.
1418 1453 1486 1474 sec.
1522 1443 1641 1483 patriis
1674 1444 1782 1483 procul

310 1486 521 1515 ‘amandaverit
540 1486 618 1516 Vat.
636 1490 716 1516 tert.
734 1490 769 1516 et
786 1486 894 1526 quint.
909 1487 1023 1526 patriis
1039 1489 1148 1526 procul
1163 1487 1371 1516 absentaverit
1388 1487 1465 1517 Vat.
1483 1496 1533 1525 pr.
1551 1491 1586 1516 et
1604 1490 1712 1526 quart.
1726 1485 1780 1517 ed.

309 1527 422 1559 Vicet.
432 1528 605 1567 patriisque
615 1530 720 1567 procul
732 1530 932 1559 mandaverat
946 1528 1081 1559 Tholos.
1098 1529 1179 1560 Jun.
1200 1529 1448 1568 sec.patriisque
1464 1530 1570 1568 procul
1587 1528 1779 1559 mandaverit

309 1570 414 1601 Gesn.
443 1575 477 1600 et
503 1570 556 1599 ed.
574 1570 715 1610 Bipont.
740 1570 915 1610 patriisque
940 1572 1047 1610 procul
1076 1571 1267 1601 mandaverit
1285 1572 1347 1600 aris
1363 1570 1440 1601 Ald.
1454 1572 1534 1601 Var.
1553 1571 1621 1601 LL.
1638 1580 1656 1601 e
1674 1580 1779 1611 marg.

309 1613 426 1643 Parm.
450 1612 623 1652 patriisque
640 1613 720 1642 Vat.
739 1613 847 1652 quint.
863 1623 907 1643 m.
935 1622 1001 1644 see.
1020 1614 1170 1644 Florent.
1196 1613 1262 1644 inc.
1281 1613 1401 1644 Heius.
1420 1614 1484 1643 duo
1501 1614 1622 1645 petav.
1652 1615 1778 1644 manda·

309 1656 391 1686 terit
420 1654 541 1685 Heius.
573 1655 619 1685 H.
638 1655 705 1685 duo
736 1655 858 1686 Petav.
884 1657 1099 1686 amandaverit
1131 1657 1209 1687 Vat.
1238 1656 1347 1687 Livin.
1377 1656 1457 1687 Jun.
1488 1667 1539 1696 pr„
1566 1657 1678 1687 Oxon.
1708 1665 1778 1688 sce.

306 1697 620 1729 maudaveratvoss.
648 1708 698 1737 pr.
726 1697 940 1729 absentaverat
958 1698 1076 1730 Ambr.
1104 1703 1183 1730 tert.
1212 1700 1361 1731 chartae.
1389 1699 1510 1729 Heius.
1537 1699 1778 1731 abmandaverat

309 1740 405 1771 Med.
422 1750 473 1781 pr.
502 1741 721 1771 amandarerat
740 1742 813 1772 Pal.
841 1741 989 1772 Florent.
1005 1742 1101 1772 Med.
1120 1747 1230 1783 quart.
1254 1743 1337 1781 Reg.
1365 1743 1430 1772 (luo
1450 1743 1570 1773 l‘etav.
1595 1742 1707 1773 Oxou.
1725 1751 1777 1782 pr.

308 1784 396 1814 Exc.
427 1784 550 1814 Petav.
579 1788 692 1824 quart.
725 1788 754 1814 et
783 1785 977 1814 mandaverit
1004 1785 1056 1815 vel
1088 1786 1287 1816 mandaverat
1313 1787 1410 1815 Voss.
1442 1795 1509 1816 sec.
1537 1785 1651 1824 patriis
1672 1786 1779 1825 procul

307 1826 386 1857 hanc
423 1828 624 1857 mandaverat
659 1827 712 1856 vel
750 1826 985 1858 abmandarerit
1024 1828 1103 1858 Vat.
1142 1828 1174 1859 d.
1208 1829 1303 1858 astris
1342 1829 1394 1858 vel
1432 1829 1495 1858 oris
1527 1829 1623 1859 Voss.
1663 1836 1778 1858 sec.—

310 1871 373 1899 215
399 1869 517 1899 Nostra
544 1870 597 1899 vel
627 1869 688 1899 Illa
717 1870 800 1909 Reg.
831 1870 897 1900 dno
926 1870 1040 1901 Oxon.
1068 1872 1157 1907 longo
1182 1871 1250 1901 duo
1270 1871 1364 1902 Vatt.
1392 1871 1466 1901 Pal.
1495 1872 1561 1900 duo
1578 1869 1672 1901 Med.
1691 1871 1776 1911 Reg.

307 1911 430 1942 Petav.
449 1916 526 1942 tert.
550 1912 684 1943 Tholos.
703 1912 817 1942 Oxon.
845 1916 1002 1953 pr.—217
1027 1914 1140 1952 digitis
1157 1915 1232 1944 Vnt.
1263 1924 1311 1954 pr.
1330 1915 1409 1946 Jun.
1437 1923 1506 1944 ser.
1535 1915 1587 1944 ed.
1603 1913 1715 1944 Vicet.
1739 1918 1776 1944 et

307 1954 423 1985 Parui.
457 1954 595 1985 obtentat
624 1954 690 1985 dno
719 1955 839 1985 Petav.
867 1956 1000 1986 Tholos.
1026 1955 1143 1988 Ambr.
1174 1961 1254 1987 tert.
1282 1957 1409 1997 aptabat
1437 1956 1512 1986 Pal.
1542 1957 1635 1986 Med.
1659 1960 1775 1996 quart.

308 1996 427 2028 Heius.
444 1997 490 2027 H.
508 2001 633 2037 aptzwat
651 1997 744 2028 Mea.
764 2007 814 2037 pr.
831 1999 952 2038 aptarit
968 2000 1048 2029 Vat.
1066 2009 1133 2030 sec.
1151 2000 1231 2031 Jun.
1256 2009 1323 2030 sec.
1344 2002 1494 2038 attentat,
1510 1999 1562 2029 vel
1583 1999 1703 2039 aptavit
1719 1999 1775 2029 vel

306 2041 441 2071 attendit
458 2040 552 2071 Voss.
569 2050 639 2071 sec.
664 2043 794 2083 aptatur
821 2041 1030 2082 conjiciebat
1058 2042 1177 2073 Heius.
1207 2042 1341 2073 molliter
1366 2043 1448 2074 Exc.
1476 2042 1598 2073 Petav.
1616 2045 1774 2082 quart.—

584 2164 599 2177 o
975 2128 1115 2160 NOTAE

347 2194 410 2223 213
434 2193 611 2233 Damnare]
638 2193 750 2232 Hanc,
763 2196 800 2224 ut
824 2192 872 2224 ita
888 2191 1012 2232 dicam,
1111 2193 1233 2223 Patriis
1247 2194 1353 2233 procul
1367 2191 1476 2231 astris]
1502 2191 1625 2221 Procul
1640 2201 1659 2221 a
1675 2191 1774 2232 coelo,

305 2242 354 2274 ita
380 2243 603 2275 condemnare
642 2243 946 2284 pulchritudinem,
975 2248 1011 2274 ut
1067 2243 1123 2274 ubi
1141 2250 1193 2274 est
1208 2243 1357 2283 Jupiter,
1375 2248 1474 2282 pater
1491 2241 1720 2281 Proserpinae.

305 2296 474 2334 perpetuo
491 2295 684 2325 occultetur
701 2294 733 2324 in
760 2293 902 2325 latebris
919 2294 1010 2325 Sicu·
1109 2296 1170 2323 215
1197 2293 1312 2333 Rudis]
1344 2293 1443 2323 More
1466 2293 1672 2333 puellarum,
1696 2303 1770 2335 quae

302 2342 357 2374 lis.
1065 2343 1129 2374 sibi
1144 2342 1258 2373 fucum
1275 2343 1347 2373 ficri
1365 2352 1431 2373 non
1448 2343 1612 2374 sentiunt.

346 2393 466 2433 Decus]
491 2394 771 2425 pulchritudinis.
1111 2394 1255 2423 Gaudere
1271 2392 1376 2432 malis]
1402 2393 1563 2424 Gaudere
1579 2393 1689 2424 verbis
1703 2395 1770 2425 Ve-

346 2446 408 2475 214
432 2444 673 2483 Amandarerit]
704 2444 774 2475 Alii
800 2445 1006 2482 mandaverit,
1064 2444 1166 2481 neris,
1179 2454 1251 2483 qna*
1267 2448 1365 2473 erant
1379 2444 1466 2474 mala
1482 2449 1517 2474 et
1533 2444 1736 2484 perniciosa.

304 2501 343 2527 ut
368 2495 458 2535 apud
477 2496 678 2526 Ciceronem
703 2506 764 2536 pro
793 2496 898 2536 Sylla,
920 2496 929 2512 ‘
947 2496 1006 2526 Di-
1111 2493 1258 2533 Nectar-e]
1292 2494 1415 2524 Divina
1452 2495 1610 2534 potione:
1651 2500 1770 2526 nectar

303 2545 442 2576 mittere
468 2547 526 2575 abs
556 2555 591 2575 se
622 2551 654 2575 vt
685 2545 845 2576 mandare
872 2546 904 2575 in
929 2546 1005 2576 ulti-
1065 2550 1178 2576 autem
1197 2545 1325 2575 dictum
1342 2548 1468 2583 volunt,
1484 2545 1543 2575 ἀπὸ
1565 2546 1621 2575 τοῦ
1635 2545 1672 2583 νὴ
1687 2545 1770 2576 κτεί-

303 2605 374 2626 mas
400 2595 533 2633 terras‚'
562 2596 592 2625 id
611 2603 676 2633 est,
694 2596 888 2630 amandare,
917 2596 1005 2626 able·
1064 2607 1137 2634 νειν,
1153 2605 1211 2625 non
1231 2596 1385 2631 occider-m
1408 2602 1460 2627 est
1484 2597 1571 2626 enim
1590 2601 1688 2636 potus
1709 2597 1768 2628 im-

304 2655 395 2686 gare.
425 2646 589 2677 Nonnulli
603 2647 733 2686 legunt,
747 2648 854 2685 procul
869 2646 1008 2676 ahsente·
1061 2646 1267 2685 mortalium,
1284 2647 1341 2686 qui
1355 2647 1465 2678 occidi
1480 2657 1545 2678 non
1564 2651 1717 2687 possunt.

302 2695 384 2726 verit
405 2696 510 2737 astris,
538 2696 570 2728 id
600 2701 664 2737 est,
687 2695 875 2737 ablegarit:
900 2697 1007 2727 minus
1103 2698 1164 2726 217
1188 2696 1352 2736 Attentat]
1375 2697 1501 2729 Tentat
1516 2696 1668 2729 flectere.

303 2745 427 2785 placet.
