1852 3182
515 194 562 222 ΙΝ
604 193 889 225 EU'rRuvltJM
929 196 1020 226 mu.
1057 198 1086 226 1.

70 296 118 318 se.
164 286 385 318 Cassiodorus
415 286 495 316 Var.
524 285 546 315 l.
576 295 638 317 νυ.
663 297 693 317 c.
723 291 772 319 15.

71 336 114 367 de
144 337 251 378 equis,
282 335 460 375 ‘crispatis
485 335 634 372 naribus,
660 347 697 366 ae
724 347 773 368 ro-

71 386 185 416 tundis
215 391 249 416 et
269 385 460 416 constrictis
489 386 658 419 membris.
685 388 771 417 auri-

70 434 201 476 busque
220 434 394 465 remulsis!
419 434 583 473 Virgilius
601 435 642 465 dc
671 437 770 476 lupo:

69 486 79 502 ‘
97 484 309 526 caudamque
328 484 516 515 remulcens
540 485 694 525 Subjecit
716 496 770 527 pa-

68 535 235 566 vitantem
253 541 363 566 utero.
387 535 430 565 D.
449 534 562 565 Heius.

112 588 174 616 138
199 586 257 616 Est
274 585 325 615 abi
354 585 512 624 despectus
537 585 650 615 nitnius
665 585 773 626 juvat]

67 635 124 666 Sic
138 636 190 666 leo
214 635 388 675 dejectum
414 635 546 666 hostem
571 636 773 675 contemnit,

67 695 135 717 non
149 684 288 725 frangit.
335 685 390 716 Ita
411 695 528 716 canem
544 686 717 726 ingentem
736 692 771 718 et

70 736 253 768 violentum
271 737 439 768 serrulam
455 734 770 778 supplicem‚'quam

66 787 281 818 lacerandam
313 798 352 818 eo
392 788 607 828 projecerant
638 788 771 818 barbari

67 838 288 869 barbarorum
308 838 466 876 victores,
483 848 543 878 per
560 843 769 869 contemtum

66 898 134 919 non
165 888 331 928 tetigisse,
350 888 407 918 sed
437 889 678 919 comminxisse
704 893 770 919 tra-

66 938 152 970 dunt
186 938 375 978 Scriptores
417 939 647 969 Historiarum
679 939 770 977 novi,

66 999 164 1031 quem
181 995 318 1028 vocant,
331 990 445 1020 Orbis.
471 990 586 1021 Barth.

110 1043 170 1071 140
196 1041 323 1080 Olympi
340 1040 479 1080 Samma]
502 1040 663 1079 Quisquis
679 1041 769 1070 Deo-

65 1099 139 1120 rum
156 1089 246 1120 illum
261 1090 424 1119 Senatum
441 1089 538 1127 regis.
585 1089 768 1127 Olympum

66 1139 140 1179 plus
171 1144 222 1170 est
252 1139 368 1170 dicere
402 1148 502 1178 quam
534 1138 667 1168 coelum.
728 1137 768 1168 In

66 1190 152 1220 coelo
169 1189 256 1221 euim
275 1189 349 1229 ipso
367 1188 535 1219 sacratior
556 1188 648 1218 locus
663 1186 768 1226 finge-

63 1238 166 1270 batur
182 1240 246 1269 hoc
264 1238 379 1269 titulo.
415 1237 513 1268 Idem.

108 1292 166 1320 141
193 1289 346 1320 Mortalia
372 1288 437 1318 risa
459 1287 600 1327 Vertere]
639 1287 765 1318 Eadem

67 1349 171 1380 supra
189 1349 234 1370 vs.
250 1342 302 1370 25.
329 1340 425 1370 Idem.

106 1390 260 1420 Mortalia
276 1390 341 1420 risu
362 1388 504 1427 Vertere]
533 1388 658 1419 volvere
671 1388 767 1420 Tliol.

63 1441 190 1472 dictum
219 1450 341 1480 supra:
368 1439 426 1470 sed
444 1438 524 1480 quid
547 1444 598 1469 est
616 1439 678 1469 risu
700 1449 766 1469 ver-

62 1488 154 1531 tere?
192 1491 225 1521 Si
252 1491 299 1521 sic
326 1490 455 1520 locutus
481 1494 532 1519 cst
561 1489 766 1520 Claudianus

62 1546 190 1579 noster,
206 1551 323 1581 parum
352 1539 505 1579 profecto
523 1540 660 1579 proprie
678 1540 766 1570 locu-

62 1597 116 1623 tus
143 1596 206 1623 est.
250 1591 394 1622 Scribo:
433 1593 558 1620 tantone
587 1590 661 1620 libet
691 1601 768 1621 mor-

59 1643 139 1673 talia
169 1643 238 1673 nisu
270 1640 420 1673 Vertere?
455 1641 620 1681 quomodo
651 1642 767 1672 Caesar

61 1692 152 1733 apud
172 1692 342 1723 Lucanum
362 1702 368 1721 :
392 1692 400 1707 ‘
421 1695 582 1720 tantusne
597 1696 766 1729 evertere,

60 1742 163 1781 dixit,
188 1741 247 1772 Me
274 1740 407 1781 superis
431 1740 526 1770 labor
551 1744 603 1770 est
615 1739 640 1771 ,Γ
665 1740 764 1780 idque

61 1793 189 1833 primns
215 1791 407 1822 Vaticanus
435 1795 471 1821 et
496 1790 662 1821 secundus
687 1801 764 1822 cou-

59 1842 204 1874 firmant.
256 1842 354 1872 Idem
387 1841 514 1881 primus
542 1850 618 1870 cum
650 1842 764 1879 tertio,

59 1895 149 1924 tanto
164 1892 254 1922 libuit
271 1902 281 1922 .·
305 1891 408 1921 ctiam
426 1889 630 1920 Oiselianus.
655 1890 761 1921 Iidem

58 1943 163 1983 paulo
193 1946 271 1972 ante
293 1939 395 1978 fastis
427 1940 549 1980 aperire
576 1940 668 1979 ciam,
696 1950 762 1970 nou

51 1992 147 2030 salis.
172 1992 216 2022 D.
234 1991 345 2022 Heius.

104 2046 165 2075 143
190 2043 370 2083 Suscipilur
399 2040 520 2081 regnis]
555 2041 761 2081 Magistrati·

58 2094 122 2126 bus
138 2094 287 2131 summis,
303 2103 440 2133 quorum
452 2102 531 2122 saue
543 2102 636 2129 cura,
648 2096 761 2122 stante

59 2146 162 2178 etiarn
195 2145 474 2185 qu-‹ditercuuque
502 2143 663 2183 Imperio‚
694 2152 759 2172 nou

59 2195 232 2236 angustior
249 2195 394 2225 inaximo
413 2194 541 2233 Regno.
574 2192 688 2223 Barth.

102 2247 163 2276 144
189 2244 418 2283 Moderantem]
457 2244 570 2274 Antea
596 2243 761 2273 Rectorem

58 2295 158 2335 dixit,
173 2295 206 2325 id
233 2299 298 2333 est,
325 2293 429 2325 Praef.
460 2294 565 2324 Praet.
591 2292 681 2333 quod
698 2291 761 2322 fas-

58 2345 179 2386 tigium
196 2345 253 2385 qui
275 2350 349 2375 erat
366 2344 525 2384 adept1¹S‚
543 2347 674 2373 tantun]
693 2351 758 2372 uon

57 2399 132 2427 erat
146 2395 341 2435 imperator.
385 2394 486 2435 Apud
515 2395 654 2425 Grzrcos
671 2394 758 2424 enim

58 2444 212 2486 ἐπαρχικὰ
226 2450 324 2476 erant
340 2445 417 2475 libri
435 2445 649 2476 continentes
669 2445 759 2475 edic-

58 2500 94 2526 ta
108 2495 270 2527 Praefect.
288 2496 393 2527 Praet.
422 2505 497 2536 quae
516 2496 578 2525 vim
603 2495 686 2535 legis
704 2495 758 2525 lia-

58 2546 163 2578 buere
178 2557 187 2584 ;
204 2552 370 2587 erantque
383 2546 479 2587 quasi
495 2545 656 2585 βασιλικὰ,
669 2545 760 2586 quia,

58 2601 98 2628 ut
130 2597 178 2627 ait
206 2596 404 2635 Sardianus,
419 2596 565 2636 dignitas
596 2596 653 2625 illa
684 2598 759 2626 erat

57 2645 215 2684 βασιλεία,
231 2646 286 2676 cui
313 2646 394 2676 nihil
419 2651 547 2686 praeter
573 2655 757 2687 purpuram

59 2696 182 2730 defuit.
208 2697 330 2726 elaver.

103 2749 163 2779 145
188 2747 304 2778 Texere
315 2746 436 2786 palatia
450 2747 585 2789 vulpem]
624 2747 759 2778 Traxere

143 2799 259 2842 Delph.
275 2803 306 2832 et
325 2799 399 2833 Var.
417 2801 502 2833 cla«.

410 2921 425 2937 9

725 2799 835 2831 Claud.

1416 191 1524 230 1457

825 289 970 319 Luccns.
988 294 1021 319 ct
1049 289 1226 321 duodecim
1257 291 1325 322 alii.
1354 294 1525 323 notumis-

826 338 900 377 tud,
923 340 931 355 ‘
946 339 1047 369 truliit
1075 349 1132 371 suu
1159 350 1325 381 qiiemque
1343 343 1524 382 voluptas!

826 390 952 420 Noster
977 390 1018 420 dc
1049 401 1130 420 sent·
1159 391 1365 422 Veronensi:
1398 392 1523 423 ‘Illum

825 449 889 470 nou
907 450 992 470 vano
1011 442 1111 471 traxit
1132 440 1268 472 fortuna
1286 443 1430 472 tumultu
1444 442 1463 472 :'
1488 449 1524 473 et

824 489 856 518 iu
881 489 994 521 Aleth.
1017 493 1025 506 ⁴
1046 492 1145 521 Nulla
1177 501 1269 522 meos
1296 492 1403 523 traxit
1429 498 1526 533 petu-

824 539 895 568 lans
914 540 1052 570 audacia
1070 541 1207 572 seusus)
1233 542 1278 572 D.
1297 542 1409 573 Heius.

871 588 1003 627 Tea-ere]
1039 590 1287 629 subrepentem
1317 591 1464 630 occulte,
1488 595 1523 621 et

824 637 991 667 celantem
1009 637 1085 668 dolo
1104 639 1291 678 perfidiam.

871 687 1011 728 ls'ulpem]
1047 688 1219 728 Dolosum,
1247 694 1408 728 astutum,
1437 700 1522 720 ruor-

823 736 1009 778 dacemque
1040 738 1219 778 hominem,
1249 744 1285 770 et
1315 749 1358 770 ex
1388 741 1523 770 occulto

822 788 970 823 noxium,
987 789 1059 819 luec
1078 789 1185 820 bestia
1202 789 1342 820 iudicat.
1362 791 1477 821 Barth.

866 841 927 868 146
951 839 1105 878 Irrepera]
1144 839 1272 879 Aptnm
1303 841 1447 871 occultae
1474 841 1522 871 in-

822 889 960 918 trationi
978 888 1127 920 verbum.
1175 890 1376 921 Petronius:
1402 891 1518 921 ‘Dum

821 937 918 977 dicit,
946 940 1084 970 Patrem
1116 941 1287 980 excitabo,
1316 941 1437 982 irrepsi
1470 948 1519 973 ta-

822 989 923 1019 men.’

863 1039 984 1079 Sacris]
1008 1040 1239 1080 Imperatoris
1263 1042 1376 1072 Barth.

866 1093 926 1119 149
951 1090 1106 1120 Illustrior
1133 1091 1220 1130 ordo]
1269 1091 1308 1121 In
1340 1091 1417 1121 aula
1447 1091 1519 1130 qui-2

819 1141 929 1172 nescit
948 1141 1059 1180 plures
1075 1141 1200 1181 gradus
1217 1141 1519 1183 dignitatun1‚'qui

818 1190 878 1221 sub
895 1191 1103 1231 principibus
1132 1192 1377 1231 posterioribus
1404 1202 1519 1223 omues

818 1240 874 1270 uni
915 1242 1056 1272 servitio
1088 1241 1220 1272 dediti?
1255 1242 1331 1273 vide
1359 1252 1518 1281 arrogan-

819 1290 899 1320 tiam
930 1291 1152 1322 Dominorum
1180 1292 1294 1322 multis
1321 1292 1410 1332 apud
1438 1292 1517 1323 Am-

818 1341 976 1379 mianum‚
993 1342 1050 1372 lib.
1070 1351 1207 1372 xxvrn.
1233 1342 1327 1373 Idem.

862 1395 922 1422 150
949 1392 1080 1423 Servilii
1102 1393 1312 1432 dorrzinumque
1338 1392 1406 1432 diu]
1445 1392 1517 1423 Ser-

817 1443 903 1472 ritiis
936 1443 1047 1473 Oxou.
1087 1453 1147 1483 pro
1186 1443 1310 1473 servis:
1351 1442 1399 1473 sic
1430 1442 1517 1472 infra

816 1492 824 1508 ‘
857 1493 1039 1523 Vetustum
1084 1493 1265 1523 Servitium
1316 1501 1516 1533 semperque

817 1541 964 1581 novum‚'
989 1542 1174 1582 Eutropius
1191 1546 1341 1572 vocatur.
1377 1541 1446 1572 Pro
1463 1542 1516 1571 diu

818 1593 926 1632 prima
942 1592 995 1622 cd.
1013 1597 1047 1622 et
1065 1598 1141 1623 octo
1153 1592 1270 1632 scripti
1284 1592 1369 1622 sibi:
1390 1592 1514 1632 placei.

817 1642 983 1682 quomodo
1010 1648 1045 1673 et
1076 1643 1202 1682 primus
1238 1643 1423 1673 Vaticanus
1454 1652 1514 1682 pro

817 1691 950 1722 diversa
969 1692 1126 1722 lectione.
1151 1692 1194 1721 D.
1212 1691 1324 1722 Heius.

860 1743 921 1771 154
944 1740 1140 1779 Abundanti]
1167 1740 1226 1770 Est
1240 1749 1360 1771 nomen
1388 1742 1516 1781 propri-

816 1802 871 1823 um
903 1793 964 1823 viri
990 1793 1115 1832 magui,
1144 1793 1199 1831 qui
1228 1802 1314 1822 anno
1346 1795 1420 1823 393.
1448 1792 1515 1824 fuit

816 1843 939 1873 Consul
959 1852 1034 1872 cum
1053 1841 1254 1880 Theodosio,
1269 1841 1426 1882 idemque
1450 1842 1513 1873 Co-

813 1902 884 1922 mes
911 1896 946 1922 et
974 1892 1139 1929 Magister
1167 1891 1342 1932 utriusque
1370 1892 1512 1923 militiae.

813 1942 847 1972 Is
872 1948 1088 1982 promoverat
1108 1941 1439 1981 Eutropium‚futnri
1466 1945 1512 1973 iu-

812 1998 943 2032 cautim,
959 2001 1080 2028 manno
1093 2001 1152 2021 suo
1178 1992 1266 2022 malo
1281 1997 1384 2032 atque
1402 1992 1512 2033 ingra-

812 2042 888 2072 tiis:
915 2052 989 2072 nam
1005 2041 1147 2080 contigit
1162 2041 1261 2080 paulo
1278 2046 1369 2081 post,
1384 2046 1419 2072 ut
1442 2042 1511 2081 dig-

812 2092 972 2122 nitatibus
1005 2092 1183 2131 spoliatus,
1209 2091 1285 2121 aula
1311 2091 1510 2131 ejiceretur,

813 2142 951 2172 Arcadii
977 2141 1105 2180 edicto,
1130 2141 1162 2171 id
1187 2146 1309 2179 agente
1336 2142 1510 2182 Eutropio.

810 2191 934 2222 Sidone
962 2197 1074 2222 autem
1091 2191 1173 2221 urbe
1206 2191 1388 2222 l'lueniciae
1415 2192 1510 2228 obiit,

810 2243 944 2273 Zosimo
961 2247 1109 2273 auctore.
1135 2242 1258 2272 (laver.

822 2286 825 2288 ⁸
855 2295 912 2322 155
941 2292 1017 2322 Iunis
1043 2290 1202 2329 thalamis]
1240 2292 1329 2322 Cura
1367 2291 1507 2322 imorum

812 2342 1047 2372 thalamorum.
1094 2341 1196 2372 Aliud
1228 2343 1315 2372 enim
1345 2347 1508 2382 pra‘stare

809 2402 873 2423 non
887 2398 1021 2431 poterut
1036 2393 1090 2432 qui
1108 2392 1290 2423 Eunuchus
1303 2397 1386 2431 erat,
1399 2393 1508 2432 «vialis

809 2443 910 2473 modo
928 2443 1132 2482 descriptus.
1179 2443 1264 2472 Imus
1283 2443 1507 2473 contemtissi-

809 2503 896 2523 mmu
914 2492 1066 2523 denotat.
1091 2492 1205 2522 Barth.

852 2545 914 2574 156
940 2543 1073 2572 Evectus
1087 2541 1248 2581 thalamis]
1272 2541 1411 2572 Stabulis
1435 2541 1506 2571 Me-

809 2594 875 2624 dic.
909 2593 1069 2623 Mam-in.
1099 2593 1209 2622 I'alat.
1237 2601 1303 2621 sec.
1328 2591 1438 2622 Vatic.
1470 2597 1506 2621 et

811 2644 964 2675 Arnbros.
993 2642 1118 2680 Ejeccas
1132 2641 1286 2672 Mmturnis.
1331 2642 1506 2680 Excerpta

810 2695 954 2726 Putean.
987 2694 1114 2733 Lyrcius
1160 2692 1300 2723 stabulis.
1346 2693 1504 2722 Fortasse

809 2755 923 2777 rursus
949 2744 1128 2786 legendum
1157 2742 1289 2775 tabulis.-
1312 2747 1350 2773 ut
1381 2742 1502 2773 tabula:
