1851 3213
231 213 247 253 ]
258 210 344 253 396

230 327 302 348 nor.
329 316 464 358 ‘patrio
502 316 676 357 Olympo.'
705 315 876 357 quomodo
901 320 936 346 et

229 368 298 399 illic
316 368 470 398 meliores
486 367 576 398 libri.
611 367 742 397 Armato
763 367 865 397 etiam
880 376 934 405 po-

225 419 299 459 pulo
315 422 409 449 recte
423 416 641 458 Gyraldinus.
680 416 792 454 Vulgo
805 415 936 445 armatis

225 469 357 509 populis.
396 467 509 499 Infra:
527 468 535 484 ‘
555 467 618 497 Ille
638 466 695 497 din
713 466 809 496 miles
828 475 935 506 popu-

230 519 306 550 lus!
326 523 510 560 patrumque
537 517 686 548 conciliis
703 512 826 557 primus
842 517 936 548 Vati-

229 580 304 602 can.
321 574 355 601 et
371 570 536 600 Oiselian.
563 569 608 599 D.
626 567 741 599 Heius.

272 624 313 652 47
348 621 467 652 Domui
497 619 614 659 terras]
666 620 718 650 Ex
749 619 934 650 ambitione

228 673 392 710 Romana,
409 670 533 711 saepius
548 674 678 708 notata,
692 669 747 710 qui
765 675 934 701 terrarum

228 722 396 753 Domiuos
413 720 536 761 ubique
551 719 753 759 scriptorum
765 720 913 760 jactant.

272 772 480 812 Hominesque
505 770 629 801 revinxi
652 769 804 809 Legibus]
829 770 934 801 Quasi

228 823 321 854 dicat
351 823 534 853 humanum
560 829 665 860 genus
692 820 726 849 in
754 829 854 850 unam
881 829 934 850 ur-

227 872 305 903 bem
328 871 436 912 coegi,
452 875 488 901 et
504 870 578 901 unis
596 868 729 909 legibus
752 868 932 899 adstrinxi.

227 922 346 953 Barth.

273 972 484 1012 Hominesque
513 971 639 1002 revinxi
669 970 821 1011 Legibus]
873 970 934 1002 Ur-

227 1022 335 1062 besque
362 1031 419 1052 sex
446 1021 579 1061 scripti,
602 1025 640 1052 ut
664 1021 721 1052 lib.
740 1030 796 1051 111.
817 1022 850 1052 in
867 1021 934 1052 Sti-

227 1073 307 1103 lich.
334 1074 343 1090 ⁴
359 1073 467 1103 Pacet
493 1072 690 1103 muneribus
712 1077 859 1111 montes,
876 1072 933 1113 qui

226 1123 359 1164 legibus
375 1123 475 1154 urbes
489 1123 509 1153 ε’
524 1133 686 1162 omnesque
695 1123 819 1153 revinxi
834 1123 933 1163 prim.

227 1174 340 1205 Vatic.
366 1183 444 1204 mox
471 1177 501 1204 et
523 1174 601 1213 lapsi
623 1183 687 1204 nou
703 1174 800 1214 elapsi
816 1174 935 1205 melio-

226 1234 282 1255 res
300 1229 427 1265 praeter
441 1224 538 1264 prim.
554 1224 666 1255 Vatic.
696 1225 740 1255 D.
757 1224 869 1255 Heius.

270 1277 312 1305 48
344 1275 396 1305 Ad
425 1276 517 1305 solem
554 1275 672 1305 victria-
696 1277 859 1314 utrumque
884 1285 934 1305 cu-

227 1324 328 1364 curri]
351 1324 531 1355 Vincendo
560 1324 740 1355 Orientem
768 1329 803 1355 et
832 1324 933 1356 Occi-

226 1376 365 1406 dentem
381 1385 454 1405 sum
481 1384 628 1406 emensa.
662 1375 846 1406 Petronius
872 1375 935 1406 Ar-

227 1425 318 1456 biter
360 1424 401 1455 de
438 1425 559 1455 iisdem
605 1426 785 1456 Romanis:
830 1427 839 1443 ‘
858 1428 935 1459 Qua

227 1484 331 1515 mare,
358 1484 423 1516 qua
454 1476 568 1515 tellus,
601 1486 665 1516 qua
697 1476 789 1507 sidus
826 1478 934 1509 currit

227 1531 421 1567 utrumque,
444 1526 574 1557 Orbem
595 1528 666 1568 jam
693 1532 800 1558 totum
824 1528 933 1559 victor

227 1577 400 1609 Romanus
416 1577 592 1608 habebat!

270 1627 371 1658 Solem
398 1627 574 1668 utrumque]
614 1628 775 1667 Rutilius,
805 1629 862 1660 lib.
889 1639 930 1660 11.

226 1678 234 1694 ‘
253 1680 329 1711 Qua
344 1678 413 1709 fert
428 1684 531 1719 atque
550 1678 655 1710 refert
672 1680 821 1711 Phoebus
844 1685 933 1712 uter-

227 1740 292 1772 que
310 1729 447 1760 facem)
474 1730 590 1760 Barth.

270 1785 312 1813 49
340 1781 443 1812 Ferox
462 1781 584 1821 Coesar]
606 1780 722 1812 Armis
738 1781 932 1813 acerrimus.

226 1832 327 1863 Idem.

269 1886 310 1913 50
334 1882 530 1922 Desuetaque
551 1881 663 1922 priscis
688 1882 835 1921 Artibus]
866 1882 932 1912 Pa-

226 1932 275 1965 cis
303 1933 426 1964 inertia
450 1934 560 1974 prima
583 1935 840 1975 corrumpendis
866 1936 932 1966 Ro-

225 1985 334 2016 manis
365 1985 514 2016 moribus
553 1984 630 2025 fuit,
668 1991 706 2017 ut
744 1988 932 2026 generatim

226 2044 341 2065 verum
374 2039 440 2074 est,
471 2036 559 2076 quod
584 2036 761 2076 sapienter
785 2037 931 2077 Dionys.

225 2085 402 2126 Longinus
438 2087 591 2127 scripsit:
632 2087 735 2128 εἰρήνη
768 2088 932 2129 διαφθείρει

225 2136 281 2170 τὰς
307 2135 449 2176 μεγάλας
489 2136 608 2177 φύσεις.
668 2139 712 2169 Et
752 2139 928 2170 Catullus:

225 2187 234 2204 ‘
253 2186 370 2218 Otium
399 2188 509 2227 Reges
533 2189 626 2229 prius
654 2193 689 2220 et
714 2189 832 2221 beatas
855 2199 930 2231 per-

226 2238 314 2268 didit
342 2239 465 2270 urbes!
503 2240 595 2271 Scite
622 2241 786 2282 Velleius,
813 2242 870 2273 lib.
889 2252 929 2274 11.

225 2290 233 2305 ⁴
252 2289 427 2319 Potentiae
466 2290 626 2321 Romanae
673 2292 767 2331 prior
814 2293 929 2333 Scipio

226 2340 311 2370 viam
343 2345 538 2379 aperuerat,
569 2342 730 2373 Luxuriae
763 2344 930 2383 posterior

225 2390 371 2431 aperuit.
412 2390 548 2431 Quippe
568 2397 698 2422 remoto
715 2393 930 2433 Carthaginis

224 2446 331 2481 metu,
344 2441 545 2482 sublataque
569 2442 709 2482 Imperii
723 2444 844 2473 aemuia
862 2455 928 2475 non

226 2492 347 2532 gradu,
364 2491 423 2522 sed
455 2492 624 2532 praecipiti
640 2503 739 2524 cursu
763 2503 782 2523 a
799 2495 927 2525 virtute

223 2542 401 2581 descitum,
415 2542 457 2573 ad
471 2543 555 2573 vitia
569 2543 815 2574 transcursum?
831 2545 927 2575 Idem.

266 2596 306 2623 51
334 2593 496 2623 Gremium
520 2593 622 2634 pacis]
669 2594 795 2624 Pacem
820 2595 928 2634 ipsam

225 2643 427 2685 profundam
451 2649 486 2675 et
514 2649 633 2675 tutam.
672 2645 749 2675 Hoc
774 2649 838 2683 est,
852 2654 926 2675 cum

226 2695 387 2726 altissima
400 2704 467 2735 pax
483 2694 595 2725 omnia
613 2695 817 2734 contineret,
833 2705 928 2725 secu-

227 2745 272 2776 ris
290 2745 332 2776 de
349 2745 439 2776 bello
453 2745 629 2776 universis.
659 2745 754 2776 Idem.

223 2834 230 2838 ᾖ
268 2795 388 2827 Servile
411 2796 538 2838 recessi]
567 2796 636 2828 Pro
665 2795 854 2830 serviliter:
880 2797 928 2828 sic

473 221 616 251 NOTAE
649 219 914 251 VARIORUM
951 220 1001 249 lN
1037 219 1111 249 CL.
1144 219 1328 249 CLAUD.
1363 218 1449 246 XV.

987 314 1097 344 servile
1110 323 1237 353 gemens
1253 312 1342 344 iufra
1364 316 1436 344 365.
1460 314 1556 345 malit
1580 319 1695 347 tamen

989 365 1150 395 Eat-thius
1165 365 1283 395 servire
1296 375 1305 394 .-
1321 363 1399 394 vide
1413 373 1488 404 quae
1502 369 1582 395 noto
1596 364 1696 396 Cous.

990 414 1110 456 Olybr.
1134 425 1182 446 vs.
1211 418 1282 446 119.
1319 414 1411 454 apud
1436 414 1580 445 Statium
1606 415 1695 446 Her-

988 467 1065 496 cule
1094 466 1296 497 Surrentino
1325 463 1520 496 ‘famulare
1552 465 1697 498 timeus)

990 517 1034 547 D.
1052 516 1166 547 Heius.

1030 570 1071 598 52
1096 567 1228 607 Libyam
1257 567 1427 606 Nilumque
1452 567 1577 608 dedere]
1609 567 1694 599 Cum

989 618 1134 659 populus
1151 619 1323 648 Romanus
1346 617 1379 647 in
1404 627 1476 648 eam
1501 618 1697 658 amplitudi-

988 679 1066 699 nem
1096 673 1186 699 esset
1218 672 1351 706 auctus,
1378 672 1415 698 ut
1441 667 1537 698 Italis
1561 668 1698 699 Siculis-

988 729 1053 759 que
1071 718 1292 759 proventibus
1315 727 1450 748 annoua
1470 727 1535 748 non
1563 717 1695 750 suffice-

986 774 1052 808 ret,
1073 774 1153 800 sunt
1176 769 1300 799 classes
1323 769 1370 799 rei
1396 770 1591 801 annonariae
1618 780 1696 801 con-

987 821 1132 857 stitutae,
1157 830 1231 860 quae
1260 820 1302 850 de
1332 819 1453 850 Africa
1482 826 1517 852 et
1544 821 1694 862 AEgypto

988 870 1122 901 Ostiam
1158 869 1363 901 frumentum
1401 870 1576 911 veherent,
1603 872 1695 903 unde

988 921 1133 952 adverso
1164 921 1284 951 Tiberi
1320 920 1396 951 urbi
1438 921 1696 962 importaretur,

987 982 1064 1003 cum
1091 978 1172 1004 ante
1204 972 1335 1003 incerta
1363 970 1503 1003 fortuna
1526 977 1627 1011 esset,
1658 977 1696 1004 et

986 1021 1095 1054 fames
1133 1033 1224 1063 saepe
1274 1023 1460 1064 improvisa
1504 1023 1694 1064 ingrueret.

987 1074 1105 1106 Barth.

1029 1128 1071 1155 53
1109 1124 1278 1155 Dominam
1306 1125 1437 1166 plebem]
1482 1125 1694 1166 Reipublicae

987 1184 1102 1206 amans
1135 1175 1282 1215 scriptor
1316 1180 1416 1206 notat
1445 1177 1580 1207 occulte
1611 1181 1694 1207 tem-

988 1234 1072 1264 pora
1098 1225 1310 1265 Principum.
1356 1225 1389 1255 Si
1416 1225 1591 1256 servitium
1613 1236 1693 1258 con-

987 1275 1090 1306 cessit
1107 1275 1200 1313 urbs,
1220 1275 1246 1305 si
1271 1274 1369 1305 ferox
1394 1275 1452 1306 ille
1469 1276 1587 1307 Caesar
1603 1286 1693 1308 com-

987 1325 1102 1356 munia
1119 1326 1200 1365 jura
1214 1326 1246 1355 in
1263 1335 1297 1355 se
1320 1326 1507 1365 transtulit,
1523 1327 1693 1367 quomodo

987 1376 1137 1406 Domina
1178 1375 1295 1415 Plebs,
1333 1376 1490 1408 Bellator
1523 1377 1693 1410 Senatus?

987 1427 1086 1457 Idem.

1029 1481 1069 1507 55
1096 1477 1237 1516 Horrea]
1273 1477 1417 1509 Publica
1447 1479 1561 1511 Urbis.
1599 1480 1692 1513 Quo-

986 1537 1059 1558 rum
1078 1536 1191 1558 cccvr.
1209 1528 1301 1558 intra
1316 1530 1441 1560 moenia
1456 1528 1558 1561 fuisse
1576 1539 1693 1561 nume-

985 1588 1096 1609 ramus
1114 1579 1203 1619 apud
1219 1579 1379 1610 Publium
1394 1580 1580 1612 Victorem.
1603 1580 1691 1612 Haec

984 1634 1098 1660 autem
1126 1639 1190 1659 non
1221 1628 1392 1660 frumento
1419 1634 1549 1662 tantum
1570 1630 1694 1662 consti-

985 1684 1061 1710 tuta
1079 1679 1240 1719 public03
1263 1678 1323 1710 sed
1347 1684 1385 1711 ut
1407 1685 1593 1720 proventus
1611 1689 1690 1711 suos

983 1730 1017 1760 iu
1035 1730 1074 1760 iis
1093 1729 1269 1770 depositos
1287 1730 1491 1772 quandoque
1519 1727 1611 1763 tutos
1634 1731 1690 1762 lia-

983 1780 1114 1819 berent,
1129 1781 1249 1820 quibus
1265 1780 1410 1811 deerant
1421 1781 1567 1822 privatae
1578 1786 1691 1813 custo-

984 1831 1060 1861 diae.
1108 1830 1207 1861 Idem.

1026 1885 1067 1912 56
1092 1881 1203 1912 Stabat
1230 1885 1314 1912 certa
1335 1881 1434 1922 salus]
1468 1882 1582 1914 Firma
1604 1890 1689 1916 erat.

984 1932 1082 1963 Idem.

1026 1985 1067 2013 57
1092 1982 1264 2013 Pensabam
1281 1982 1450 2024 Pharium]
1472 1983 1529 2014 De
1553 1982 1689 2015 Africa-

982 2033 1034 2064 nis
1051 2038 1085 2065 et
1105 2034 1277 2075 AEgyptiis
1293 2033 1455 2064 classibus
1478 2033 1583 2075 loqui,
1597 2035 1690 2068 clara

982 2093 1045 2115 res.

1024 2135 1166 2176 Annum]
1214 2135 1431 2175 Ubertatem,
1461 2135 1686 2169 Proventum.

980 2187 1097 2218 Barth.

1024 2241 1065 2268 60
1092 2238 1170 2268 Cum
1184 2236 1296 2276 subiit]
1323 2235 1409 2267 Haec
1425 2236 1590 2277 Scaligeri
1606 2246 1687 2269 con-

974 2289 1133 2329 jectura:
1161 2298 1260 2329 qnam
1277 2287 1426 2319 Claverii
1441 2287 1549 2318 codex
1578 2292 1615 2319 et
1640 2289 1687 2319 al-

981 2345 1035 2371 ter
1052 2339 1180 2370 Moreti
1193 2338 1406 2369 confirmant.
1437 2338 1549 2379 Vulgo
1563 2338 1686 2377 subito.-

981 2401 1044 2431 pro
1076 2391 1224 2421 Pharium
1250 2400 1364 2420 annum
1388 2390 1487 2430 prim.
1513 2390 1627 2422 Vatic.
1648 2395 1684 2421 et

982 2443 1105 2482 lsingr.
1138 2443 1238 2482 paulo
1271 2447 1351 2472 ante
1383 2441 1535 2481 parilem:
1579 2441 1683 2473 etiam

980 2494 1193 2524 Oiselianus:
1233 2492 1291 2523 sed
1320 2492 1467 2522 frustra:
1503 2491 1685 2533 diversaque

978 2547 1103 2574 Aurora
1119 2543 1221 2573 etiam
1239 2552 1306 2573 non
1320 2542 1477 2581 divisaque
1492 2547 1571 2573 octo
1592 2549 1684 2575 vete·

979 2603 1048 2624 res:
1065 2602 1126 2633 pro
1142 2593 1297 2633 Higyptia
1312 2602 1385 2622 rura
1398 2592 1576 2623 Palatinus
1588 2596 1681 2626 turn:

979 2643 1089 2674 scribe
1106 2643 1260 2683 AEgyptia
1275 2643 1351 2681 jum
1374 2643 1413 2673 In
1434 2646 1555 2683 purtem
1570 2654 1683 2676 cessere

978 2704 1107 2725 novam:
1153 2699 1255 2734 atque
1284 2694 1332 2724 ita
1363 2693 1490 2724 diserte
1513 2695 1681 2727 secundus

979 2746 1234 2778 Ambrosianus.
1269 2745 1375 2776 infra:
1412 2746 1501 2778 ‘Jus
1531 2747 1680 2788 Latium,

978 2796 1069 2839 quod
1099 2806 1165 2828 non
1195 2796 1317 2828 Meroe
1347 2796 1517 2839 rubroque
1545 2797 1680 2830 solebat
