1851 3213
269 220 383 262 1314
500 231 644 262 NOTAE

313 327 354 355 75
381 324 507 365 Campi]
531 326 632 365 Belli,
649 323 840 356 conflictus.
858 324 976 355 Barth.

306 379 349 408 76
367 377 555 418 Truncisque
567 378 751 415 immergere
759 377 901 416 plantas]
916 375 976 405 Pr.

272 427 385 458 Vatic.
413 432 449 458 et
478 428 619 458 Farnes.
647 427 822 465 injungere.
860 426 977 456 Palat.

271 477 446 517 inmingere
461 490 471 509 .·
497 489 538 509 au
553 477 753 517 intingam-e?
778 478 822 508 D.
837 476 959 508 Heins.

315 531 358 559 79
385 529 594 570 Tcrgajubis]
616 528 779 559 Barthius
803 528 879 559 colla
893 527 981 566 jubis

274 580 411 619 reponit
428 589 470 610 ex
488 579 591 610 Statii
609 579 695 618 istis,
708 578 816 609 Theb.
835 587 887 610 lx.
909 579 918 595 ‘
933 578 982 610 Ut

273 628 341 667 leo,
357 630 410 660 cui
428 639 531 670 parvo
545 633 656 660 mater
668 630 806 661 Gaetula
822 633 982 660 cruentos

274 678 435 720 Suggerit
453 680 525 719 ipsa
538 679 646 718 cibos,
660 689 736 710 cum
751 680 897 720 primum
911 688 982 710 cre-

275 737 374 760 scere
391 739 490 760 sensu
510 730 605 760 Colla
624 730 722 770 jubis
740 729 761 760 :’
786 730 844 760 sed
870 730 984 760 obstat

274 779 548 810 membranarum
567 780 766 810 auctoritas.
791 780 889 810 Idem.

321 832 360 860 81
388 829 517 868 Getulo]
556 828 641 859 Inde
678 829 810 858 nobiles
843 829 985 859 Leones.

320 878 519 918 Stabulisque
534 878 648 909 minari
661 878 806 917 AEstuat]
833 878 911 909 Non
925 879 985 909 mi-

276 934 390 967 natur,
418 929 476 959 sed
504 933 641 960 aestuat.
688 929 833 960 Notatio
852 929 986 970 juveni-

275 978 358 1008 lium
375 977 574 1017 affectuum,
600 978 683 1009 nihil
699 979 785 1010 certi
805 983 865 1010 aut
886 979 986 1010 solidi

277 1027 567 1060 concludentium.
627 1028 862 1069 Cogitationes
897 1030 986 1061 enim

278 1077 397 1116 primae
426 1078 540 1108 aetatis
563 1078 666 1109 variae
695 1082 785 1118 sunt,
811 1079 988 1120 instarque

278 1132 420 1158 aestuum
431 1127 651 1168 sibimetipsis
662 1129 857 1160 contrariae.
869 1129 987 1160 Barth.

323 1181 364 1209 82
391 1178 472 1209 Caesz'
495 1182 586 1218 terga
609 1179 768 1210 absorbere
781 1179 923 1219 juventi]
947 1181 989 1210 Τὸ

278 1231 370 1266 terga
395 1228 468 1268 jam
509 1234 756 1268 praecesserat:
798 1230 990 1269 amplector

278 1278 385 1318 igitur
401 1278 546 1318 Gyrald.
571 1284 606 1309 et
631 1279 775 1309 Lucens.
792 1279 989 1318 lectionem,

278 1330 353 1360 celsi
368 1329 439 1360 tabo
462 1331 586 1360 sordere
602 1329 749 1367 juvenci.-
773 1332 897 1361 sordere
920 1330 991 1361 tabo

279 1379 435 1418 apposite
468 1379 573 1410 etiam
604 1379 696 1420 apud
728 1380 860 1419 Silium,
887 1380 947 1411 lib.
966 1390 990 1412 1.

280 1429 288 1445 ‘
307 1427 430 1459 Crasso
482 1429 622 1460 sordida
666 1429 747 1460 tabo
803 1429 992 1462 Confundit

280 1478 430 1508 maculas
463 1478 585 1519 tigris.‘
628 1479 727 1511 Idem
753 1480 813 1512 lib.
832 1489 883 1512 xl.
907 1482 916 1499 ‘
934 1491 991 1513 ve·

281 1529 347 1560 teri
365 1533 435 1560 stat
465 1529 604 1561 sordida
628 1531 705 1562 tabo
735 1530 907 1572 Hirtaque
934 1541 990 1563 ca-

280 1580 382 1611 nities
420 1584 456 1611 et
499 1580 602 1612 durus
644 1582 808 1622 sanguine
850 1581 989 1614 crinis:'

282 1630 330 1660 ita
356 1630 445 1661 enim
462 1631 553 1671 lego,
578 1631 642 1662 nisi
659 1633 732 1673 quis
750 1633 891 1673 Atraque
906 1632 991 1664 cani-

281 1683 342 1712 ties
355 1683 465 1713 malit.
504 1683 680 1714 Hactenus
697 1688 829 1725 utruque
841 1685 989 1726 legitur:

284 1732 374 1773 quod
392 1732 435 1763 de
450 1733 558 1764 barba
582 1738 619 1764 et
642 1734 768 1774 capillo
793 1735 919 1766 insulse
942 1735 991 1765 in-

283 1786 534 1822 terpretantur.
578 1783 654 1814 Lib.
687 1792 754 1814 xn.
790 1784 854 1814 ‘et
882 1785 992 1816 adhuc

284 1832 459 1864 sordentia
487 1832 568 1863 tabo
594 1833 757 1873 Spicula!
806 1834 888 1864 Celsi
913 1844 994 1875 quo-

285 1892 350 1923 que
366 1892 428 1923 pro
444 1883 517 1914 caesi
533 1892 617 1913 unus
641 1883 766 1914 Petav.
789 1889 826 1914 et
843 1883 909 1915 duo
925 1885 993 1915 Va-

285 1933 403 1972 ticani,
439 1933 498 1974 qui
536 1933 638 1974 paulo
673 1938 752 1964 ante
781 1933 885 1965 etiam
917 1935 994 1965 Jam

276 1982 370 2021 fugit
386 1982 524 2013 imbelles
538 1982 652 2022 epulas,
665 1991 730 2012 non
755 1986 859 2021 negat.
885 1983 994 2015 Idem.

329 2035 369 2064 83
395 2033 453 2064 Ille
483 2032 584 2072 vetat]
630 2032 799 2064 Comitem
828 2034 994 2065 accedere

284 2082 509 2122 expeditioni.

327 2134 503 2174 Rerumque
516 2133 590 2173 tibi]
614 2132 787 2164 Caesarem
811 2133 898 2166 fecit
914 2139 994 2166 ante

284 2183 469 2216 discessum
485 2184 781 2224 Constantiilopoli
805 2184 994 2216 Honorium

287 2233 510 2267 Theodosius.

329 2283 492 2324 Habenas]
516 2284 769 2316 anernacula.
792 2284 908 2315 Barth.

332 2335 373 2364 85
401 2333 559 2374 Tantaque
575 2344 606 2365 se
629 2334 748 2375 pietas]
771 2334 920 2366 Pietatis
938 2345 997 2366 no-

285 2382 377 2414 mine
387 2393 518 2414 omnem
529 2385 689 2416 virtutem
704 2385 996 2427 circumloquium,

287 2435 446 2475 exemplo
472 2435 638 2475 Maronis,
675 2436 730 2466 cui
756 2436 843 2468 Pius
876 2437 997 2469 AEneas

285 2495 418 2516 omnem
435 2485 587 2516 Heroe'm
605 2486 760 2518 absolvit.

330 2535 479 2566 Rudibus
511 2536 618 2576 pietus
656 2538 792 2568 ostendit
828 2537 862 2568 in
891 2538 996 2578 imnis]

288 2584 345 2616 Sic
363 2585 484 2625 scripti
500 2595 616 2617 omnes
633 2598 641 2617 z
668 2591 795 2626 praeter
816 2588 913 2627 prim.
931 2589 996 2619 Va-

289 2635 348 2667 tic.
376 2639 413 2667 et
440 2636 576 2667 Fames.
605 2637 638 2667 in
668 2637 804 2677 quibus,
827 2639 996 2678 quomodo

289 2686 432 2726 vulgati,
443 2688 546 2727 pietas
561 2688 688 2719 rudibus
702 2691 847 2720 ostentat.

336 2736 478 2768 Rudibus
489 2740 623 2768 ostentat
640 2738 672 2768 in
684 2738 787 2778 minis]
810 2736 927 2769 Annos
941 2749 996 2769 au-

289 2790 359 2817 tem
375 2795 458 2818 cura
472 2787 652 2829 animoque
673 2788 772 2819 senili
787 2789 994 2828 praevenisse

678 230 945 262 VARIORUM
982 231 1033 260 IN
1069 231 1144 262 ct..
1178 232 1363 262 CLAUD.
1399 232 1483 261 vll.

1027 322 1228 354 Honorium.
1254 324 1368 355 Barth.

1071 375 1112 403 87
1137 373 1306 413 Imperium
1330 373 1400 414 eibi,
1424 373 1495 413 ἐξα]
1530 372 1616 404 Inde
1644 373 1739 405 colli-

1030 423 1119 462 gitur
1136 423 1325 455 Honorium
1346 425 1416 464 jam
1441 424 1589 464 Augusti
1605 423 1739 455 nomine

1031 473 1229 512 insignitum
1247 473 1364 513 fnisse,
1391 484 1459 505 non
1486 479 1601 505 tamen
1618 483 1739 514 reapse

1032 522 1099 553 dici
1119 524 1231 563 potuit
1253 525 1468 565 Imperator-3
1494 525 1553 555 sed
1571 524 1663 566 patri
1680 535 1740 566 op-

1032 573 1114 604 timo
1138 579 1173 605 et
1189 576 1272 605 satis
1289 574 1483 615 indulgenti
1508 575 1556 605 ita
1573 575 1737 615 placitum

1034 631 1098 665 est,
1124 631 1163 657 ut
1191 636 1227 657 se
1254 627 1345 666 vivo,
1372 636 1482 667 neque.
1509 626 1568 657 diu
1594 626 1743 667 victuro,

1034 676 1095 708 filii
1120 676 1230 707 adhuc
1257 676 1435 716 juvenculi
1464 675 1622 706 diadema
1654 684 1742 715 prae-

1035 731 1222 766 sumerent,
1240 735 1304 757 non
1322 727 1424 757 etiam
1436 726 1585 757 habenas
1597 725 1745 766 imperii.

1038 776 1162 806 Clarer.

1079 824 1157 855 Sero
1172 825 1293 865 datum]
1319 825 1376 856 Nil
1395 829 1531 865 peccat.
1556 825 1743 865 Papinius:

1036 874 1045 891 ‘
1062 875 1145 905 Sero
1160 884 1289 905 memor
1306 875 1467 906 thalami!
1489 876 1608 908 Barth.

1080 927 1121 955 89
1148 925 1194 955 Tu
1210 924 1310 965 fatis]
1335 926 1611 966 Exquisitissima
1633 925 1744 958 denuo

1038 975 1202 1007 adulatio.
1228 976 1312 1007 Cum
1330 976 1419 1007 enim
1435 986 1496 1016 per
1515 976 1694 1015 Naturam,
1709 981 1746 1008 et

1038 1026 1194 1057 omuibus
1220 1027 1345 1057 claram
1370 1036 1482 1057 rerum
1506 1026 1609 1058 fidem
1625 1035 1692 1057 non
1708 1027 1747 1057 li-

1040 1081 1133 1107 ceret
1150 1075 1293 1116 fingere,
1309 1086 1410 1107 manu
1426 1082 1486 1107 aut
1508 1077 1649 1108 consilio
1665 1086 1746 1117 pue-

1040 1136 1114 1157 rum
1131 1126 1320 1166 principem
1347 1127 1499 1158 hostibus
1530 1126 1746 1158 debellandis

1041 1175 1453 1218 adfuisse,victoriamque
1470 1182 1638 1217 patrasse,
1649 1187 1747 1208 exco-

1041 1226 1194 1266 gitarunt
1209 1231 1461 1257 assentatorum
1487 1227 1580 1258 natio
1604 1226 1751 1267 sagacis·

1041 1276 1125 1306 sima
1136 1276 1272 1314 Fatum,
1284 1276 1482 1314 Fortunam,
1492 1277 1652 1316 Genium,
1663 1277 1747 1318 ejus,

1042 1335 1109 1367 quo
1120 1326 1219 1364 (luce,
1233 1327 1386 1367 auspice,
1399 1328 1629 1367 moderatore,
1642 1330 1750 1359 victo-

1043 1376 1093 1406 ria
1118 1375 1364 1415 conficeretur;
1399 1377 1532 1408 scilicet
1556 1376 1752 1408 famulanti-

1042 1426 1104 1457 bus
1126 1426 1189 1467 ipsi
1220 1427 1398 1466 universis,
1425 1427 1467 1458 ad
1486 1427 1583 1468 cujus
1603 1427 1684 1458 felix
1699 1428 1750 1459 fu-

1044 1481 1158 1508 turum
1184 1486 1263 1508 mox
1288 1477 1476 1518 Imperium
1504 1479 1615 1510 omnia
1631 1478 1750 1510 Provi-

1043 1527 1162 1558 dentia
1177 1534 1412 1568 componeret.

1089 1577 1224 1610 Genitor
1240 1579 1348 1621 manu]
1373 1581 1511 1612 Fortem
1527 1591 1629 1613 mann
1643 1581 1750 1613 Theo-

1043 1627 1176 1660 dosium
1212 1628 1318 1661 fuisse
1367 1630 1524 1663 indicant
1569 1631 1750 1663 Historiae.

1042 1679 1160 1710 Barth.

1088 1729 1280 1770 Genitorque
1296 1729 1403 1769 manu]
1427 1730 1519 1770 Ergo
1532 1731 1653 1762 stricto
1671 1740 1751 1763 ense

1043 1778 1076 1808 in
1107 1779 1263 1819 praelium
1293 1780 1357 1811 ivit
1387 1780 1612 1822 Theodosius,
1639 1791 1751 1823 neque

1042 1828 1207 1869 inglorius
1225 1830 1323 1862 stetit
1340 1835 1417 1871 post
1434 1831 1615 1872 principia.
1661 1832 1750 1863 Sane

1044 1888 1128 1918 opus
1144 1877 1222 1919 fuit,
1237 1886 1271 1910 ut
1289 1882 1400 1912 animo
1418 1882 1579 1921 praesenti
1597 1882 1750 1913 Martem

1045 1928 1126 1959 belli
1138 1930 1345 1962 sustineret:
1370 1941 1446 1962 uam
1461 1931 1669 1973 Arbogastes
1686 1934 1752 1963 leo-

1043 1979 1096 2009 nis
1113 1979 1220 2011 instar
1242 1982 1352 2012 multa
1366 1981 1536 2013 hominum
1556 1982 1662 2014 millia
1678 1993 1752 2013 san-

1045 2030 1147 2070 guine
1163 2041 1224 2062 suo
1241 2032 1407 2072 opplevit,
1420 2032 1470 2063 ita
1485 2036 1524 2064 ut
1539 2032 1680 2074 anpriti
1697 2043 1751 2064 re·

1046 2091 1120 2112 rum
1147 2081 1235 2113 facie
1263 2083 1487 2123 Imperatoris
1517 2084 1654 2125 agmina
1678 2084 1752 2125 jam

1047 2132 1271 2164 labascerent.
1297 2134 1420 2165 Clarer.

1092 2183 1133 2214 Te
1153 2186 1282 2223 propter
1304 2187 1335 2215 et
1359 2185 1454 2224 Alpes
1480 2184 1608 2216 Invadit
1620 2184 1752 2226 faciles]

1046 2233 1159 2264 Invadz·
1172 2244 1247 2265 cum
1259 2235 1376 2275 primis
1389 2234 1595 2267 editionibus
1605 2240 1640 2268 et
1651 2246 1755 2267 mem-

1047 2284 1160 2315 branis
1184 2285 1385 2324 legendum:
1412 2286 1518 2316 miror
1541 2296 1607 2317 non
1630 2286 1754 2326 depre-
1769 2291 1777 2300 ·

1045 2333 1187 2364 hensum
1225 2334 1268 2365 ab
1304 2335 1550 2376 interpretibus
1579 2335 1752 2368 mendum.

1046 2384 1103 2415 Sic
1117 2385 1228 2425 Nupt.
1240 2385 1372 2417 Honor.
1389 2389 1397 2403 ‘
1412 2386 1522 2417 Flecti
1537 2384 1659 2417 faciles
1670 2386 1753 2420 irae.'

1048 2434 1106 2466 lib.
1123 2445 1164 2466 11.
1180 2435 1215 2466 in
1234 2436 1378 2476 Eutrop.
1403 2437 1412 2453 ‘
1431 2437 1573 2467 Securas
1591 2435 1753 2468 barbarus

1047 2484 1149 2516 urbes
1177 2485 1314 2516 Invadit
1336 2485 1520 2526 facilesque
1542 2485 1640 2526 capi.’

1048 2544 1167 2574 canuS,
1197 2535 1255 2566 lib.
1276 2545 1317 2566 11.
1354 2539 1362 2553 ‘
1381 2536 1487 2566 Roma
1517 2535 1595 2576 capi
1622 2535 1756 2569 facilis.’

1049 2587 1176 2618 Noster
1194 2588 1293 2618 Cons.
1322 2587 1469 2619 Manlii:
1495 2590 1503 2604 ‘
1534 2598 1646 2619 rursus
1675 2599 1754 2630 quae

1048 2637 1148 2676 digna
1166 2638 1275 2677 petitu
1290 2638 1422 2678 Largiri
1439 2636 1572 2670 facilis!
1588 2638 1645 2670 Sic
1661 2639 1753 2671 enim

1047 2687 1278 2719 scribendum.
1314 2687 1417 2719 Ovid.
1435 2688 1552 2719 Amor.
1569 2698 1610 2721 11.
1635 2690 1689 2722 El.
1718 2692 1755 2722 4.

1047 2739 1056 2754 ‘
1075 2738 1163 2768 Haec
1195 2739 1276 2779 quia
1306 2739 1405 2769 dulce
1436 2738 1542 2778 canit,
1572 2737 1752 2781 flectitque

1047 2786 1209 2820 facillima
1225 2799 1341 2820 vocem
1355 2789 1376 2821 :'
1399 2789 1569 2832 quomodo
1592 2794 1690 2823 vetus
1715 2789 1753 2822 li-

1686 2487 1754 2518 Lu·
1782 2518 1785 2519 γ
