1851 3213
230 219 345 262 1180
674 232 748 263 cn.
782 231 1065 262 anumAm
1100 232 1243 262 xoix.

228 324 282 365 In
305 325 469 365 coelum
488 331 743 380 patremque
767 325 900 376 redis,
920 339 1158 380 rursusque
1178 326 1361 379 perenni
1634 325 1692 366 25

231 391 390 433 Ordine
412 395 609 446 purgatis
634 394 792 434 adimis
814 394 1016 446 contagia
1037 394 1174 433 terris.

228 460 299 500 Tu
321 462 456 509 solus,
483 461 712 514 Patrisque
732 474 903 501 comes:
936 465 980 500 tu
1003 460 1196 512 Spiritus
1218 461 1387 509 insons,

229 527 286 568 Et
301 529 433 568 toties
455 542 583 577 unuS,
605 528 855 581 triplicique
876 529 918 568 in
942 528 1113 568 nomine
1133 528 1344 580 simplex:

230 593 368 644 Quid,
393 597 474 635 nisi
499 609 578 649 pro
602 597 788 644 cunctis,
813 595 966 635 aliud?
1001 594 1115 645 Quis
1138 594 1312 636 credere
1334 595 1491 648 possit,

226 661 293 702 Te
314 664 512 715 potuisse
533 665 658 713 mori,
682 669 855 717 poteras
877 664 950 717 qui
972 664 1155 704 reddere
1178 664 1343 704 vitani?
1634 659 1691 701 30

226 772 360 802 tenebris
375 773 491 802 mortis
514 773 673 812 dissipatis
689 775 852 803 reverteris
869 774 900 802 in
931 774 1046 803 Coelum
1063 776 1091 802 et
1114 773 1154 802 ad
1185 773 1325 809 Patrem,
1346 775 1376 802 et
1397 773 1509 802 iterum
1525 770 1605 802 serie
1623 780 1693 810 per-

223 817 318 852 petua
341 815 436 853 eripis
449 817 662 853 contagionem.
685 817 796 844 mundo
816 818 994 854 repurgato.
1037 815 1083 844 Tu
1104 816 1186 845 solus
1203 824 1237 845 es
1263 815 1381 853 Filius,
1397 818 1427 844 et
1442 824 1540 845 comes
1560 814 1693 850 Patrls;

227 855 370 895 Spiritus
383 857 605 894 sanctissimus,
619 860 649 886 et
665 858 756 887 toties
770 867 847 887 unus
864 858 971 894 Deus,
996 860 1025 888 et
1040 857 1172 896 simplex
1194 858 1225 887 in
1242 857 1362 887 nomine
1378 857 1560 896 tergemino.
1609 855 1694 890 Quid

226 899 324 939 aliud,
338 900 397 929 nisi
423 909 478 938 pro
495 899 633 929 amnibus
660 900 811 939 personis
827 900 935 930 dicam
950 900 960 930 ?
986 900 1066 935 Quis
1077 903 1180 940 posset
1195 901 1318 930 credere
1340 902 1370 930 te
1383 900 1519 940 potuisse
1534 899 1625 937 mori,
1640 898 1694 938 qui

222 944 348 980 poteras
360 942 522 972 restituere
537 943 633 972 vitam
644 940 659 973 ί)

842 1004 1077 1015 eeeeeeeeeeee

227 1058 317 1098 conj.
337 1059 539 1090 Heius-24
562 1063 649 1090 nocte
668 1061 796 1096 reclusa,
822 1061 873 1090 vel
901 1063 1007 1091 retusa
1022 1060 1112 1100 conj.
1130 1060 1334 1092 Heins.—27
1359 1057 1618 1101 Spirituumfons
1631 1068 1692 1099 pro

226 1099 364 1174 gepg'tilllus
391 1102 493 1132 insons
523 1102 730 1133 Barim—29
756 1103 842 1138 Quid
867 1104 927 1133 nisi
954 1113 1012 1143 pro
1041 1104 1160 1134 cunctis
1188 1104 1297 1143 (aliud
1327 1104 1395 1144 quis
1423 1104 1546 1134 credere
1571 1102 1694 1143 possit)

854 1313 1064 1361 XCIX.

569 1494 640 1535 49.
701 1490 1043 1534 MIRACULA
1067 1490 1346 1533 CHRISTI.

224 1593 469 1636 ANGELUS
492 1595 726 1647 alloquitur
749 1592 954 1640 Mariam,
975 1604 1063 1643 quo
1086 1591 1276 1644 praescia
1296 1591 1431 1631 verbo

283 1662 531 1715 Concipiat,
554 1662 680 1701 salva
699 1660 965 1712 virginitate,
988 1658 1146 1698 Deum.

225 1729 347 1770 Dant
365 1730 447 1768 tibi
471 1728 672 1769 Chaldaei
693 1727 941 1780 praenuntia
960 1738 1138 1766 munera
1158 1725 1320 1778 Reges,

284 1796 508 1850 Myrrham
530 1797 675 1844 homo,
697 1808 776 1835 rex
797 1807 968 1843 aurum,
992 1794 1170 1846 suscipe
1194 1794 1317 1833 thura
1339 1793 1478 1833 Deus.

224 1863 454 1904 Permutat
474 1863 676 1917 lymphas
697 1862 741 1902 in
763 1862 862 1901 vina
883 1861 1099 1915 liquentia
1121 1860 1324 1901 Christus
1344 1874 1353 1901 ε
1527 1851 1529 1855 ⁴
1659 1858 1688 1897 5

284 1930 388 1981 Quo
410 1933 595 1984 primurn
615 1930 735 1971 facto
758 1943 806 1970 se
827 1930 988 1983 probat
1009 1942 1105 1969 esse
1129 1928 1288 1969 Deum.

225 1998 434 2052 Quinque
455 1999 632 2052 explent
653 2010 803 2051 panes,
827 1998 975 2051 pisces
998 1997 1102 2046 duo,
1125 1997 1265 2037 millia
1285 1996 1504 2049 quinque:

280 2065 339 2107 Et
358 2066 480 2106 Deus
500 2079 556 2106 ex
579 2078 714 2119 parvo
735 2066 832 2119 plus
854 2077 1084 2118 superesse
1098 2065 1242 2119 jubet.

266 2164 405 2204 Angelus
432 2165 573 2196 Gabriel
597 2166 764 2196 annuntiat
791 2165 920 2202 Μανία),
947 2165 1085 2196 oratione
1111 2175 1170 2205 qua
1198 2164 1285 2204 prius
1311 2166 1396 2194 certa
1418 2161 1509 2201 facta
1536 2161 1690 2202 concipiat

224 2208 339 2247 Deum,
355 2210 474 2239 intucta
501 2209 697 2248 virginitate.
747 2209 849 2247 Reges
876 2208 1018 2238 Chaldaei
1038 2208 1132 2247 Magi
1156 2207 1293 2248 offerunt
1318 2205 1390 2244 tibi,
1406 2215 1425 2236 ο
1447 2204 1585 2244 Christe,
1609 2207 1690 2236 dona

223 2251 333 2282 nuntia
347 2252 589 2288 magnitudinis
604 2251 748 2289 futurae;
774 2257 808 2282 tu
823 2256 859 2281 ut
875 2251 963 2281 homo
978 2252 1090 2291 recipis
1106 2250 1276 2291 myrrham,
1292 2256 1329 2279 ut
1342 2258 1399 2279 rex
1413 2258 1534 2285 aarum,
1548 2251 1586 2278 ut
1602 2247 1691 2278 Deus

223 2294 328 2325 thura.
376 2294 520 2325 Christus
535 2298 636 2326 mutat
651 2305 763 2335 aquam
780 2295 812 2325 in
838 2295 942 2325 vinum
957 2294 1106 2333 optimum
1117 2304 1129 2331 ;
1153 2303 1210 2333 quo
1227 2293 1372 2323 miraculo
1392 2291 1528 2331 primum
1553 2290 1688 2321 ostendit

222 2345 254 2366 se
269 2346 332 2367 esse
341 2336 458 2368 Deum.
481 2338 585 2368 Panes
599 2338 729 2378 quinque
743 2340 773 2368 et
788 2339 847 2368 duo
861 2336 962 2377 pisces
973 2336 1091 2366 satiant
1103 2336 1235 2377 quinque
1248 2336 1347 2366 millia
1357 2334 1538 2373 hominum,
1553 2336 1583 2364 et
1599 2333 1688 2364 Deus

881 2412 1025 2445 NOTAE

267 2477 284 2506 1
308 2476 502 2517 Alloquitur]
526 2476 567 2507 In
580 2478 721 2510 civitate
736 2480 745 2496 ⁴
760 2479 927 2520 Galilaeae,
980 2487 1135 2516 munera,
1153 2485 1283 2515 aurum,
1296 2475 1386 2513 thus,
1399 2477 1435 2505 et
1449 2471 1659 2514 myrrham!

222 2524 277 2557 cui
292 2535 413 2557 nomen
431 2528 461 2558 N
466 2528 626 2558 azareth!
1023 2533 1041 2559 5
1067 2529 1234 2559 Permutat
1254 2525 1395 2566 lymphas
1416 2523 1557 2564 int-ina]
1578 2525 1588 2540 ⁴
1607 2523 1684 2554 Hoc

266 2577 286 2607 2
325 2577 505 2617 concipiat]
538 2577 546 2593 ‘
571 2577 663 2609 Ecce
689 2579 861 2619 concipies
890 2579 925 2610 in
980 2579 1062 2611 fecit
1088 2578 1218 2609 initium
1241 2577 1412 2617 signorum
1436 2576 1536 2607 Jesus
1562 2574 1595 2604 in
1621 2573 1685 2604 Ca·

222 2630 333 2667 utero,
348 2632 383 2658 et
397 2628 534 2668 paries‚'
549 2631 615 2659 διο.
980 2640 1023 2661 na
1047 2629 1213 2668 Galilaeae,
1235 2632 1269 2658 et
1291 2624 1526 2658 manifestavit
1541 2624 1683 2665 gloriam

265 2679 283 2707 3
308 2678 397 2709 Dant
414 2679 553 2709 Chaldaez·
567 2688 695 2710 munera
708 2679 825 2720 Reges]
838 2679 846 2694 ‘
862 2680 925 2710 Ec·
977 2680 1093 2713 suam.’

222 2737 263 2759 ce
278 2728 371 2769 Magi
396 2729 437 2760 ab
463 2730 595 2760 oriente
614 2734 815 2761 venerunt...
831 2734 866 2761 et
891 2740 924 2760 a·
1022 2736 1042 2764 8
1059 2733 1137 2763 Plus
1147 2730 1410 2773 superessejubet]
1432 2730 1441 2747 ‘
1459 2729 1684 2771 Collegerunt

221 2778 332 2819 pertis
363 2779 530 2812 thesauris
560 2780 630 2812 suis
661 2781 859 2813 obtulerunt
893 2782 924 2813 ei
979 2791 1060 2825 ergo
1077 2787 1113 2814 et
1128 2782 1356 2824 impleverunt
1372 2780 1553 2813 duodecim
1569 2779 1683 2822 cophi-
