1852 3182
626 203 959 233 F'ESGENNJNA.

65 302 171 332 ludant
189 311 254 332 non
271 310 359 340 reges
374 303 409 331 et
421 299 525 330 ludent
538 298 679 329 Lucens.
697 298 764 338 Gy-

65 352 149 383 rald.
162 356 196 383 et
209 351 264 382 alii
278 351 418 391 aliquot.
432 357 517 379 unus
528 348 651 378 Petav.
670 349 764 378 Plau-

64 404 204 443 dentque.
218 401 307 441 quod
321 399 461 430 arridet.
474 398 522 429 nil
534 403 627 428 muto
640 404 764 430 tamen.

61 453 242 491 Silius,lib.
255 461 330 482 xvr.
354 451 362 467 ‘
379 454 414 480 et
427 448 589 489 plurimus
602 448 690 479 idem
704 450 765 480 Lu-

64 503 175 535 demis
192 513 252 543 per
268 503 356 533 colla
372 499 502 530 comte?
531 500 576 531 D.
597 499 708 530 Heius.

107 557 147 585 12
169 554 348 592 Ludentque
364 550 462 581 ventis
483 549 641 580 instabiles
657 549 765 589 comae]

61 604 186 643 Magna
229 601 418 632 venustatis
454 600 615 631 accessio.
647 609 686 630 n.
722 600 764 630 de

61 653 198 693 Rapta:
223 655 231 669 ‘
250 651 394 682 Brachia
417 650 505 682 nuda
532 651 656 688 nitent,
685 650 763 680 levi-

61 703 124 735 bus
142 703 338 743 projecerat
354 701 453 733 Euris
465 700 639 732 Indociles
652 709 766 731 errare

62 754 198 786 comas!
236 752 370 784 AEneid.
398 760 422 783 1.
438 751 613 791 Virgilius,
637 752 646 767 ‘
664 750 766 781 dede-

61 808 182 846 ratque
220 813 350 835 comam
396 800 588 833 diffundere
636 800 768 831 ventis.’

61 855 179 887 Barth.

105 907 144 936 13
172 903 253 935 Telis
271 902 420 941 jacebunt
448 904 554 941 sponte
586 900 650 931 tuis
670 898 768 939 serae]

61 955 110 986 Ut
137 954 288 985 sentiant
319 952 458 983 formam
490 950 764 991 Imperatoriam.

64 1005 161 1036 Idem.

105 1058 145 1087 14
168 1053 247 1094 Leo]
273 1053 429 1085 Hernica
446 1051 593 1082 Venatio
610 1050 766 1089 Principi

60 1103 172 1135 datur.
227 1104 399 1143 Josephus
426 1101 616 1139 Devonius,
642 1100 700 1131 lib.
717 1109 767 1131 vu.

57 1154 66 1171 ‘
86 1151 230 1185 Inflictis
246 1151 573 1192 gaudetjaculis‚et
588 1155 695 1181 morte
713 1159 768 1180 su-

60 1203 194 1247 perbit?
219 1203 318 1233 Idem.

105 1257 145 1285 16
184 1251 370 1291 Reversum]
406 1252 457 1283 Ex
487 1252 587 1291 Fato,
626 1249 768 1281 alternis

59 1303 301 1336 Semestribus.
324 1301 413 1332 Vide
430 1301 620 1342 Hyginum.
646 1301 745 1331 Idem.

105 1354 235 1395 Spernit
251 1353 439 1393 Adonidem]
463 1351 604 1382 Rectius
625 1353 768 1390 spernat.-

62 1411 97 1437 et
125 1406 251 1436 damnet
266 1403 394 1434 Moreti
415 1401 501 1432 liber
524 1405 560 1431 et
586 1410 672 1431 unus
689 1399 768 1430 Am-

64 1456 153 1486 bros.
177 1454 221 1485 D.
243 1453 353 1484 Heius.

107 1507 146 1536 17
176 1503 332 1542 Vir-bium]
356 1501 444 1533 Vide
468 1501 625 1532 Servium
652 1499 694 1531 ad
715 1499 769 1531 AE-

65 1555 154 1586 neid.
171 1563 234 1585 v11.
261 1553 376 1584 Barth.

107 1608 146 1636 18
170 1604 234 1635 Sub
246 1604 367 1644 platani
383 1601 476 1642 voles]
505 1601 591 1631 Haec
608 1610 687 1631 vera
701 1600 769 1630 lec-

63 1656 135 1687 tio:
161 1656 325 1694 aliifflces,
342 1655 395 1685 vel
412 1663 488 1684 cum
502 1651 648 1691 vulgatis
665 1651 769 1681 cubes.-

64 1706 152 1746 quod
179 1704 269 1736 sorte
297 1715 339 1736 ex
364 1703 447 1735 lubet
464 1703 517 1733 vel
533 1702 624 1740 jubet
640 1707 769 1732 natum.

62 1757 142 1787 vires
164 1754 354 1796 prim.Vat.
377 1759 412 1785 et
435 1754 573 1784 Farnes.
599 1752 642 1783 D.
657 1751 768 1782 Heius.

107 1805 251 1845 Platani]
277 1804 388 1835 Arbor
413 1802 608 1834 umbrarum
635 1800 769 1831 nomine

64 1855 405 1888 commendatissima.
429 1853 546 1885 Barth.

107 1910 148 1938 19
173 1907 285 1937 Gelido
300 1905 405 1945 specu]
443 1904 609 1934 Divorum
639 1910 769 1932 morem

65 1957 243 1988 aemulatur
260 1956 312 1986 liic
331 1955 508 1993 Princeps.
534 1952 632 1982 Idem.

107 2010 149 2038 20
176 2003 417 2043 Torrentiorem]
456 2002 691 2043 Rapidiorem,
717 2002 772 2031 vel

66 2062 101 2088 et
118 2055 339 2087 urentiorem.
373 2054 531 2094 Utraque
553 2052 642 2083 enim
665 2051 714 2082 vis
738 2050 772 2081 in

1407 197 1517 238 1387

819 307 914 328 voce.
941 298 1036 328 Idem.

862 353 901 380 21
927 349 1038 381 Somno
1065 348 1238 389 resolveris]
1278 349 1410 380 Groecis
1435 356 1520 382 λυσι-

818 398 915 437 μέλης
932 410 1066 430 somnus
1081 399 1253 430 alluditur.
1280 400 1378 430 Idem.

862 453 902 481 23
922 448 1187 488 Ancipitigraau]
1211 449 1342 486 Dubio;
1361 458 1521 490 suspenso

820 500 909 530 iuter
925 510 1017 539 spem
1035 506 1069 530 et
1086 504 1222 530 metum.
1250 500 1345 530 Idem.

862 553 901 580 ‘25
928 550 1058 580 Acer-his
1071 549 1211 590 Scythis]
1238 549 1343 579 Diris.

862 600 1010 641 Scythas]
1034 600 1162 631 Notum
1185 599 1243 629 lios
1269 609 1330 638 pro
1357 598 1437 633 ferie
1464 600 1523 630 {m-

820 650 1041 690 manibusque
1057 649 1256 680 mortalibus
1274 648 1352 680 dici.
1377 649 1494 680 Barth.

863 703 905 731 26
931 699 1046 739 Corde]
1068 700 1154 730 Toto
1171 707 1283 737 sensu,
1301 699 1390 729 omni
1407 705 1522 740 captu.

823 750 921 782 Idem.

865 803 905 830 27
943 799 1116 830 Micantem
1153 799 1196 839 te]
1240 798 1370 829 Sideris
1410 798 1524 830 instar.

824 850 921 880 Idem.

866 901 907 929 28
936 899 1025 929 Ultro
1055 898 1215 929 servitium
1236 897 1322 938 pati]
1362 897 1524 929 Adulatio

823 949 1050 989 panegyrica.
1075 950 1170 980 Idem.

864 1004 905 1032 30
945 1002 1088 1042 Collaque
1115 1006 1221 1040 poscat
1257 1002 1380 1032 vincula
1413 1001 1525 1046 libero]

822 1051 1040 1082 Incredibilis
1058 1051 1218 1082 adulatio.
1244 1051 1339 1082 Idem.

865 1103 903 1131 31
932 1100 1104 1140 Caucasus]
1129 1101 1239 1132 Notus
1253 1111 1347 1131 mons
1363 1101 1525 1141 Scythiae.

823 1150 920 1181 Idem.

867 1203 907 1231 34
933 1199 1019 1231 Sexu
1034 1199 1172 1240 recepto]
1200 1199 1360 1230 Muliebri
1379 1199 1527 1240 ingenio.

866 1249 977 1280 Patris
1003 1253 1032 1280 et
1059 1249 1231 1289 immemor]
1266 1250 1402 1289 Martis,
1428 1250 1526 1290 cnjus

823 1299 892 1330 filia
910 1300 1110 1341 Hippolyte.
1135 1299 1306 1340 Hyginus,
1332 1300 1416 1331 Fal).
1441 1309 1527 1332 xxx.

823 1350 941 1380 Barth.

866 1403 907 1431 86
931 1400 1084 1440 Securim]
1117 1399 1202 1431 Quae
1227 1404 1400 1430 armatura
1426 1399 1528 1430 Ama-

823 1450 953 1480 zonica.
978 1450 1076 1480 Idem.

867 1503 905 1530 37
931 1499 1095 1530 Seminudo
1124 1499 1258 1539 pectore]
1297 1499 1446 1529 Mamma
1473 1507 1530 1530 ex-

825 1555 912 1582 erta.
936 1550 1034 1580 Idem.

867 1603 909 1631 38
934 1601 1091 1638 Negatum
1106 1598 1252 1638 Herculi]
1276 1598 1456 1629 Suntenim
1470 1598 1530 1639 qui

826 1650 964 1681 tradant
980 1658 1044 1679 non
1061 1649 1124 1679 nisi
1146 1649 1309 1678 extinctae
1326 1648 1456 1678 detrahi
1471 1657 1530 1688 po-

827 1701 933 1732 tuisse
949 1700 1052 1730 etiam
1069 1699 1112 1729 ab
1132 1698 1292 1729 Hercule.
1318 1698 1415 1728 Idem.

867 1753 908 1781 39
930 1750 1114 1789 Bellumque
1139 1749 1219 1778 solus
1239 1747 1401 1789 conficeret
1426 1747 1530 1787 decor]

826 1802 912 1831 Sunt
927 1800 1017 1830 enim
1043 1803 1079 1830 et
1103 1798 1315 1839 speciositati
1342 1807 1401 1828 sua
1426 1806 1529 1829 arma.

825 1850 924 1880 Idem.

867 1902 909 1930 40
933 1899 1013 1930 Mox
1021 1898 1125 1936 saciet
1142 1897 1258 1938 virum]
1294 1897 1369 1928 Noa·
1385 1895 1530 1936 Gyrald.

826 1950 969 1981 Lucens.
985 1953 1021 1979 et
1042 1947 1109 1978 duo
1134 1947 1191 1978 alii
1213 1952 1293 1978 ‘cum
1312 1946 1530 1977 Farnesiano.

827 2000 871 2031 D.
889 1999 1002 2029 Heius.

875 2047 998 2087 Virum]
1024 2047 1200 2078 Maritum.
1222 2047 1338 2078 Barth.

739 2234 860 2276 XII.

110 2361 213 2393 Duos
239 2364 433 2401 postremos
467 2368 586 2390 versus
627 2358 772 2397 singula-

68 2420 143 2442 rum
157 2411 371 2451 stropharum
396 2410 496 2450 hujus
514 2409 602 2441 Odae
619 2409 652 2440 in
671 2418 772 2439 unum

68 2461 235 2495 coaluisse
253 2461 367 2492 videas
378 2461 410 2492 in
425 2461 541 2491 multis
554 2460 702 2500 antiquis
719 2469 773 2489 co-

69 2511 216 2543 dicibus.
262 2512 388 2543 Contra
403 2512 551 2549 singulos
569 2521 682 2540 versus
711 2508 775 2540 ode

69 2563 225 2602 proxima
243 2565 272 2592 in
296 2563 380 2593 duos
408 2563 561 2593 dividunt
579 2560 772 2593 Cluveriaui

71 2612 216 2644 codices.
240 2614 282 2644 D.
298 2614 408 2645 Heius.

115 2665 132 2694 1
161 2664 280 2695 Cuncta
291 2664 398 2704 tellus]
432 2664 572 2704 Nuptiae
591 2663 679 2694 enim
707 2662 774 2692 Irn-

73 2718 268 2755 peratorum
303 2714 473 2755 publicam
502 2712 653 2745 inferunt
692 2711 777 2743 laeti-

826 2356 923 2394 tiam,
946 2353 1082 2395 publica
1101 2351 1263 2392 tripudia.
1308 2350 1365 2382 Ita
1387 2349 1531 2390 populus

828 2408 980 2438 Coronas
1020 2404 1186 2441 sumebat,
1211 2402 1350 2434 choreas
1386 2399 1533 2431 ducebat

830 2468 891 2498 per
915 2457 1025 2493 urbes,
1049 2454 1215 2485 communi
1232 2452 1376 2493 quodam
1399 2449 1532 2491 generis

831 2509 964 2539 humaui
984 2507 1083 2537 festo.

877 2557 1021 2598 Nuptialz'
1036 2555 1120 2595 vere]
1145 2556 1234 2585 Vere
1259 2552 1387 2582 nubunt
1411 2548 1531 2580 onmia.

834 2609 949 2639 Barth.

875 2662 893 2690 3
921 2659 1014 2690 Toros
1028 2655 1152 2694 heriles]
1170 2652 1327 2684 Omnium
1341 2657 1463 2684 rerum,
1478 2655 1529 2677 so-

830 2710 902 2741 lens
919 2718 980 2740 suo
995 2715 1100 2746 more,
1131 2701 1299 2735 dominum
1324 2698 1406 2729 facit
1422 2697 1533 2738 Impe-
