1852 3182
378 233 451 263 en.
486 230 764 261 cmunmm
802 229 942 260 κων.
978 232 1240 264 nummum.
1420 226 1525 268 1077

75 327 328 368 Sonuit-atur
347 327 494 378 equis;
525 325 757 377 vicinaque
778 325 958 365 verbera
981 326 1131 375 sentit,

78 393 275 433 Humida
295 392 453 432 roranti
473 396 677 431 resonant
699 403 800 431 cum
823 391 974 431 limina
995 404 1134 441 curru,

78 459 198 500 Unde
217 460 341 499 rubet
359 461 537 498 ventura
558 457 666 507 dies,
689 459 902 512 longeque
925 459 1124 499 coruscis
1502 474 1528 497 -)

72 525 182 566 Nox
203 525 350 565 afflata
368 525 474 565 rotis
495 523 643 576 refugo
666 525 872 577 pallescit
892 527 1070 566 amictu.

75 592 188 632 Haec
207 591 449 632 fortunatus
471 592 651 631 nimium
673 591 881 631 Titanius
903 593 994 632 ales

73 659 222 712 Regna
241 660 359 708 colit,
384 660 589 712 Solisque
608 660 739 713 plaga
759 659 962 700 defensus
983 659 1134 712 iniqua

70 726 275 767 Possidet
293 728 483 768 intactas
505 727 636 778 aegris
659 726 960 767 animantibus
981 738 1105 776 oras3

71 794 203 834 Saeva
223 806 305 834 nec
326 793 501 834 humani
521 794 685 846 patitur
706 795 909 846 contagia
927 793 1102 833 mundi:

70 859 157 900 Par
175 861 351 901 volucer
372 860 579 913 Superis;
613 860 760 900 stellas
783 860 857 912 qui
878 859 1055 899 vividus
1079 864 1229 913 aequat

1475 796 1529 834 10

68 957 161 997 sylva
179 959 282 998 prima
307 958 451 997 tangitur
477 958 519 988 ab
543 958 629 997 equis
659 956 874 988 anhelantibus
898 957 997 996 Solis
1027 961 1057 986 et
1084 957 1226 994 tangitur
1250 967 1384 998 quoque
1396 958 1527 999 flagello

57 999 212 1041 finitimo,
229 1011 295 1031 cum
308 1004 399 1040 porta
414 1002 474 1031 uda
497 1003 641 1040 personat
668 1009 758 1029 curru
787 1000 919 1037 roscido,
941 1009 981 1029 ex
1007 1009 1065 1038 qua
1090 1005 1192 1039 porta
1215 1000 1270 1030 [απ
1296 1001 1454 1033 nascitura
1478 1012 1528 1032 ru-

68 1042 177 1080 bescit,
202 1047 233 1073 et
260 1045 366 1082 procul
381 1053 443 1073 nox
469 1052 612 1082 percussa
641 1043 720 1072 rotis
748 1041 942 1079 micantibus,
970 1041 1062 1080 pallet
1089 1045 1171 1071 vesle
1201 1046 1405 1074 evanescente.
1449 1044 1530 1074 Avis

67 1083 188 1115 Solaris
203 1085 344 1115 Phoenix
363 1085 448 1122 felix
469 1085 694 1119 nimisfkabitat
715 1084 793 1114 hanc
816 1093 913 1122 oram,
939 1086 969 1114 et
993 1087 1092 1113 tectus
1114 1085 1238 1122 regione
1260 1084 1341 1114 Solis
1364 1086 1526 1125 inaccessa,

66 1130 149 1157 tenet
176 1131 294 1157 tractus
317 1128 399 1157 haud
422 1128 553 1158 calcatos
579 1126 762 1157 animalibus
789 1126 921 1164 misem,
936 1135 1031 1165 neque
1045 1126 1112 1164 sert
1137 1127 1349 1165 contagionem
1375 1128 1528 1158 crudelem

66 1169 256 1200 contubernii
284 1170 460 1200 hominum:
482 1171 548 1200 avis
576 1170 687 1200 similis
714 1169 811 1204 Diis;
839 1178 907 1208 quae
934 1169 1029 1199 vivax
1054 1169 1226 1209 aequiparat
1256 1171 1359 1199 sidera
1387 1170 1527 1210 virendo,

679 1254 914 1265 aeaeaeaeaeaeaeaeaeaeaeae

68 1315 135 1346 LL.
152 1315 389 1348 ed.Antv.—3
412 1319 501 1358 aquis
526 1327 587 1358 pro
614 1318 697 1358 equis
722 1318 845 1348 Petav.
862 1327 912 1357 pr.
944 1316 1042 1348 sensit
1057 1315 1175 1348 Ambr.
1193 1319 1308 1357 piu—4
1336 1317 1447 1348 Vivida
1465 1327 1527 1357 pro

68 1358 210 1389 Humida
227 1360 332 1390 Oisel.
355 1362 480 1391 conanti
499 1370 559 1401 pro
574 1361 696 1391 roranti
715 1359 841 1390 Buslid.
875 1360 924 1390 cui
941 1359 1020 1390 Vat.
1038 1359 1082 1390 A.
1117 1360 1235 1390 lumina
1250 1360 1331 1390 Vat.
1347 1369 1416 1391 sec.
1434 1364 1469 1390 et
1486 1359 1527 1391 D.

67 1400 184 1432 Ambr.
202 1407 279 1432 tert.
297 1402 417 1433 Petav.
435 1412 502 1433 sec.
516 1403 645 1433 Buslid.
662 1401 768 1433 Hafn.
786 1402 862 1432 cod.
880 1402 998 1441 Epigr.
1024 1401 1140 1433 Ambr.
1161 1403 1243 1432 Var.
1269 1402 1337 1433 LL.
1350 1402 1403 1433 ed.
1420 1401 1530 1432 Antv.

65 1453 138 1473 casu
153 1444 231 1475 Vat.
248 1454 315 1475 sec.
348 1454 437 1475 cursu
451 1445 517 1475 duo
540 1445 635 1475 Vatt.
667 1445 761 1474 Rott.
791 1443 893 1474 Hat'n.
911 1444 1039 1474 Buslid.
1055 1444 1205 1475 Florent.
1220 1444 1347 1475 Moret.
1364 1454 1414 1484 pr.
1432 1443 1527 1475 Med.

68 1494 134 1516 sec·
163 1486 241 1517 Put.
270 1487 353 1517 Exc.
382 1488 524 1517 Lucens.
553 1496 603 1525 pr.
631 1487 710 1516 ΑΜ.
739 1486 820 1516 Var.
849 1486 914 1516 LL.
942 1495 961 1516 e
988 1495 1095 1526 marg.
1121 1486 1236 1516 Parm.
1261 1491 1295 1516 et
1311 1486 1363 1516 ed.
1381 1486 1529 1517 Antv.—

66 1531 84 1558 5
110 1527 188 1558 Inde
215 1538 274 1568 pro
305 1529 394 1558 Unde
423 1528 627 1568 conjiciebat
660 1528 831 1557 Heinsius.
862 1528 951 1565 J'ubet
969 1537 1029 1567 pro
1049 1528 1138 1558 rubet
1158 1528 1351 1559 Buslid.—-6
1373 1528 1450 1559 rotis
1474 1528 1529 1559 vel

67 1569 168 1600 nothis
183 1570 279 1601 Roxt.
319 1570 384 1601 Hic
401 1570 506 1600 Hat'n.
524 1570 617 1600 Med.
633 1579 703 1600 sec.
726 1569 854 1599 ssuslid.
872 1568 990 1600 Ambr.
1008 1574 1089 1600 tert.
1130 1570 1198 1601 Nec
1214 1571 1299 1600 Exc.
1318 1571 1463 1601 Lucens.
1475 1579 1530 1611 pr.

66 1615 127 1643 -7
141 1612 296 1644 Junonius
309 1614 373 1643 ales
395 1613 515 1643 Sched.
533 1612 690 1643 Gud.—s
715 1612 826 1650 Regna
842 1614 923 1641 tenet
938 1610 1058 1641 Ambr.
1076 1616 1154 1642 tert.
1178 1612 1250 1642 solis
1262 1612 1366 1641 Oisel.
1389 1614 1527 1652 solusque

66 1654 146 1687 Vat.
163 1664 214 1695 pr.
233 1656 350 1686 Ambr.
368 1665 416 1695 pr.
433 1665 476 1686 m.
493 1664 561 1685 sec.
585 1654 725 1694 Solisque
741 1654 807 1684 duo
824 1653 917 1683 Vatt.
943 1654 1023 1684 item
1048 1652 1091 1685 A.
1105 1658 1141 1684 et
1162 1655 1207 1684 D.
1223 1655 1318 1684 Rott.
1335 1653 1439 1685 Hafn.
1456 1655 1529 1685 Flo-

67 1702 154 1728 rent.
183 1697 275 1729 Med.
301 1707 368 1729 sec.
392 1699 455 1729 inc.
484 1697 603 1728 Heins.
633 1697 700 1727 duo
726 1695 844 1727 Ambr.
872 1696 951 1726 Put.
977 1695 1043 1726 duo
1067 1696 1187 1727 Petav.
1203 1697 1328 1726 Moret.
1347 1705 1397 1736 pr.
1413 1706 1457 1726 m.
1476 1706 1528 1737 pr.

68 1738 179 1771 Oxon.
197 1750 266 1771 sec.
283 1740 360 1771 cod.
383 1741 501 1781 Epigr.
530 1739 648 1770 Ambr.
677 1740 761 1770 Exc.
791 1739 936 1769 Lucens.
963 1748 1012 1779 pr.
1038 1738 1160 1769 Sched.
1191 1738 1282 1769 Gud.
1310 1739 1389 1770 Var.
1414 1738 1482 1770 LL.
1510 1748 1529 1769 e

66 1791 169 1821 marg.
183 1782 298 1813 Parm.
331 1784 446 1823 plaga:
471 1783 589 1813 deerat
614 1783 687 1812 haec
711 1791 775 1812 vox
792 1780 886 1812 Med.
903 1791 971 1811 sec.
988 1781 1044 1821 qui
1062 1780 1204 1819 defensus
1217 1781 1322 1821 inique
1337 1780 1531 1813 exhibet.—

66 1826 87 1854 9
109 1825 236 1856 intactis
248 1826 329 1856 Vat.
350 1830 429 1857 tert.
452 1825 580 1856 alitibus
596 1824 727 1855 Buslid.
758 1823 942 1854 animalibus
955 1824 1034 1854 Vat.
1051 1828 1132 1854 tert.
1171 1824 1379 1854 animantibus
1393 1824 1474 1854 Vat.
1488 1823 1530 1855 A.

68 1865 172 1897 Hasn.
196 1868 262 1899 inc.
292 1868 411 1899 Heins.
447 1868 555 1899 herbas
580 1877 640 1907 pro
669 1876 739 1897 oras
761 1867 883 1897 Petav.
901 1869 1041 1906 pr.—10
1064 1876 1126 1906 pro
1144 1866 1236 1897 Saeva
1253 1866 1414 1897 Heinsius
1435 1866 1526 1896 Loera
1559 1871 1562 1874 ⁴

67 1909 120 1940 vel
136 1909 243 1941 Scoeva
260 1910 479 1951 conjiciebat.
509 1911 612 1950 patrii
636 1919 696 1950 pro
719 1910 842 1950 patitur
858 1909 940 1939 Var.
957 1908 1026 1939 LL.
1043 1909 1098 1939 ed.
1117 1908 1219 1939 Antv.
1235 1918 1280 1939 m.
1296 1919 1344 1949 pr.
1382 1909 1527 1939 mundum

68 1951 283 1984 Buslid.—11
308 1954 442 1984 volucres
457 1954 536 1984 Vat.
554 1963 605 1993 pr.
622 1953 728 1984 Oisel.
763 1952 920 1983 volucrum
935 1952 1020 1983 Exc.
1039 1951 1118 1983 Pat.
1135 1961 1203 1982 rec.
1223 1951 1276 1991 qui
1292 1952 1395 1983 stellas
1411 1951 1529 1983 Ambr.

726 2028 870 2060 NOTAE

107 2103 126 2131 3
170 2101 306 2133 Verbera
333 2103 444 2143 sentit]
497 2104 549 2133 Ex
579 2101 767 2134 Claudiano

65 2150 210 2182 Phoenix
227 2152 322 2192 degit
339 2153 370 2182 in
388 2162 428 2183 eo
450 2153 536 2191 loco,
553 2153 609 2192 qui
627 2152 767 2191 propius

65 2202 216 2242 tangitur
253 2203 372 2233 iisdem
405 2203 616 2240 verberibus,
644 2202 767 2242 quibus

65 2254 121 2284 Sol
138 2253 284 2294 impellit
300 2262 404 2293 equos
421 2253 500 2283 dum
518 2252 680 2283 exoritur.

105 2306 126 2334 6
152 2304 228 2334 Nox
253 2304 359 2344 afflata
386 2303 479 2344 rotis]
507 2304 583 2334 Nox
605 2312 766 2343 percussa

66 2353 159 2385 velut
190 2360 291 2385 vento
322 2358 358 2385 et
392 2354 579 2395 agitatione
618 2359 766 2385 rotarum

65 2411 182 2434 currus
209 2404 310 2442 Solis,
337 2404 391 2434 vel
421 2402 535 2434 afflata
566 2409 601 2434 et
628 2404 767 2444 expulsa

66 2453 213 2485 anhelitu
240 2463 404 2494 equorum
420 2454 508 2484 Solis
527 2458 617 2484 rotas
640 2453 766 2484 mican-

67 2507 118 2535 tes
149 2505 367 2542 trahentium,
395 2505 502 2545 pallet
525 2510 560 2535 et
578 2505 765 2536 evanescit.

65 2554 143 2586 Nox
159 2556 310 2596 pingitur
321 2565 398 2586 cum
417 2560 512 2586 veste
529 2556 636 2595 nigra.

106 2607 125 2634 7
150 2606 292 2635 Titanius
319 2605 395 2644 ales]
434 2607 443 2622 ‘
463 2608 602 2636 Sacrum
633 2606 700 2636 Soli
729 2606 763 2636 id

64 2653 210 2684 animal?
232 2656 379 2686 Tacitus.
417 2655 474 2686 Sol
496 2660 609 2686 autem
637 2655 763 2686 dicitur

65 2702 244 2743 aliquando
261 2705 366 2745 Titan,
382 2709 417 2736 et
435 2704 577 2736 Titanius
603 2704 693 2736 idem
710 2710 764 2737 est

66 2761 107 2784 ac
123 2753 254 2785 solaris.

866 2104 886 2132 8
910 2102 1015 2141 Plaga
1039 2102 1161 2143 iniqua]
1184 2100 1358 2133 Defensus
1384 2101 1529 2133 Phoenix

823 2151 864 2182 ab
882 2152 1109 2183 insectatione
1136 2152 1322 2191 hominum,
1338 2152 1417 2193 quia
1433 2151 1529 2193 degit

821 2202 854 2232 in
878 2203 1018 2243 regione
1035 2202 1161 2242 iniqua,
1174 2203 1237 2233 boc
1252 2207 1317 2241 est,
1335 2203 1432 2233 nimis
1448 2202 1529 2234 cali-

822 2251 866 2283 da
889 2253 931 2283 ob
955 2253 1042 2283 Solis
1072 2252 1376 2293 propinquitatem,
1392 2262 1467 2294 quae
1485 2252 1527 2284 ab

802 2339 804 2341 ,
820 2303 884 2333 hoc
903 2304 974 2333 loco
991 2308 1088 2333 arcet
1104 2302 1268 2333 homines.

864 2356 885 2383 9
908 2353 1052 2384 Possidet
1083 2352 1233 2392 intactas]
1271 2353 1377 2384 Venit
1412 2357 1529 2384 tamen

820 2403 854 2434 in
871 2403 986 2434 orbem
1012 2404 1203 2434 hominibus
1221 2404 1432 2442 habitatum;
1449 2414 1526 2435 nam

820 2454 892 2485 haec
916 2455 987 2484 avis
1012 2454 1083 2484 visa
1109 2454 1142 2484 in
1162 2454 1324 2496 Aigypto,
1338 2464 1381 2485 ex
1394 2454 1526 2493 Tacito,

821 2510 856 2535 et
875 2505 907 2534 in
925 2505 999 2534 aliis
1017 2505 1108 2535 locis.

864 2555 976 2594 AEgris
991 2555 1215 2595 animantibus]
1248 2556 1356 2594 Bene,
1370 2554 1527 2586 animalia

818 2605 944 2646 quippe
974 2604 1132 2636 videntur
1171 2612 1254 2636 nata
1296 2605 1338 2636 ad
1365 2603 1524 2635 ferendos

817 2655 952 2686 morbos
995 2655 1280 2696 devorandasque
1330 2653 1523 2685 molestias:

818 2705 908 2737 unde
934 2710 970 2736 et
992 2706 1082 2746 apud
1100 2706 1281 2747 Virgilium
1298 2713 1390 2745 saepe
1409 2706 1417 2720 ‘
1437 2711 1523 2733 mor-

821 2755 947 2787 talibus
962 2755 1087 2797 aegris.’
