1852 3182
517 258 580 287 DE
614 257 686 286 111.
717 256 856 286 CONS.
890 255 1075 286 HONOR.

68 353 149 386 ber:
174 363 283 395 neque
298 353 396 384 aliter
413 353 540 388 noster,
562 348 677 386 Silius,
695 348 768 379 Sta-

69 405 151 443 tius,
176 405 231 435 alii
249 402 383 444 passim.
406 398 504 429 Vidit
516 398 697 438 genuinam
715 398 768 428 liic

67 454 135 485 loci
163 454 364 494 scripturam
389 449 478 480 curis
506 447 665 479 secundis
690 448 771 478 Bar-

70 505 171 535 thius.
197 504 238 534 D.
257 501 366 533 Heius.

117 554 159 585 Te
178 554 303 594 propter
326 553 355 580 et
379 548 473 588 Alpes
496 546 623 578 Invadit
640 545 772 586 faciles]

73 606 160 637 Sane
186 611 248 643 pro
273 600 438 631 miraculo
467 598 545 637 fuit,
574 602 641 628 tam
671 601 773 627 cauto

71 655 170 692 hosti,
182 656 233 684 tot
249 649 463 681 victoriarum
481 649 646 689 compoti,
668 648 776 687 Alpes

71 703 274 745 praecepisse
285 701 338 732 vel
351 699 645 740 extorsisse,quod
659 698 777 730 scribit

69 754 288 791 Sozomenus,
314 760 379 783 vn.
396 753 449 781 24.
467 760 544 781 cuin
561 751 647 789 allis,
665 749 777 780 Theo—

71 804 215 836 dosium.
238 803 356 834 Barth.

114 856 156 884 90
182 853 283 884 Cauta
304 852 402 893 hosti]
439 851 666 889 Arbogastcm
695 851 779 882 dicit

73 904 175 936 laude
201 903 329 935 bellica
362 907 397 934 et
428 902 609 943 prudentia
637 901 781 932 clarissi-

74 965 178 987 mum.
204 956 305 986 Idem.

116 1009 153 1038 91
185 1006 319 1037 Munitis
345 1005 466 1036 hoesisse
492 1003 580 1043 Iocis]
617 1002 782 1043 Sequitur

77 1065 134 1087 eos
164 1057 221 1097 qui
251 1055 467 1094 Arbogasten
503 1054 616 1084 aditus
644 1052 782 1091 Alpium

77 1106 248 1137 obsedisse
267 1105 404 1136 tradere
419 1105 559 1135 malunt.
584 1102 672 1132 Vide
685 1104 782 1133 Sozo-

77 1165 165 1187 meu.
181 1164 246 1186 vu.
262 1158 316 1186 22.
333 1160 367 1185 et
385 1157 437 1185 24.
465 1154 560 1183 Idem.

120 1209 162 1237 92
187 1205 344 1245 Revuzsis]
379 1204 616 1244 Tempestatis
643 1202 708 1233 vim
736 1202 786 1234 ait

78 1257 234 1298 scopulos
262 1257 356 1296 ipsos
384 1255 576 1294 dimisisse,
606 1258 643 1284 ut
674 1253 786 1284 aditus

77 1310 215 1347 pateret
229 1305 428 1337 Theodosio.
454 1306 551 1336 Idem.

122 1359 163 1388 93
187 1357 300 1397 Aquilo
314 1357 351 1387 ‹Ie
376 1359 479 1387 moute
491 1355 649 1397 procellis]
682 1354 788 1385 Mira-

80 1407 324 1440 culosissimam
342 1416 412 1437 rem
430 1406 666 1437 nonnullorum
684 1405 789 1444 scrip-

83 1463 195 1490 torum
208 1457 321 1488 verbis
335 1465 536 1497 proponam.
570 1455 792 1495 Augustinus,

83 1509 142 1540 lib.
160 1518 193 1539 κ’.
212 1508 254 1539 de
274 1508 348 1539 Cir.
365 1507 443 1545 Dei,
460 1517 536 1547 cap.
554 1510 606 1539 213.
630 1509 639 1524 ‘
657 1506 790 1537 Milites

83 1559 194 1597 nobis,
211 1558 266 1599 qni
281 1558 437 1596 aderant,
450 1557 641 1588 retulerunt
656 1560 791 1586 extorta

84 1609 148 1640 sibi
167 1618 241 1640 esse
259 1608 302 1640 de
325 1608 481 1639 manibus
506 1616 722 1649 quaecunque
740 1606 792 1646 ja-

85 1659 303 1698 culabantur,
317 1669 392 1690 cum
407 1669 426 1689 a
438 1658 622 1689 Theodosii
642 1656 794 1697 partibus

85 1711 118 1741 in
136 1709 353 1741 adversarios
370 1709 552 1740 vehemens
576 1712 698 1738 ventus
717 1707 794 1745 iret,

87 1766 122 1791 et
139 1769 207 1790 non
224 1760 330 1792 solum
345 1769 559 1800 quaecunque
574 1759 607 1789 in
622 1767 678 1788 eos
687 1757 795 1798 jacie-

87 1810 213 1842 bantur
225 1810 492 1842 concitatissime
506 1814 656 1850 raperet,
677 1817 794 1839 verum

87 1861 191 1892 etiam
206 1861 355 1901 ipsorum
377 1861 444 1891 tela
461 1860 492 1890 in
510 1869 628 1891 eorum
652 1867 796 1898 corpora

88 1910 330 1952 retorqueret.'
381 1910 491 1942 Rufin.
521 1911 579 1941 lib.
597 1918 649 1940 Χῖ.
676 1910 797 1940 histor.

91 1961 223 1992 Eccles.
241 1970 355 1992 xxm.
383 1962 480 1992 Idem.

133 2013 173 2041 95
206 2010 373 2051 Auctores]
418 2011 485 2044 Qui
523 2011 592 2041 tela
624 2011 797 2051 jecerant.

96 2060 197 2091 Idem.

135 2113 178 2141 96
203 2109 262 2140 Cui
271 2109 380 2147 fundit
397 2110 435 2141 ab
451 2112 552 2142 antris
569 2112 676 2141 diulus
699 2119 800 2140 arma-

93 2164 143 2190 tas
158 2160 295 2200 hyemes]
336 2160 563 2202 AugustinuS,
594 2162 613 2192 l.
632 2170 664 2190 v.
691 2171 718 2191 (·.
747 2163 798 2190 20.

94 2210 138 2242 de
153 2210 225 2241 (Σίν.
245 2211 322 2241 Dei.
363 2211 517 2246 Orosius,
536 2212 624 2243 Hist.
653 2220 717 2241 vri.
749 2213 799 2240 35.

97 2260 226 2291 Paulus
241 2260 382 2291 Diacon.
401 2260 489 2292 Hist.
517 2261 664 2291 Miscell.
680 2261 700 2291 Ι.
719 2268 800 2290 xiii.

96 2316 132 2342 et
148 2310 264 2342 Abbas
294 2311 544 2352 Urspergensis
570 2311 603 2341 in
621 2310 802 2345 Chremen,

95 2362 171 2393 liaec
188 2362 364 2402 omittunt,
380 2371 454 2393 cum
471 2362 586 2402 priora
609 2367 640 2392 et
659 2369 800 2401 sequen-

99 2412 148 2443 tia
174 2418 373 2452 agnoscant.
419 2411 594 2452 Gyrnldus
624 2417 738 2441 tamen
770 2411 803 2441 in

99 2455 220 2493 codice
238 2471 298 2492 suo
323 2466 473 2501 notarat,
488 2461 614 2492 Divum
642 2461 803 2492 'rhomam

99 2516 291 2542 commento
305 2511 346 2541 ad
363 2510 607 2551 Augusfinnm,
624 2510 713 2551 quod
731 2510 805 2540 Me-

100 2560 226 2592 diolani
248 2561 280 2591 in
297 2560 502 2592 bibliotheca
515 2561 548 2591 S.
567 2561 678 2591 Marci
696 2564 806 2598 extet,

101 2611 181 2641 nihil
199 2621 217 2642 a
234 2612 378 2652 vulgatis
406 2611 583 2642 Claudiani
605 2610 808 2649 exemplari-

104 2659 167 2690 bus
183 2659 388 2701 discrepare.
412 2661 521 2691 Vetus
539 2670 676 2701 quoque
691 2659 805 2690 Orosii

103 2708 212 2740 editio
240 2709 438 2749 Augustana
462 2711 540 2741 anni
571 2719 807 2742 mccchxxu.

106 2759 273 2801 agnoscit,
285 2764 324 2791 ut
353 2766 387 2791 et
403 2761 591 2792 Monachus
607 2759 808 2791 Altissiodo-

1411 250 1523 291 1315

824 349 930 378 rensis
962 348 994 378 in
1030 348 1208 379 Chronico.
1256 349 1372 380 (lodex
1410 357 1523 383 tamen

826 399 1012 429 Orosianus
1026 398 1082 439 qui
1109 407 1214 438 penes
1230 408 1282 428 me
1309 405 1359 429 est
1377 408 1451 430 cum
1471 412 1528 432 ex-

826 449 956 488 cerptis
974 458 1033 479 sex
1051 448 1191 479 aliorum
1208 449 1383 479 omittunt.
1407 449 1528 481 Offen-

828 498 892 536 dit,
927 497 1044 536 credo,
1081 498 1186 529 bonos
1224 499 1411 529 Monaclios
1439 500 1525 531 Aion

828 548 957 578 mentio
986 547 1089 579 facia.
1144 549 1250 579 Plura
1280 548 1321 578 ad
1347 558 1416 579 rem
1447 549 1530 579 Bar-

830 598 917 629 tliius
936 598 1026 628 euris
1044 599 1209 629 secundis.
1233 599 1276 632 D.
1296 598 1409 629 Istius.

872 651 912 679 97
936 649 1086 679 Armatus
1101 649 1237 689 hyemes]
1274 649 1369 679 Telis
1385 649 1529 679 bostium

829 699 1154 737 Theodosianoruun,
1179 700 1214 730 in
1240 699 1332 740 ipsos
1357 708 1472 730 eorum
1491 700 1535 730 vi-

831 750 996 781 bratores.

876 800 1001 831 Militat
1015 800 1129 840 oether]
1160 800 1217 831 Sic
1233 800 1347 832 Josuae
1371 801 1405 831 in
1420 799 1535 840 Scrip-

834 856 911 881 tura
938 856 1036 891 paret
1061 851 1139 881 Sol:
1166 851 1315 881 ‘Omnia
1341 851 1430 881 enirn
1457 855 1535 881 sunt

835 902 970 932 Piorum
985 901 1182 932 hominnm)
1227 902 1382 933 Victoria
1400 911 1480 934 vero
1493 901 1535 933 de

834 952 920 981 coelo
938 951 1058 982 munis.
1084 952 1198 982 Barth.
1240 967 1246 972 ·

876 1004 918 1031 99
944 1000 1223 1041 1³rigidusamnis]
1256 1002 1390 1033 Nomen
1406 1003 1538 1043 propri-

835 1060 889 1080 um
907 1049 1012 1089 fluvii,
1030 1056 1067 1082 ut
1086 1052 1246 1082 Bartliius
1264 1052 1350 1083 bene
1367 1053 1536 1084 observat.

834 1100 884 1130 D.
906 1100 1017 1132 Heius.

880 1153 941 1180 100
965 1150 1128 1191 Turbaque
1143 1153 1305 1183 cadentum
1323 1152 1445 1194 Staret]
1469 1153 1541 1194 Hy-

837 1201 976 1241 perbole
993 1202 1137 1233 Poetica
1161 1203 1314 1243 Triplex,
1338 1203 1542 1235 artificiosis—

836 1252 919 1282 sime
937 1251 992 1282 uni
1017 1253 1129 1283 versui
1158 1253 1317 1292 impacta.
1362 1254 1430 1285 Hic
1452 1255 1541 1285 enim

838 1303 973 1342 sanguis
986 1312 1120 1333 cursum
1138 1301 1284 1333 fluminis
1295 1304 1408 1343 juvat,
1420 1310 1454 1335 et
1467 1305 1541 1346 qui-

840 1352 915 1382 dem
940 1357 1087 1383 stantem
1115 1353 1317 1384 cadaverum
1336 1355 1460 1394 copia;
1486 1355 1542 1395 qni

840 1402 986 1442 alioquin
1003 1412 1066 1432 nec
1096 1408 1232 1443 poterat
1260 1405 1378 1435 nullibi
1401 1405 1543 1445 impedi·

842 1458 922 1483 tum.
949 1453 1062 1483 Barth.

885 1506 944 1534 101
969 1503 1250 1544 ‹lui-issetflumina
1265 1503 1407 1544 sanguis]
1433 1505 1545 1536 Paris-

841 1557 885 1584 sct
904 1559 972 1584 tres
989 1554 1062 1584 libri
1078 1565 1084 1584 :
1100 1554 1189 1595 quod
1207 1555 1406 1592 elegantius.
1422 1555 1547 1586 Noster

842 1613 890 1634 Π.
916 1604 1015 1635 Cons.
1033 1604 1162 1634 Honor.
1185 1605 1194 1620 ‘
1211 1603 1393 1643 multisque
1410 1613 1546 1636 suorum

844 1655 944 1684 Diras
974 1655 1070 1694 pavit
1099 1654 1234 1695 aquas:'
1258 1654 1306 1685 sic
1331 1655 1420 1686 enim
1449 1661 1547 1686 vetus

844 1705 965 1744 codex,
979 1714 1045 1735 nou
1069 1715 1149 1735 are-5.
1173 1705 1321 1735 ibidem:
1346 1707 1355 1722 ‘
1373 1703 1475 1735 Pavit
1494 1705 1549 1736 Iu·

844 1755 914 1785 leos
943 1755 1052 1785 inviso
1081 1754 1246 1794 sanguine
1277 1764 1391 1785 manes
1404 1755 1423 1786 :’
1459 1755 1548 1795 apud

846 1805 976 1843 Silium,
1007 1805 1065 1835 lib.
1098 1812 1148 1835 lx.
1185 1805 1193 1821 ‘
1213 1809 1400 1845 pastusque
1428 1814 1549 1836 sonoro

847 1854 942 1892 Ignis
965 1854 1051 1884 edax
1068 1859 1168 1885 vento
1183 1853 1204 1884 ε’
1230 1860 1264 1885 ut
1283 1860 1377 1884 recte
1391 1864 1466 1884 cnm
1485 1855 1550 1886 Go-

847 1904 986 1934 loniensi
999 1904 1085 1934 libro
1101 1903 1252 1934 Modius:
1265 1904 1427 1943 obgannit
1438 1909 1551 1935 tamen
1598 1932 1601 1935 .

847 1954 1017 1993 interpres
1036 1959 1188 1984 veterum
1213 1954 1457 1992 elegantiarum
1476 1965 1552 1986 cum

847 2004 1063 2043 ignavissimis
1079 2004 1227 2043 ignarus,
1265 2004 1367 2036 Ovid.
1384 2005 1489 2036 Trist.
1505 2015 1553 2037 iv.

849 2055 901 2085 El.
918 2057 948 2085 1.
987 2055 995 2070 ‘
1010 2054 1067 2084 ubi
1094 2054 1242 2085 Taurica
1259 2054 1331 2085 dira
1345 2054 1458 2093 gCaede
1477 2056 1556 2095 pha·

851 2110 988 2136 reti-atae
1003 2105 1153 2145 pascitur
1170 2114 1227 2135 ara
1243 2105 1329 2135 Deae
1343 2105 1362 2135 :’
1385 2105 1553 2145 quomodo

852 2161 949 2186 vetus
968 2155 1050 2185 liber
1067 2166 1074 2185 z
1109 2154 1249 2194 optime.
1294 2154 1409 2185 Valer.
1438 2155 1556 2186 Flacc.

851 2205 910 2235 lib.
940 2213 963 2234 1.
1001 2204 1159 2234 ‘meritas
1193 2203 1253 2233 tibi
1286 2203 1450 2244 plurimus
1480 2214 1554 2234 aras

853 2256 977 2287 Pascet
988 2255 1115 2286 honos?
1126 2255 1254 2286 Noster
1269 2256 1278 2271 ‘
1289 2255 1452 2285 honorum
1467 2264 1556 2286 com-

853 2307 979 2337 mercia
1007 2306 1117 2347 pretio
1144 2305 1294 2346 pascere'
1320 2305 1406 2336 dixit
1423 2306 1443 2337 l.
1461 2314 1494 2337 v.
1522 2306 1555 2335 in

853 2357 985 2388 Stilicli.
1002 2367 1050 2387 vs.
1067 2359 1139 2386 115.
1156 2356 1211 2387 ubi
1224 2356 1322 2396 plura
1337 2367 1343 2386 :
1364 2357 1410 2387 sic
1427 2361 1461 2386 et
1480 2357 1488 2372 ‘
1502 2355 1556 2386 ali'

847 2412 891 2439 'et
905 2408 914 2423 ‘
927 2407 1048 2438 nutriri
1064 2405 1214 2437 flumina'
1231 2406 1390 2437 dicuntur
1406 2409 1414 2423 ‘
1429 2405 1556 2436 imbre!

855 2458 1013 2489 meruisset
1035 2457 1173 2498 flumina
1205 2458 1334 2497 sanguis
1359 2457 1559 2488 Helmaesta-

857 2508 994 2539 diensis.
1041 2508 1190 2549 Vulgata
1208 2513 1322 2538 tamen
1340 2508 1507 2547 scriptura
1524 2506 1557 2535 in

858 2559 1044 2591 Claudiano
1069 2563 1185 2599 potest
1202 2558 1292 2589 ferri.
1330 2558 1385 2588 Sic
1402 2556 1557 2587 Sidonius

860 2609 1080 2650 Apollinaris,
1110 2608 1222 2640 Carm.
1256 2617 1349 2638 xxii.
1385 2609 1394 2624 ‘
1413 2606 1559 2636 Arentes

859 2661 974 2691 vitreis
1006 2659 1136 2700 adjuvit
1163 2658 1300 2690 fletibus
1338 2655 1466 2688 undas!
1512 2655 1558 2686 D.

860 2710 973 2742 Heins.

902 2763 964 2792 102
987 2761 1031 2792 At
1039 2759 1131 2798 sams
1146 2759 1286 2790 inventor
1298 2755 1461 2796 scelerum]
1493 2753 1558 2786 Ar-
