1851 3213
308 213 423 257 1302

311 308 395 339 tiam
411 307 506 339 venit
530 317 678 347 congrue
706 308 858 349 ejusdem
880 308 1017 348 elegans

311 358 542 399 Epigramma,
569 369 635 399 quo
653 359 719 389 ait:
744 359 863 390 ‘Grex
888 359 957 398 agit
983 358 1017 388 iu

308 418 414 440 scena.
443 409 590 447 mimum,
630 409 736 440 Pater
774 409 831 439 ille
863 413 1018 448 vocatur,

311 459 417 491 Filius
439 460 504 497 hic,
534 469 654 489 nomen
684 459 800 488 divitis
828 458 885 488 iile
911 463 1018 489 tenet.

311 509 395 540 Mox
434 509 492 539 ubi
522 509 681 539 ridendas
721 508 856 539 inclusit
894 510 1019 549 pagiua

310 560 439 600 parteis
455 570 463 597 3
487 560 578 589 Vera
594 559 685 590 redit
701 558 823 599 facies,
835 559 1020 590 assimilata

312 609 424 650 perit!
472 609 599 641 Eadem
626 611 714 640 enim
743 610 830 641 ratio
857 610 1018 641 honorum

311 664 348 692 et
364 660 568 701 dignitatum
585 661 800 691 humanarum
818 665 880 691 est.
911 661 956 691 Et
972 660 1019 690 sic

314 709 431 742 fabula
448 711 528 741 vitae
546 712 768 742 construitur.
792 711 908 741 Barth.

356 764 421 793 476
447 762 605 796 Quaesitor
629 761 751 799 Minos]
776 761 831 790 lta
848 761 1022 800 appellant

314 811 435 842 Poetae
463 816 660 841 exactorem
688 811 781 840 illum
813 810 958 849 rigidum
986 813 1022 840 et

308 861 454 900 justum,
469 860 512 890 ad
529 869 629 900 quem
646 859 759 889 omnia
788 870 806 890 a
823 860 1022 890 mortalibus

315 911 493 941 commissa
524 910 610 948 sisti,
639 914 676 940 et
703 910 744 940 ab
768 919 809 940 eo
836 910 1024 941 examinari

316 960 560 990 credebantur.
605 959 727 1000 Virgil.
750 961 808 991 lib.
828 969 878 991 VI.
903 961 1023 993 ‘Quae-

316 1009 400 1040 sitor
423 1009 535 1040 Minos
558 1019 674 1040 urnam
692 1011 827 1042 movet.’

359 1059 399 1090 In
412 1060 475 1090 alto
488 1060 582 1099 sotio]
598 1060 682 1090 Tale
695 1060 843 1091 tribunal
857 1061 1023 1092 asscribe-

317 1108 401 1139 bant
418 1109 539 1139 Minoi.
588 1110 700 1141 Minos
726 1115 839 1141 autem
865 1111 941 1141 ideo
966 1111 1023 1141 ad-

316 1162 429 1189 motus
456 1159 557 1190 rebus
581 1165 657 1200 post
682 1167 837 1201 mortem,
869 1162 959 1202 quod
990 1163 1021 1192 in

317 1208 609 1249 vitajiistissimus
638 1210 714 1249 fuit,
734 1217 770 1242 et
796 1213 901 1252 ipsius
925 1212 1022 1244 Jovis

318 1260 486 1300 colloquio
518 1261 610 1300 leges
649 1262 824 1300 scripsisse
860 1262 1025 1300 creditus,

318 1319 385 1341 non
396 1320 493 1341 secus
504 1315 607 1351 atque
622 1311 753 1351 Egeriae
768 1312 891 1342 Numa.
909 1312 1024 1343 Barth.

366 1360 525 1394 Quaesitor
541 1360 573 1391 in
590 1361 653 1391 alto
680 1361 803 1401 Minos]
851 1362 1026 1396 Quoestores

316 1410 694 1450 purrici,velparricidi,
712 1415 749 1442 ut
768 1413 840 1442 vult
859 1413 946 1442 Fest.
964 1412 1023 1442 lib.

322 1468 380 1491 xv.
394 1460 610 1501 dicebantur,
621 1465 628 1479 ‘
643 1472 747 1502 penes
761 1472 845 1503 quos
860 1472 940 1493 cura
952 1468 1026 1493 erat

321 1511 472 1542 criminis
498 1513 745 1543 examinandi?
782 1514 883 1544 iidem
905 1514 1026 1544 Trium-

322 1562 383 1592 viri
398 1564 546 1602 capitales
570 1563 630 1605 (de
654 1573 794 1604 quorum
815 1564 1025 1594 institutione

321 1612 457 1643 Decad.
474 1623 497 1643 1.
524 1613 582 1644 lib.
601 1612 642 1654 ι.)
667 1613 837 1644 scribente
860 1614 1028 1653 Varrone,

323 1661 345 1693 l.
362 1671 408 1693 1v.
422 1662 464 1692 de
481 1662 562 1702 ling.
580 1663 656 1694 Lat.
669 1663 728 1694 sed
742 1668 777 1694 et
793 1667 958 1704 quoestores
975 1664 1027 1694 vel

322 1711 501 1751 quaesitores
517 1713 717 1753 simpliciter
729 1715 802 1744 vult
816 1715 931 1745 vocari
945 1725 1029 1755 prae-

326 1761 453 1802 positos
471 1767 506 1792 et
527 1768 659 1794 actores
681 1764 903 1803 judiciorum.
948 1765 1031 1797 Isid.

323 1812 602 1854 lib.jxv111.c.15.
617 1814 736 1845 Seuec.
748 1814 855 1845 Herc.
870 1816 948 1845 Fur.
962 1820 1029 1847 act.

324 1871 382 1893 111.
415 1872 461 1894 sc.
485 1866 516 1894 2.
548 1868 583 1894 et
615 1864 707 1895 Serv.
739 1864 781 1895 ad
813 1864 946 1897 AEneid.
980 1876 1029 1897 v1.

319 1912 329 1930 ‘
348 1912 522 1944 Quaesitor
569 1913 681 1944 Minos
728 1924 846 1946 urnam
893 1916 1031 1947 movet!

326 1963 473 2003 Dempst.

370 2014 438 2046 Qui
474 2014 633 2055 quaesitor
664 2024 725 2054 pro
757 2015 931 2056 tribunali,
962 2018 1031 2048 alto

326 2063 487 2105 editoque
509 2065 584 2096 loco
607 2065 763 2105 sedebat,
783 2067 921 2107 judices
953 2078 1031 2099 vero

327 2115 429 2155 paulo
443 2114 598 2155 inferius,
610 2115 845 2148 humilioribus
861 2118 893 2148 in
905 2118 1032 2149 subsel-

325 2164 390 2195 liis.
415 2165 537 2196 Delrio.

372 2216 435 2244 477
463 2216 630 2247 Pei-tentat
657 2217 790 2248 crimina
818 2218 938 2259 Minos]
970 2219 1034 2250 Mi-

327 2263 427 2295 noem
442 2270 555 2297 autem
581 2277 723 2307 prunum
752 2268 947 2300 discernere
976 2269 1033 2300 bo-

329 2325 391 2347 nos
415 2325 434 2346 a
457 2317 552 2347 malis
568 2318 629 2356 ait,
654 2318 778 2350 deinde
803 2319 902 2350 alteri
923 2319 1034 2359 judici

329 2374 387 2397 eos
403 2365 576 2397 destinari.

375 2417 541 2448 Pertentat
558 2418 690 2449 crimina
707 2419 826 2459 Minos]
860 2420 1035 2451 Praetentat

332 2473 479 2510 quatuor
492 2469 630 2509 scripti:
656 2470 719 2501 hoc
729 2476 795 2510 est,
807 2471 897 2512 prius
912 2476 1035 2512 tentat,

328 2519 388 2550 lib.
418 2528 443 2551 1.
473 2520 507 2550 in
542 2519 705 2560 Eutrop.'
736 2522 817 2552 saevi
847 2526 1034 2562 praetentas

329 2569 475 2600 Pallada
511 2570 634 2610 campi,
649 2570 656 2583 ¹
705 2581 780 2602 cum
819 2573 1034 2603 membranis.

332 2619 432 2650 Cons.
458 2620 588 2650 Honor.
615 2629 668 2650 ιιι.
703 2622 934 2662 ‘Dircaeaque
965 2624 1035 2654 tela

326 2669 464 2705 ‚solebat
480 2670 694 2701 Praetentare
717 2670 807 2709 feris,
834 2673 911 2702 olim
929 2672 1034 2704 donii-

333 2723 412 2751 tura
451 2720 643 2762 gigantasz'
682 2726 717 2753 et
743 2731 793 2754 ιν.
822 2725 935 2764 ‘tuusd
955 2729 1034 2756 aute

333 2770 541 2811 profundum
558 2771 754 2805 Praetentet
765 2771 925 2814 sonipes.'
948 2773 1033 2807 Stat.

603 224 745 255 NOTAE
776 223 1043 255 VARIORUM
1077 224 1129 255 IN
1163 225 1239 254 CL.
1272 223 1456 255 CLAUD.
1489 224 1532 254 V.

1066 307 1173 339 Theb.
1204 317 1244 339 11.
1288 308 1297 324 ‘
1312 307 1402 337 sedit
1439 305 1612 336 sententia
1653 304 1767 338 fratris

1067 358 1282 389 Praetentare
1293 357 1394 388 fidem
1411 356 1430 387 :'
1454 357 1503 387 ita
1513 357 1648 397 scripti:
1667 357 1766 398 prim.

1067 409 1224 440 Vatican.
1239 411 1409 449 pertentat,
1423 408 1475 437 vel
1490 410 1660 447 permutat.
1688 408 1771 438 Bar·

1069 458 1159 489 thius
1181 462 1349 499 proesentut
1379 469 1431 488 me
1455 458 1584 489 invito:
1609 467 1672 488 nec
1697 456 1772 488 feli-

1070 510 1139 540 cius
1156 511 1256 549 paulo
1279 514 1355 550 post
1376 509 1485 540 cliribit
1500 511 1601 538 sontes
1617 517 1678 549 pro
1693 508 1772 539 diri-

1072 561 1130 590 mit
1147 560 1264 600 reponi
1282 560 1376 591 velit.
1424 560 1468 590 D.
1486 558 1600 590 Heins.

1113 612 1176 640 479
1199 609 1249 641 Ad
1259 611 1341 640 mala
1356 620 1428 640 mox
1441 609 1632 639 transmittit
1647 607 1773 640 verbera

1062 659 1196 700 fratris]
1218 661 1269 691 Ad
1285 660 1383 699 rigidi
1411 661 1555 690 Lucens.
1581 663 1616 690 et
1633 658 1774 700 Gyrald.

1073 711 1208 740 omniuo
1226 711 1373 741 rectius:
1392 712 1431 741 ad
1447 711 1520 741 saeri
1533 714 1678 751 quatuor
1695 709 1773 740 alii:

1075 761 1114 788 ad
1130 760 1203 789 duri
1218 769 1285 790 sec.
1310 760 1470 790 Vatican.
1494 759 1629 790 Thuan.
1648 760 1687 789 ad
1701 759 1775 789 soevi

1072 818 1145 837 mox
1169 808 1283 839 mittit.
1329 808 1368 838 Iu
1400 808 1499 848 prim.
1529 809 1687 839 Vatican.
1723 807 1776 839 Ad

1073 857 1155 887 mala
1181 857 1502 889 mox....transmittit.
1526 857 1567 887 In
1592 858 1779 897 Oiseliano,

1074 907 1126 938 Ad
1141 909 1221 938 mala
1236 908 1348 939 viderit
1365 908 1567 939 transmittit.
1592 907 1701 938 Idem.

1119 958 1169 989 Ad
1184 959 1265 989 mala
1281 959 1422 999 verbera]
1454 959 1667 999 Singularem
1683 967 1779 989 ener-

1076 1008 1163 1049 giam
1186 1009 1224 1039 τὸ
1240 1011 1320 1040 mala
1346 1010 1410 1042 hoc
1439 1010 1505 1041 loci
1532 1009 1646 1049 habet,
1672 1008 1778 1040 infert

1075 1060 1165 1090 enim
1197 1060 1435 1091 crudelitatem
1463 1060 1630 1101 quandam
1657 1069 1779 1090 nocen-

1078 1113 1159 1147 tem,
1190 1109 1383 1149 immanem,
1414 1114 1449 1141 ct
1483 1115 1630 1141 astutam
1668 1109 1780 1140 simul.

1075 1160 1130 1190 Sic
1162 1161 1257 1191 malae
1289 1161 1400 1191 Furiae
1427 1161 1517 1200 apud
1548 1160 1672 1190 Horat.
1690 1160 1699 1177 ‘
1727 1158 1779 1191 Ac

1076 1219 1142 1240 non
1160 1215 1240 1240 ante
1260 1211 1358 1240 malis
1375 1210 1568 1241 dementem
1592 1214 1706 1239 actum
1730 1208 1781 1239 fu-

1076 1258 1146 1296 riis,
1161 1268 1259 1299 quam
1277 1259 1316 1289 In
1332 1259 1578 1299 matrisjugulo
1589 1258 1714 1289 ferrum
1730 1262 1779 1290 te-

1078 1309 1209 1349 pefecit
1226 1309 1385 1340 acutum?
1425 1310 1471 1340 Et
1494 1310 1503 1326 ‘
1516 1310 1612 1339 malae
1631 1309 1716 1340 Orci
1732 1314 1782 1340 te-

1077 1359 1209 1389 nebrae'
1235 1359 1324 1399 apud
1343 1359 1525 1390 Catullum.
1548 1359 1665 1390 Barth.

1120 1413 1183 1440 480
1207 1409 1340 1450 Superm'
1371 1409 1545 1450 Curriculi]
1580 1410 1781 1450 sapientum

1079 1460 1149 1490 vita
1187 1459 1331 1490 humana
1360 1460 1511 1491 curriculo
1551 1465 1784 1501 comparatur,

1078 1510 1182 1541 sacris
1199 1511 1411 1550 potissimum
1428 1510 1548 1543 literis.
1591 1511 1783 1550 Juvenalis,

1079 1561 1191 1601 satyr.
1217 1570 1266 1592 1x.
1298 1560 1458 1592 ‘festinat
1485 1561 1573 1592 enim
1600 1561 1784 1592 decurrere

1080 1613 1178 1643 velox
1205 1613 1394 1652 Flosculus,
1421 1612 1554 1653 exiguae
1583 1612 1784 1653 miseraeque

1081 1663 1280 1694 brevissima
1331 1663 1413 1694 vitae
1458 1662 1602 1693 P0r1i0.'
1660 1662 1783 1702 Virgil.

1078 1715 1087 1730 ‘
1099 1714 1191 1753 Vixi,
1209 1718 1256 1754 et,
1284 1723 1382 1754 quem
1397 1713 1539 1744 dederat
1557 1722 1692 1743 cursum
1717 1711 1785 1743 for-

1081 1769 1175 1804 tuna,
1193 1764 1331 1804 peregi!
1357 1765 1452 1795 Idem.

1125 1817 1186 1845 481
1214 1815 1414 1854 Perspexerit
1442 1813 1544 1854 actus]
1598 1813 1676 1844 Non
1713 1824 1787 1854 pro-

1080 1867 1217 1906 spexerit
1250 1866 1406 1896 meliores
1434 1865 1527 1904 libri,
1565 1869 1601 1896 et
1627 1874 1701 1896 cum
1740 1865 1781 1896 iis

1085 1916 1261 1947 Barthius.
1285 1916 1329 1946 D.
1347 1915 1462 1946 Heius.

1125 1969 1188 1997 482
1216 1965 1379 2005 Ferarum]
1404 1964 1649 2006 Μετεμψύχωσις
1671 1965 1703 1997 in
1719 1965 1788 1997 bel-

1083 2017 1154 2047 luas
1170 2016 1355 2056 hominum,
1372 2016 1472 2047 lindie
1492 2025 1627 2057 quoque
1643 2015 1787 2056 credita,

1084 2072 1120 2098 et
1148 2067 1454 2107 Pytliagoraeorum
1480 2066 1552 2097 haec
1579 2066 1614 2097 in
1639 2066 1787 2106 speciem

1084 2122 1217 2149 tantum
1234 2118 1390 2149 doctriua
1406 2121 1492 2157 erat,
1519 2118 1581 2149 sub
1606 2117 1787 2158 :enigmate

1085 2169 1180 2199 velut
1196 2169 1321 2200 docens
1346 2168 1427 2210 quid
1454 2172 1628 2199 mereatur
1644 2168 1715 2198 vita
1732 2177 1787 2198 vo-

1084 2219 1272 2259 luptatibus
1301 2218 1400 2250 foedis
1427 2224 1528 2260 atque
1556 2219 1711 2249 belluinis
1729 2218 1787 2249 de-

1085 2270 1169 2309 dita,
1186 2274 1224 2300 ut
1252 2271 1345 2301 clare
1372 2269 1522 2300 videmus
1550 2269 1640 2309 apud
1669 2269 1787 2300 Hiero-

1084 2320 1184 2360 clem,
1206 2329 1282 2359 eap.
1297 2322 1349 2351 52.
1376 2329 1553 2350 aureorum
1572 2319 1787 2351 Commenta-

1086 2370 1210 2401 riorum
1227 2371 1260 2400 in
1278 2380 1381 2401 aurea
1392 2370 1560 2401 Carmina.
1583 2370 1628 2401 Et
1641 2368 1786 2401 deflexio

1086 2420 1127 2451 ab
1153 2420 1335 2451 nobilitate
1352 2420 1471 2451 animae
1499 2421 1555 2451 illa
1576 2426 1628 2451 est
1643 2431 1717 2461 quae
1731 2421 1790 2452 ho-

1086 2472 1192 2502 mines
1201 2471 1285 2502 facit
1299 2472 1435 2502 belluas.
1451 2471 1614 2502 Arrianus
1627 2471 1789 2513 Epicteti,

1086 2522 1143 2553 lib.
1156 2531 1181 2553 1.
1199 2531 1274 2562 cap.
1290 2524 1320 2553 3.
1344 2521 1462 2552 Barth.

1128 2582 1190 2611 483
1221 2579 1331 2611 Vincla
1358 2578 1442 2619 pati]
1466 2578 1632 2618 Corpora,
1664 2579 1787 2619 quibus

1085 2629 1256 2669 illigantur
1271 2630 1363 2659 velut
1374 2628 1494 2659 aniniae
1508 2634 1543 2659 et
1556 2628 1789 2669 impediuntur

1088 2681 1129 2711 ab
1146 2680 1335 2711 actionibus
1363 2680 1507 2719 puritati
1526 2684 1560 2710 et
1577 2680 1700 2710 rationi
1716 2690 1787 2712 suae

1087 2729 1376 2761 convenientibus.
1443 2729 1606 2770 Virgilius
1644 2729 1786 2761 Culice:

1088 2782 1097 2798 ‘
1108 2779 1220 2813 Minos
1237 2779 1482 2813 Conscelerata
1493 2780 1549 2822 pia
1561 2779 1709 2812 secernit
1720 2779 1790 2812 vin-
