1851 3213
329 210 443 253 1412

327 317 398 348 nuit
413 316 555 359 Gyrald.
580 318 704 360 aliique
733 320 938 360 complures,
961 319 1040 349 utile

318 367 410 405 sacto
426 369 540 407 etiam,
556 379 620 399 non
629 369 734 408 factu,
750 370 847 409 prim.
870 369 984 400 Vatic.
1002 373 1037 399 et

328 419 427 449 multi
445 429 486 449 ex
504 420 708 450 melioribus.
734 420 778 450 D.
797 419 910 450 Heius.

371 470 493 501 Minuit
505 470 674 510 proesentia
692 469 830 508 samam]
855 470 946 501 Hinc
965 469 1037 500 abs-

328 523 520 552 conderunt
537 526 655 561 gentes
674 522 845 552 nonnullae
861 531 937 552 suos
952 522 1035 552 Rec-

329 575 432 603 tores.
456 572 572 603 Barth.

372 624 437 652 386
474 621 537 656 Qui
563 621 664 660 stetit,
706 621 863 662 oequutnr]
910 621 1034 662 Itaque

327 671 503 711 sapienter
534 677 716 702 monentur
754 681 915 711 proceres
957 681 1035 702 cum

329 721 497 762 dignitate
520 720 740 753 inferioribus
767 732 835 753 non
851 721 1036 762 confligen-

329 771 422 802 dum.

351 820 483 861 Campo]
500 820 752 860 Bello,praelio‚
766 820 895 851 Marte.
920 821 1035 852 Barth.

371 875 432 902 387
459 870 673 909 MaJestatem]
708 870 878 910 Principis
892 871 1036 900 Romani

328 931 432 960 supra
447 930 563 951 omnes
579 920 724 960 reliquos
741 921 913 952 mortales.
938 921 1036 950 Idem.

369 974 434 1003 389
458 972 519 1003 Est
542 972 590 1002 illi
617 971 775 1011 patribus]
815 972 878 1002 Est
900 971 962 1010 illi,
987 971 1035 1001 in-

328 1022 414 1064 quit,
442 1031 620 1063 germanus
648 1021 769 1062 frater,
798 1026 943 1062 utroque
973 1031 1036 1062 par

326 1077 471 1114 parente
485 1072 598 1113 quoad
612 1082 730 1112 genus,
751 1072 811 1102 sed
828 1072 964 1103 minime
981 1072 1036 1102 iis-

327 1123 406 1154 dem
433 1123 594 1162 moribus,
621 1122 836 1162 Maseeleris,
866 1126 926 1153 aut
956 1131 1035 1163 quo-

326 1184 461 1215 cunque
487 1173 625 1204 tandem
647 1173 781 1203 nomine
799 1173 863 1204 iste
882 1173 1035 1213 Regulus

327 1225 479 1256 consitus
497 1224 574 1255 fuit.

371 1277 431 1306 Est
448 1275 494 1305 illi
508 1273 667 1314 patribus]
704 1274 830 1314 Inepte
855 1274 958 1314 vulgo
979 1284 1035 1314 pa-

327 1325 423 1356 ribus.
462 1325 582 1355 iisdem
616 1325 828 1365 parentibus.
858 1325 941 1355 idem
974 1334 1035 1364 pro

325 1377 426 1408 isdem
445 1376 543 1416 prim.
567 1376 683 1406 Vatic.
705 1380 808 1416 atque
822 1375 988 1415 nonnulli,
1001 1380 1037 1406 et

322 1430 457 1467 patruus
473 1436 533 1466 pro
548 1426 704 1466 patribus.
728 1427 776 1457 D.
792 1425 913 1457 Heius.

370 1478 444 1508 Non
471 1481 499 1508 et
526 1477 661 1508 moribus
676 1476 788 1516 isdem]
812 1477 859 1507 Ut
875 1485 941 1507 non
959 1485 1035 1506 raro

326 1527 460 1559 diversa
472 1532 550 1558 sunt
568 1528 681 1558 studia
699 1527 967 1558 adolescentium
981 1527 1035 1558 iis-

326 1578 403 1610 dem
418 1579 618 1619 pareutibus
631 1583 796 1610 ortorum.
832 1578 948 1610 Barth.

368 1632 431 1660 390
456 1629 624 1669 Mascezel]
637 1629 845 1659 Praeclarum
858 1629 1036 1659 inventum

323 1680 534 1719 Stilichonis,
559 1681 617 1721 qni
645 1681 832 1711 destitutus
855 1680 1035 1711 occasione

325 1731 409 1762 belli
424 1730 609 1767 indicendi,
632 1731 803 1770 Principis
818 1731 962 1761 Honorii
978 1740 1035 1761 no-

325 1779 430 1819 mine,
461 1779 550 1820 quod
566 1780 637 1809 sine
656 1779 797 1810 Arcadii
822 1778 951 1810 offensa
967 1789 1034 1810 non

326 1834 466 1871 poterat
483 1842 491 1868 ;
517 1830 606 1860 hune
623 1831 779 1861 Maurum
791 1830 887 1870 justo
905 1831 1036 1869 dolore,

325 1880 385 1911 sed
417 1880 549 1920 privata
571 1880 697 1920 injuria
713 1890 894 1911 accensum
911 1880 944 1911 in
969 1880 1034 1911 fra-

326 1936 415 1963 trem
447 1932 630 1963 Gildonem
671 1942 747 1962 cuni
788 1932 902 1962 valida
933 1942 1034 1962 manu

325 1983 423 2025 qnasi
441 1983 608 2013 summisit
625 1994 632 2013 ε
653 1983 742 2013 unde
759 1983 868 2014 victor
878 1992 1034 2013 reversus

327 2038 392 2074 est,
421 2038 457 2065 at
484 2043 550 2064 non
580 2034 687 2064 multo
717 2037 796 2074 post
813 2033 982 2064 Mascezel
1001 2034 1035 2064 in

326 2088 431 2125 ponte
447 2085 592 2126 quodam
610 2085 797 2122 ambulans,
820 2084 917 2123 signo
935 2084 1033 2115 asti-

324 2136 461 2168 lichone
478 2137 571 2175 dato,
590 2137 624 2166 in
643 2146 765 2177 aquam
783 2136 941 2166 detrusus
959 2140 1033 2174 est;

327 2187 416 2226 quod
435 2186 563 2217 factum
581 2187 767 2218 Christiani
790 2187 924 2227 quidam
937 2187 1033 2226 justo

325 2236 537 2276 Deijudicio
553 2238 751 2275 ascribunt3
779 2238 934 2268 Zosimus
953 2238 1034 2268 invi-

327 2285 405 2316 diae.
452 2286 499 2316 At
517 2288 616 2317 Gildo
633 2289 667 2318 in
693 2288 796 2318 breve
812 2292 955 2319 coactus
972 2288 1034 2318 sibi

327 2336 393 2377 ipsi
410 2346 527 2366 manus
544 2337 673 2368 intulit.
716 2339 839 2369 Cliti-er.

372 2387 540 2426 BIascezel]
578 2388 633 2417 Sic
660 2388 804 2427 Gyram.
833 2388 931 2427 prim.
955 2388 1033 2420 vat.

327 2441 494 2477 excerpta
520 2438 619 2474 Lepti,
647 2438 768 2478 aliiqm
789 2439 938 2468 nonnulli
956 2449 1033 2470 cum

325 2485 426 2516 Aldo.
452 2486 539 2516 mira
562 2486 740 2516 diversitas
769 2488 865 2527 hujus
889 2489 1032 2519 nominis

323 2536 359 2567 in
377 2536 523 2576 scriptis.
569 2536 681 2573 Vulgo
700 2537 852 2569 Mamm.
882 2539 1032 2569 illast-ezi-

326 2587 386 2618 lem
412 2592 512 2617 vocat
535 2587 702 2617 Orosius:
726 2587 784 2617 sed
816 2587 936 2627 scripti
965 2598 1031 2618 me-

324 2637 426 2668 liores
443 2638 489 2668 ibi
506 2647 638 2679 quoque
667 2638 833 2677 DIascezel,
857 2643 893 2668 ut
910 2638 974 2669 hic.
997 2643 1032 2669 et

325 2688 374 2719 sie
389 2688 582 2719 Marcellin.
600 2689 632 2718 in
649 2689 828 2719 Chronico.
845 2689 934 2729 apud
952 2689 1032 2719 Am-

326 2738 488 2775 mhanum,
504 2739 563 2769 lib.
582 2747 686 2770 xxix.
703 2739 850 2770 Mascizel
865 2744 928 2770 est.
956 2740 1032 2771 Jor-

325 2788 430 2819 naudi
446 2794 481 2820 et
497 2788 538 2820 P.
556 2788 711 2820 Diacono
737 2789 919 2821 Mascelzer.
946 2790 1032 2821 Mas-

575 222 719 254 NOTAE
755 223 1020 254 VARIORUM
1055 223 1107 253 IN
1143 223 1217 254 CL.
1248 224 1432 255 CLAUD.
1466 225 1551 256 XV.

1087 318 1180 350 celzel
1196 319 1366 350 Monacho
1384 318 1679 351 Altissiodurensi.
1702 319 1799 351 Zosi-

1088 378 1142 399 mo
1156 368 1393 405 Μασκέλδηλος.
1409 373 1584 409 corrupte.
1622 368 1667 400 D.
1681 369 1797 401 Heius.

1133 420 1265 451 Piucula
1288 419 1422 459 fratris]
1456 419 1670 459 Distingue:
1709 419 1798 450 Mas-

1087 469 1182 506 cizel;
1206 469 1339 509 fugiens
1369 470 1421 509 qui
1445 469 1515 500 dira
1529 468 1653 509 piacula
1667 467 1800 509 fratris,

1089 521 1226 561 Spesque
1238 531 1309 552 suas
1331 522 1486 561 vitamque
1501 523 1553 551 tuo
1571 520 1722 552 commisit
1735 520 1799 551 asi-

1087 572 1126 602 lo.
1150 571 1273 602 Barth.

1130 625 1194 653 393
1223 622 1351 653 Patrius
1374 621 1407 653 in
1425 623 1562 662 pignora
1576 621 1706 652 contulit
1720 620 1801 661 iras]

1088 673 1181 705 Quas
1200 673 1233 703 in
1250 678 1385 713 patrem
1397 672 1539 714 gerebat
1554 671 1670 704 Gildo.
1698 671 1799 703 Idem.

1130 725 1192 752 394
1219 723 1363 762 Quosque
1400 732 1493 753 marm
1529 731 1641 762 pueros
1669 719 1799 762 parvos]

1087 772 1132 801 Ει
1150 781 1222 811 quos
1237 772 1301 811 ipse
1316 772 1386 802 sinu
1404 782 1517 812 parvos
1533 771 1678 812 Gyrald.
1697 771 1800 811 prim.

1086 821 1166 850 Vat.
1200 825 1236 850 et
1265 819 1415 861 quinque
1448 821 1517 852 alii.
1547 825 1618 851 tres
1650 821 1796 852 itidem:

1088 870 1134 900 Et
1150 879 1222 910 quos
1248 870 1315 909 ipse
1338 880 1444 901 manu.
1467 869 1534 900 duo
1565 871 1707 910 Quosque
1729 871 1801 902 sime

1084 930 1206 959 pueros.
1238 919 1318 951 hinc
1345 920 1568 960 proverbium
1591 920 1625 950 in
1646 921 1716 950 sinu
1741 921 1800 951 uli-

1087 981 1176 1010 quem
1190 973 1326 1009 gestare,
1342 975 1377 1001 et
1394 971 1425 1001 in
1440 970 1512 1001 sinu
1528 969 1628 1008 ferre.
1651 970 1722 1001 Pro
1741 971 1788 1001 Oc
1801 990 1813 997 -

1087 1023 1165 1053 cidit
1182 1026 1276 1053 recte
1295 1021 1384 1052 idem
1403 1021 1546 1062 Gyrald.
1571 1021 1670 1061 prim.
1682 1020 1798 1052 vatic.

1087 1077 1124 1103 et
1141 1073 1289 1114 quinque
1307 1073 1377 1111 alii,
1397 1072 1594 1103 Obtruncat:
1611 1080 1676 1112 quo
1692 1071 1799 1102 verbo

1086 1122 1286 1164 frequenter
1324 1133 1404 1154 usus
1443 1128 1496 1154 est
1530 1122 1706 1162 Virgilius.
1751 1122 1800 1154 D.

1087 1172 1200 1204 Heius.

1130 1226 1193 1253 396
1218 1222 1376 1263 Dispulit]
1413 1222 1497 1262 Ipsa
1524 1222 1714 1254 dilacerata
1742 1231 1799 1253 ca-

1088 1271 1214 1303 davera
1231 1271 1379 1312 disjecit,
1402 1272 1495 1313 quod
1521 1282 1660 1304 summae
1685 1273 1800 1304 imma-

1087 1322 1219 1354 nitatis.

1132 1374 1261 1404 Tumulo
1295 1373 1396 1405 arcuit
1426 1373 1567 1414 umbras]
1603 1374 1799 1406 Crudelitas

1087 1433 1229 1464 summa,
1240 1424 1313 1465 jam
1327 1425 1405 1456 inde
1419 1435 1438 1455 a
1454 1425 1604 1456 Creonte
1623 1424 1801 1465 Thebano,

1088 1475 1231 1506 theatris
1246 1475 1441 1507 decantato.
1456 1475 1522 1506 Hic
1536 1484 1618 1506 vero
1630 1485 1683 1507 res
1696 1485 1798 1516 auge-

1089 1529 1145 1555 tur
1158 1525 1311 1565 cognatis
1339 1524 1562 1556 cadaveribus
1584 1525 1618 1555 in
1642 1535 1720 1566 quae
1736 1535 1798 1556 sae-

1087 1574 1191 1607 vitur.
1208 1576 1297 1606 unde
1325 1576 1393 1607 ait:
1418 1577 1427 1593 ‘
1444 1576 1682 1617 Naturamque
1697 1576 1798 1607 simul

1087 1624 1311 1667 fratremque,
1350 1626 1605 1668 hominemque,
1633 1630 1796 1658 cruentus

1088 1677 1216 1707 Exuit.'
1243 1678 1360 1709 Barth.

1129 1730 1192 1758 398
1220 1729 1351 1759 Tennem
1368 1729 1483 1759 invidit
1498 1723 1640 1768 arenam]
1677 1727 1800 1769 Sepul-

1086 1782 1163 1808 tura
1179 1779 1281 1809 etiam
1297 1784 1371 1809 erat
1387 1789 1491 1810 arena
1506 1779 1635 1819 injecta
1651 1780 1797 1811 cadave-

1086 1828 1114 1858 ri
1129 1839 1137 1865 3
1154 1829 1239 1859 adeo
1257 1833 1374 1859 sancta
1391 1834 1426 1860 et
1438 1829 1633 1860 necessaria
1648 1839 1702 1861 res
1718 1840 1796 1861 cen-

1086 1878 1236 1910 sebatur.
1282 1879 1448 1910 Horatius
1462 1879 1505 1909 de
1519 1879 1682 1919 Arehytae
1695 1880 1797 1911 cada-

1085 1938 1165 1959 vere
1181 1940 1187 1959 :
1213 1930 1221 1946 ‘
1238 1929 1451 1970 Quamquam
1480 1928 1637 1968 festinas,
1657 1940 1724 1961 non
1741 1935 1797 1962 est

1085 1989 1181 2010 mora
1202 1979 1312 2020 longa,
1343 1979 1462 2010 licebit
1487 1980 1623 2020 Injecto
1652 1985 1707 2012 ter
1723 1982 1797 2022 pul-

1085 2039 1167 2061 vere
1186 2033 1322 2062 curras!
1350 2031 1448 2062 Idem.

1128 2084 1191 2113 399
1215 2081 1341 2121 Refugo
1356 2081 1435 2121 sole]
1472 2082 1635 2123 Prodigio
1657 2083 1795 2116 summis

1087 2133 1276 2163 sceleribus
1294 2131 1505 2163 detestandis
1517 2137 1647 2164 notato.
1672 2133 1771 2166 Idem.

1129 2185 1192 2213 400
1220 2181 1386 2221 Reddidit]
1426 2183 1504 2213 Non
1535 2182 1629 2223 prior
1663 2183 1793 2222 intulit,

1086 2234 1145 2264 sed
1160 2234 1270 2264 scelus
1288 2234 1416 2264 scelere
1441 2233 1531 2264 ultus
1556 2238 1620 2265 est.
1665 2234 1792 2265 Reddi-

1086 2290 1152 2324 tur,
1169 2285 1258 2325 qnod
1277 2285 1519 2324 repercutitur.
1541 2285 1639 2315 Idem.

1132 2339 1194 2366 402
1219 2335 1286 2366 Hic
1310 2334 1428 2374 odium]
1451 2335 1508 2365 Ita
1536 2334 1657 2375 scripti
1683 2335 1794 2367 multi.

1085 2387 1183 2427 prim.
1200 2386 1314 2416 vatic.
1339 2386 1463 2425 aliique
1486 2386 1675 2424 complures
1691 2383 1792 2417 Hinc.
1817 2422 1819 2424 ,

1086 2436 1221 2479 quidam
1240 2437 1340 2467 etiam
1358 2436 1439 2466 Hoc.
1465 2435 1578 2474 Vulgo
1596 2436 1677 2466 Hoc.
1711 2437 1793 2466 Bar-

1085 2487 1172 2517 thius
1197 2486 1293 2517 Huic.
1309 2489 1345 2516 et
1372 2486 1421 2515 sic
1447 2485 1581 2526 quintus
1596 2485 1709 2516 Vatic.
1744 2486 1790 2516 D.

1086 2537 1200 2567 Heins.

1127 2589 1259 2618 Perdita
1292 2587 1376 2627 jura]
1423 2585 1532 2616 Omne
1567 2585 1627 2617 fas.
1661 2587 1791 2618 Merito

1084 2647 1165 2677 crgo
1192 2637 1330 2667 fratrem
1358 2637 1509 2667 deseruit
1526 2641 1561 2667 et
1578 2639 1791 2677 expugnavit

1083 2688 1265 2718 Mascezei.
1289 2689 1297 2703 ‘
1316 2687 1419 2717 Nulla
1433 2687 1521 2717 enim
1544 2687 1697 2718 amicitia
1712 2696 1788 2718 esse

1083 2748 1187 2779 supra
1200 2738 1293 2778 leges
1307 2737 1432 2768 debet)
1454 2738 1571 2769 Barth.

1125 2791 1188 2820 403
1214 2789 1302 2819 Nudi
1315 2789 1440 2829 pulvere
1457 2787 1584 2828 Manes]
1618 2788 1724 2820 Velut
1739 2787 1788 2819 in-
