1851 3213
291 205 405 249 1336

527 220 671 252 No'rAE
702 221 970 254 VARIORUM
1003 223 1056 254 IN
1090 224 1165 256 CL.
1199 225 1384 256 CLAUD.
1417 227 1526 259 vul.

335 314 496 355 Lerasset]
520 316 606 348 Quae
618 317 660 348 ad
673 317 887 349 solennitatis
897 318 996 359 hujus
1043 319 1133 359 palus
1150 321 1300 351 Maeotia.-
1324 320 1381 351 ubi
1400 321 1553 353 Moeoeida
1575 331 1754 363 perperam

291 365 554 405 explicationem
573 368 762 407 pertinent,
789 374 871 409 pete
895 379 936 400 ex
957 370 996 400 P.

291 414 417 446 Pithoei
433 416 496 448 JC.
513 416 656 449 Advers.
672 419 802 451 subsec.
823 428 863 450 ιι.
877 423 908 451 6.
932 420 997 450 Lo-

291 475 350 496 cus
368 475 432 496 non
458 467 597 498 videtur
611 469 747 500 omnino
774 479 873 501 sanus
891 481 898 501 :
919 480 997 502 nam

291 515 370 556 quid
397 522 450 548 est
475 519 604 548 militem
631 529 702 550 voce
731 521 832 552 levare
858 521 997 562 Impera-

290 566 412 599 torem?
438 568 502 598 nisi
520 567 610 600 forte
627 570 670 601 sit
696 569 816 602 faustis
829 573 996 604 acclama-

291 617 439 648 tionibus
451 620 609 660 prosequi
624 631 632 657 ;
658 621 718 651 sed
735 621 819 652 illud
832 632 898 653 non
912 624 996 655 satis

289 671 398 699 totum
415 669 517 699 ritum
541 671 715 710 explicat3
740 672 856 714 itaque
873 684 995 706 censeo

289 719 545 751 rescribendum
562 731 570 751 t
594 722 603 737 ‘
622 722 688 752 Sed
706 732 785 754 mox
800 734 874 755 cum
893 725 995 756 solito

288 768 383 799 miles
401 774 435 800 te
450 780 543 801 more
561 771 730 811 levasset‚’
752 774 814 804 διο.
852 774 994 815 Dempst.

333 821 393 849 175
420 819 538 850 Nubila
551 820 692 851 dissolvit
706 822 856 863 Phoebus]
881 823 912 854 A
926 826 996 856 ela-

288 867 436 899 titudine
452 869 523 900 diei
548 870 650 901 sumit
667 881 766 902 omen
789 873 996 916 illustrisju-

287 919 459 960 cundique
476 919 581 951 futuri
596 921 822 962 principatus.
846 924 965 956 Barth.

332 973 392 1001 177
428 972 600 1003 Adversum
627 973 750 1013 patitur
786 975 994 1017 Chalcedona]

285 1023 368 1053 Tam
385 1023 511 1054 claram
529 1024 717 1065 derepente
735 1026 862 1057 Lucem
884 1033 994 1059 ortam

285 1073 386 1111 dicit,
402 1082 479 1104 cum
500 1072 694 1114 Augustum
708 1075 873 1108 honorem
891 1088 993 1119 cape-

284 1130 339 1157 ret
361 1126 547 1166 Honorius,
568 1131 605 1158 ut
633 1128 725 1159 nullo
754 1130 891 1169 negotio
908 1132 994 1162 Con-

284 1176 507 1218 stantinopoli
537 1182 630 1208 trans
659 1179 872 1219 Bosphorum
898 1184 993 1213 cerni

284 1228 439 1268 potuerit
462 1228 635 1268 Bithyniae
666 1230 830 1270 oppidum
855 1231 994 1263 Chalce-

284 1276 363 1308 don.
408 1278 487 1308 Non
513 1278 614 1318 longe
635 1283 750 1310 autem
775 1280 898 1313 dissita
920 1283 992 1315 haec

284 1327 451 1367 Byzantio
468 1327 600 1360 civitas.
646 1329 743 1360 Idem.

328 1380 391 1407 179
427 1377 559 1418 Thrace]
601 1379 760 1412 Thracia.
799 1381 992 1415 Montosam

282 1427 455 1467 regionem
481 1429 691 1468 nebulosam,
712 1441 817 1472 quare
837 1433 992 1465 miraculi

281 1478 390 1509 instar
402 1478 468 1510 fuit
484 1484 589 1511 totam
603 1481 744 1514 nitidam
758 1490 991 1525 conspectam.

327 1530 496 1570 Rem'dent]
534 1532 711 1572 Rejiciunt
742 1534 991 1575 quodammodo

281 1585 420 1620 captum
434 1581 662 1623 splendorem,
672 1583 899 1627 ingeruutque
913 1597 991 1619 ocu-

281 1630 323 1660 lis
341 1640 593 1671 repercussum.

324 1684 388 1712 180
423 1684 520 1714 Palus
548 1687 654 1716 radios
688 1688 839 1721 BIoeotica
872 1691 991 1732 vibrat]

282 1729 445 1762 Lucensis
468 1738 504 1763 et
528 1735 708 1767 Mediccns
734 1748 819 1770 unns
844 1741 988 1774 llIoeotz'a.

279 1781 356 1812 Lib.
375 1791 414 1814 11.
442 1783 473 1813 in
496 1785 642 1825 Eutrop.
682 1787 852 1826 Nonfreta
867 1791 988 1830 longin-

279 1832 349 1871 quis
374 1833 507 1863 Moeotia
534 1835 671 1874 piscibus
695 1839 837 1877 explent:
871 1841 917 1872 sic
942 1843 988 1873 le-

279 1882 437 1922 gendum.
489 1884 618 1925 Scripti
650 1887 803 1928 plerique
836 1891 988 1924 Maeotida

279 1937 424 1974 utroque
460 1935 554 1966 loco:
605 1937 695 1977 quod
730 1939 917 1982 σολοικίζει,
948 1953 987 1975 ac

279 1983 423 2023 proinde
453 1983 538 2016 ferri
567 1996 633 2017 non
663 1992 789 2027 potest.
836 1991 988 2024 Maeotide

276 2032 347 2072 ripa
362 2038 478 2065 noster
496 2040 590 2067 recte
613 2037 702 2069 dixit
726 2039 825 2072 Bello
842 2042 934 2074 Gild.
952 2050 987 2075 et

277 2093 333 2113 ara
347 2084 498 2116 Moeotide
513 2086 700 2119 Juvenalis.
720 2094 755 2120 et
770 2091 878 2132 hyeme
892 2095 988 2125 Maeo-

277 2134 342 2165 tide
361 2135 464 2168 Ovid.
487 2137 653 2169 Moeotides
670 2142 800 2179 paludes
827 2143 925 2176 Oros.
951 2151 986 2178 et

278 2185 447 2217 Moeotidas
462 2190 562 2219 undas
578 2190 706 2222 Lucan.
721 2192 782 2224 lib.
800 2203 856 2226 111.
873 2196 882 2213 ‘
897 2197 987 2229 Qua-

277 2245 342 2276 que
359 2236 485 2269 fretum
512 2244 644 2271 torrens
671 2243 856 2277 Maeotidas
876 2249 987 2288 egerit

277 2285 406 2318 nndas.’
431 2287 487 2318 Sic
500 2289 585 2320 bene
600 2293 727 2324 vetusti
743 2295 889 2329 codices.
915 2299 986 2330 Cae-

279 2340 389 2368 terum
418 2347 479 2378 pro
500 2340 669 2372 Maeotz'cus
695 2343 729 2374 in
754 2347 891 2385 optimis
919 2358 986 2380 non

276 2387 377 2428 hujus
401 2393 534 2420 tantum
561 2392 735 2432 scriptoris
763 2397 823 2427 sed
841 2398 984 2430 aliorum

276 2438 380 2469 etiam
401 2439 580 2479 poetarum
604 2446 856 2484 exemplaribus
884 2451 985 2481 Moeo-

275 2487 341 2518 tius
370 2489 572 2531 plerumque
608 2493 745 2534 legitur,
777 2503 813 2528 et
846 2501 984 2539 quidem

276 2538 396 2579 probe.
443 2540 499 2571 Ita
525 2542 616 2582 apud
644 2545 765 2585 Virgil.
791 2548 825 2578 in
853 2551 984 2589 optimo

275 2588 363 2619 libro
393 2590 567 2630 Mediceo,
597 2592 725 2635 Georg.
754 2606 810 2628 111.
852 2600 983 2632 Maeotia

276 2640 370 2671 unda.
386 2644 421 2671 et
444 2642 517 2673 AEn.
534 2652 583 2673 V1.
614 2644 747 2677 Moeotia
761 2649 862 2679 tellus.
887 2651 984 2682 Moeo-

277 2690 324 2720 tia
337 2691 428 2721 tellas
444 2692 534 2732 apud
548 2698 698 2725 nostrum
716 2707 764 2729 VI.
781 2699 879 2732 Cous.
890 2702 982 2734 Hon.

277 2745 314 2771 et
338 2741 471 2772 Maeotia
487 2743 589 2776 Cons.
613 2744 747 2787 Olybrii
763 2749 983 2793 absolute,ut

277 2791 498 2824 scribendum
523 2799 618 2836 puto.
660 2796 830 2841 Lucanus,
856 2802 914 2834 lib.
942 2813 981 2836 11.

1046 372 1200 402 nonnulli
1216 372 1359 412 scripti:
1385 376 1488 413 atque
1503 373 1552 403 ita
1575 378 1752 406 exaratum

1046 422 1148 453 etiam
1165 422 1197 453 id
1215 432 1337 454 nomen
1354 423 1386 453 in
1404 423 1534 463 optimo
1551 424 1661 455 Curtii
1678 425 1754 457 Me-

1046 472 1135 504 dicei
1149 474 1266 505 codice
1279 473 1518 505 animadverti.
1552 475 1600 505 D.
1618 475 1732 508 Heius.

1090 526 1149 554 181
1183 525 1250 555 Nec
1277 525 1398 555 Boreas
1425 525 1543 556 nimbos
1571 526 1642 566 aut]
1683 527 1755 558 Non

1046 578 1187 616 utroque
1205 576 1280 606 loco
1293 576 1430 608 Junian.
1448 586 1515 607 non
1530 577 1629 607 male.
1654 577 1754 610 Idem.

1092 626 1157 657 Nec
1172 627 1293 658 Boreas
1306 627 1439 667 nimbos]
1465 628 1589 668 Neque
1612 627 1752 659 nimium

1044 675 1156 706 Solem
1171 676 1294 707 bibisse
1308 687 1426 718 aquam
1445 677 1569 717 pluviis
1584 675 1754 708 faciundis

1045 727 1105 763 ait,
1127 736 1237 767 neque
1263 732 1382 758 ventos
1408 728 1563 759 turbasse
1589 727 1753 769 liquidam

1045 775 1114 806 diei
1130 777 1363 808 serenitatem.
1397 778 1515 810 Barth.

1088 828 1150 856 182
1175 826 1307 866 Imperii
1333 827 1403 867 lux]
1439 828 1575 858 Natalis
1607 828 1755 869 imperii,

1043 876 1246 917 Spartiano:
1272 877 1414 918 Imperii
1433 888 1501 918 ver,
1516 879 1668 910 Sidonio.

1084 928 1253 967 Prcesagus
1265 928 1368 959 obibat
1387 929 1524 970 Cuncta]
1536 929 1756 961 Reviviscen-

1045 979 1135 1010 tibus
1151 980 1246 1011 velut
1263 979 1444 1012 sideribus.
1483 980 1537 1011 Ita
1553 981 1643 1011 enim
1658 980 1756 1012 Sido-

1042 1029 1140 1060 nius:
1182 1031 1191 1047 ‘
1210 1030 1356 1071 praescia
1384 1030 1486 1061 tellus
1516 1029 1633 1061 Aurea
1671 1040 1751 1061 con-

1043 1089 1141 1110 verso
1158 1081 1315 1120 promisit
1331 1081 1442 1111 secula
1458 1080 1583 1112 foetus:
1614 1081 1730 1113 Barth.

1087 1133 1147 1161 185
1174 1131 1271 1162 Stella
1288 1132 1354 1172 die]
1387 1132 1585 1162 Notandum
1611 1132 1753 1163 Stellam

1042 1180 1075 1210 in
1100 1181 1154 1211 ‹lie
1171 1181 1274 1211 visam
1303 1191 1364 1221 pro
1392 1181 1480 1212 bono
1505 1181 1753 1222 fortunatoqne

1042 1232 1153 1262 omine
1167 1237 1282 1263 nostro
1306 1232 1646 1273 aecipijactarique:
1675 1242 1753 1264 cum

1043 1282 1193 1323 alioquin
1234 1288 1354 1313 contra
1390 1283 1569 1323 habeatur,
1610 1283 1750 1316 turbato

1043 1332 1207 1363 videlicet
1237 1333 1370 1371 ordine,
1396 1338 1431 1363 et
1461 1333 1580 1373 majori
1609 1334 1752 1366 Lumine

1042 1386 1162 1412 contra
1178 1382 1348 1413 Naturam
1363 1383 1487 1414 minori
1503 1383 1663 1415 cedente.

1088 1432 1274 1463 Dubitanda
1293 1432 1388 1472 nihil]
1413 1433 1517 1464 Certo
1540 1434 1754 1474 conspicien-

1043 1483 1119 1514 dam
1142 1493 1178 1514 se
1197 1484 1305 1514 oculis
1328 1484 1496 1524 ingerens.
1533 1484 1753 1517 Dubitandum

1043 1533 1170 1565 dicitur
1199 1534 1254 1565 cui
1290 1535 1362 1565 viso
1388 1533 1496 1565 fidere
1533 1538 1648 1565 tamen
1684 1545 1752 1567 non

1042 1585 1165 1624 possis.
1604 1621 1609 1626 ⁷

1088 1635 1185 1666 Crine
1204 1634 1324 1674 retuso]
1350 1635 1482 1675 Crines,
1499 1634 1583 1666 clari
1602 1636 1751 1668 eminen-

1042 1689 1162 1726 tesque
1178 1685 1326 1715 siderum
1343 1685 1444 1716 radii.
1481 1686 1599 1716 Barth.

1087 1736 1183 1767 Crine
1198 1736 1316 1775 retuso]
1341 1736 1441 1766 Hanc
1454 1745 1570 1767 veram
1587 1746 1661 1768 esse
1679 1738 1748 1769 lec-

1041 1787 1168 1817 tionem
1195 1787 1382 1817 monuimus
1406 1786 1656 1827 Cons.'Olybr.
1682 1798 1748 1819 non

1039 1836 1201 1868 audiendi
1224 1837 1330 1876 igitur
1355 1836 1476 1876 scripti
1502 1837 1581 1867 libri
1604 1843 1639 1869 et
1666 1838 1750 1870 Del-

1040 1888 1120 1926 rius,
1137 1887 1195 1928 qui
1208 1887 1409 1918 sollicitant.
1441 1887 1488 1917 D.
1504 1887 1617 1918 Heins.

1083 1941 1146 1968 186
1165 1938 1308 1973 Quantus
1319 1940 1503 1967 numeratur
1517 1941 1605 1968 nocte
1618 1938 1749 1979 Bootes]

1039 1989 1151 2020 Unam
1189 1988 1325 2019 stellam
1362 1988 1618 2027 Honorianam;
1662 1989 1749 2021 hanc

1040 2040 1104 2071 toti
1121 2043 1212 2070 astro
1228 2039 1350 2069 Bootae
1367 2043 1558 2078 comparat.
1595 2039 1750 2071 Numera-

1039 2094 1091 2121 tur
1106 2095 1218 2121 autem
1235 2089 1325 2120 dixit
1341 2089 1383 2120 ob
1400 2090 1655 2121 multitudinem
1672 2092 1751 2122 stel-

1038 2142 1147 2171 larum
1171 2140 1205 2171 in
1227 2150 1267 2170 eo
1291 2138 1406 2171 Astro.
1450 2139 1548 2171 Alias
1574 2151 1748 2180 numerare,

1038 2196 1077 2222 ut
1109 2201 1203 2222 suum
1229 2191 1364 2230 ἀριθμεῖν
1394 2190 1538 2230 Graecis,
1563 2192 1747 2232 aestimare,

1038 2243 1091 2273 vel
1109 2248 1144 2273 et
1168 2241 1323 2272 venerari
1341 2240 1558 2283 quaudoque.
1592 2242 1649 2273 Ita
1665 2243 1674 2260 ‘
1689 2253 1748 2274 nu-

1037 2302 1188 2323 merosus
1213 2291 1357 2322 Hortus'
1385 2292 1600 2332 Columellae,
1625 2291 1747 2333 dignus

1038 2342 1203 2381 diligente
1217 2350 1323 2382 opera
1339 2345 1374 2371 et
1391 2341 1590 2380 scriptione.
1626 2341 1746 2373 Barth.

1083 2395 1144 2422 189
1168 2391 1243 2421 Sive
1257 2400 1370 2431 parens
1383 2389 1618 2430 Augustafuit]
1641 2391 1743 2422 Haud

1037 2442 1137 2473 dubie
1154 2442 1197 2473 (le
1215 2441 1362 2472 Placilla
1378 2440 1450 2470 sive
1479 2440 1650 2480 Flaccilla,
1674 2442 1746 2473 Ho.

1036 2493 1123 2524 norii
1155 2496 1276 2529 matre,
1304 2489 1465 2530 loquitur,
1498 2499 1575 2530 quae
1609 2491 1745 2524 obierat

1031 2545 1103 2585 jam
1131 2544 1210 2574 dum
1241 2539 1436 2572 Theodosio
1469 2539 1594 2571 bellum
1621 2547 1744 2574 contra

1036 2594 1224 2624 Maximum
1246 2595 1405 2632 parante,
1426 2594 1464 2620 ut
1491 2590 1644 2622 Zosimus
1670 2593 1743 2624 alii-

1037 2653 1101 2684 que
1113 2643 1205 2674 clare
1224 2645 1406 2680 testantur,
1423 2640 1512 2681 quod
1525 2646 1604 2681 post
1618 2641 1743 2675 bellum

1035 2693 1227 2726 confectum
1255 2692 1449 2732 Imperator
1474 2690 1586 2723 factus
1607 2697 1661 2724 est
1684 2693 1741 2725 de-

1034 2755 1123 2776 mum
1143 2743 1328 2775 Honorius.
1359 2742 1457 2773 Idem.

1078 2799 1138 2827 190
1164 2795 1243 2826 Diri
1264 2794 1348 2825 sidus
1363 2793 1426 2834 avi,
1441 2802 1494 2824 seu
1521 2796 1553 2825 le
1569 2804 1659 2835 prop.
1680 2795 1742 2835 us.]
