1851 3213
299 233 413 274 '1216

299 341 444 374 iudicat.

309 408 311 412 ·
343 396 384 424 32
412 395 606 433 Gloriafusa
625 396 735 438 Probi]
752 397 848 429 Idem
860 398 1005 437 Probus,

300 450 339 475 ut
351 449 448 485 patet
462 456 502 475 ex
516 451 586 477 vet.
603 447 826 488 inscriptione
842 448 908 480 fuit
924 449 1007 479 Pro-

299 496 418 526 consul
437 495 578 534 Africae,
596 496 762 529 Praefect.
783 499 890 530 Praet.
925 499 1008 540 Illy-

300 544 534 585 rici‚Africae,
560 547 760 580 Galliarum.
806 550 933 580 Consul
957 560 1009 581 or-

300 595 466 635 dinarius,
505 598 692 628 Consulum
724 605 834 639 pater,
865 600 908 630 de
941 610 1005 642 quo

299 648 532 679 Prudentius:
552 650 561 666 ‘
576 650 701 680 Fertur
718 651 807 681 enim
826 656 903 681 ante
924 652 1006 682 alios

299 708 485 740 generosus
504 701 643 732 Anicius
671 701 761 732 orbis
790 702 1006 732 Instaurasse

299 752 428 792 caput.'
476 752 571 783 Alias
597 753 702 783 urbis:
730 756 852 783 contra
881 753 1007 783 verita-

300 806 389 832 tem:
415 812 491 833 nam
515 803 619 833 Ovid.
643 804 651 818 ‘
671 803 778 832 Roma
806 802 1007 841 triumphati

300 850 380 882 dum
397 856 503 891 caput
521 851 608 881 orbis
623 851 691 881 erit
707 851 726 880 :’
751 855 789 880 ut
806 850 920 882 obiter
944 850 1006 881 hoc

299 901 459 932 indicem.
485 901 660 932 Cluverius.

344 952 447 986 Quam
463 962 516 982 nec
531 954 674 990 ventura,
690 951 760 991 ὅπῃ]
784 951 947 983 Barthius
959 952 1007 983 sic

299 1002 482 1042 legendum
512 1007 652 1034 censet:
679 1003 688 1019 ‘
706 1012 804 1044 quem
831 1013 895 1034 nec
930 1013 1008 1033 ven-

300 1057 378 1083 tura
389 1053 540 1084 silebunt
558 1055 692 1093 Lustra,
720 1063 784 1084 nec
812 1053 931 1094 ignota
957 1064 1008 1084 ra-

299 1104 374 1144 puit
402 1104 465 1134 sub
492 1104 582 1135 nube
614 1103 791 1135 vetustas.’
837 1104 1008 1134 Nobilita-

299 1161 369 1185 tem
386 1155 654 1185 vetustissimam
680 1154 779 1185 modo
797 1164 899 1194 supra
916 1165 1007 1185 com-

299 1205 495 1236 mendavit:
517 1215 574 1245 per·
594 1205 701 1243 fasces
718 1208 922 1236 numerantur
937 1206 1009 1237 avi:

299 1260 339 1287 ut
370 1265 452 1296 ergo
486 1257 579 1286 nulla
606 1257 637 1287 ei
668 1260 823 1286 vetustas
851 1257 1009 1287 nocuerit

298 1307 472 1345 hactenus,
497 1306 546 1336 sic
562 1305 708 1346 spondet
725 1306 773 1336 illi
791 1310 1008 1346 posterorum

300 1367 400 1397 porro
415 1357 698 1388 celebrationem.

341 1410 382 1438 33
409 1408 476 1437 Nec
492 1408 600 1445 ignota
617 1407 719 1447 rapiet
743 1407 798 1438 sub
815 1407 892 1439 nube
909 1412 1008 1439 vetus-

297 1458 361 1498 tas]
415 1458 559 1497 Ignotum
604 1457 821 1489 Gronovius:
880 1459 1008 1489 obscura

299 1508 461 1548 Isingrini
480 1508 590 1539 libor:
616 1512 654 1539 ut
684 1509 773 1549 apud
801 1509 933 1548 Silium,
949 1509 1006 1541 lib.

299 1567 377 1590 xw.
399 1560 408 1574 ‘
427 1558 598 1589 Mulciber
620 1559 774 1589 obscurae
799 1564 912 1590 tectus
929 1561 1008 1591 cali-

300 1609 377 1649 gine
401 1609 521 1640 nubis!
568 1610 732 1640 Barthius
760 1615 932 1649 praeterea
957 1621 1008 1641 ra-

296 1660 367 1699 puit
398 1659 518 1698 reponi
551 1660 624 1690 vult
661 1669 724 1699 pro
754 1661 870 1700 rapiet,
915 1661 1006 1691 aliud

299 1719 423 1748 agens:
448 1719 515 1739 non
544 1709 633 1740 enim
652 1710 693 1740 de
711 1710 824 1751 aliquo
842 1711 968 1741 dudum
987 1721 1005 1742 e

299 1759 385 1790 vivis
401 1759 536 1790 sublato
555 1759 661 1790 verba
675 1760 730 1791 liic
746 1759 829 1791 facit
846 1761 1006 1792 Claudia-

300 1819 376 1848 11115,
393 1810 452 1841 sed
469 1810 512 1840 de
531 1816 627 1850 patre
647 1810 783 1850 Olybrii
798 1821 836 1841 ac
854 1812 1006 1852 Probini,

299 1870 398 1902 quem
420 1861 494 1900 ipse
518 1861 678 1891 Bartliius
701 1861 810 1892 adhuc
842 1863 1005 1902 supersti-

301 1918 370 1942 tem
389 1911 507 1950 fuisse,
535 1922 610 1942 cum
627 1912 700 1942 hoec
726 1912 959 1943 scriberentur
987 1923 1006 1944 a

301 1962 506 2003 Claudiano,
535 1963 639 2002 paulo
677 1967 757 1993 ante
785 1964 1006 1994 asseverabat

299 2024 332 2054 p.
345 2017 376 2045 2.
400 2024 603 2055 quamquam
621 2014 803 2054 immerito,
819 2020 856 2045 ut
871 2015 1003 2055 opinor.

300 2065 345 2095 D.
368 2065 477 2096 Heins.

341 2114 406 2145 Sub
425 2115 517 2155 nube]
542 2115 612 2146 Sub
631 2116 852 2147 obscuritate.

342 2168 381 2195 35
408 2166 541 2206 Tethyos
553 2165 713 2205 ambages]
739 2165 909 2206 Ambages
927 2171 1006 2197 sunt

300 2215 570 2246 exorbitationes
583 2222 619 2247 et
631 2217 852 2256 evagationes
868 2217 909 2247 de
927 2217 1002 2248 via:

300 2264 381 2295 alibi
399 2265 580 2297 Claudian.
614 2269 622 2284 ‘
642 2267 752 2308 longis
780 2268 862 2298 illuc
891 2268 1003 2299 amba-

299 2318 395 2358 gibus
413 2318 503 2349 itur.'

312 2376 318 2379 ·
342 2369 563 2408 Atlanteosque
578 2371 726 2410 recessus]
761 2370 1004 2410 Atlantidosqne

300 2430 384 2451 nnus
414 2421 604 2452 Mediceus.
664 2423 769 2452 Forte
796 2422 1003 2452 Atlantiacos-

298 2481 378 2512 que:
401 2471 556 2512 sequenti
584 2481 685 2502 versu
712 2473 740 2502 si
763 2472 831 2512 quis
851 2473 1004 2503 Maeotida

298 2521 387 2552 idem
405 2521 503 2553 liber.
528 2522 570 2552 D.
588 2521 702 2552 Heius.

341 2575 383 2604 36
408 2572 572 2611 Moeotica]
596 2572 739 2602 Scilicet
753 2573 850 2612 palus.
881 2573 1002 2604 Barth.

344 2624 493 2654 ZlIoeotz'ca
529 2623 643 2663 pascit]
695 2623 828 2652 Moeotia
855 2622 1003 2653 Claverii

299 2674 425 2705 editio:
453 2675 555 2714 paulo
573 2675 711 2712 rectius,
742 2674 831 2714 quod
856 2678 891 2704 et
921 2674 1002 2704 Bar-

300 2725 386 2756 thius
422 2725 509 2756 curis
546 2724 703 2755 secundis
734 2724 875 2755 monuit.
934 2724 1002 2754 Adi

298 2785 374 2817 quae
392 2779 590 2807 annotamus
619 2774 710 2805 infra
726 2784 777 2806 iv.
801 2776 900 2807 Cous.
929 2774 1003 2809 Ho-

301 2826 400 2867 norii,
414 2836 464 2859 vs.
482 2828 556 2858 150.
579 2826 626 2858 D.
646 2825 757 2857 Heius.

569 246 712 277 NOTAE
748 247 1014 278 VARIORUM
1047 248 1100 277 1N
1134 250 1210 279 CL.
1243 250 1425 282 CLAUD.
1459 251 1490 281 1.

1100 348 1141 376 37
1165 345 1230 377 Sub
1242 348 1321 378 Jove
1333 348 1454 389 gelido]
1488 347 1565 379 Hoc
1582 351 1649 387 est,
1679 348 1760 380 aiii-e

1057 394 1193 435 frigido.
1217 398 1273 429 Sic
1293 398 1419 430 Horat.
1435 400 1444 416 ‘
1463 402 1578 429 manet
1595 399 1655 430 sub
1670 398 1761 431 Jove

1057 445 1182 486 frigido
1198 449 1365 488 Venator,
1382 454 1511 480 tenerae
1529 449 1685 490 conjugis
1701 449 1765 481 im-

1058 498 1211 529 memorl
1224 496 1353 531 'Burtla

1103 548 1212 579 Calido
1228 550 1255 580 sz'
1268 552 1335 590 quis
1350 551 1528 589 conjunctus
1538 551 1571 582 in
1585 551 1662 591 axe]
1685 551 1764 584 Hoc

1057 605 1254 639 corruptum
1273 605 1413 641 putant:
1440 612 1505 632 non
1521 611 1583 642 ego
1599 612 1606 632 z
1622 601 1765 639 conjunc-

1057 651 1118 688 tus,
1135 650 1267 681 scilicet
1292 652 1444 682 nascenti
1476 652 1570 690 Nilo,
1598 652 1686 693 quod
1714 661 1766 682 se-

1059 700 1183 739 quitur.
1225 702 1394 739 Conjuncto
1410 701 1603 742 disjunctus
1621 701 1767 742 opponi-

1059 754 1124 779 tur.
1153 751 1342 789 Conjunctus
1356 751 1461 791 igitur
1474 753 1669 791 contiguus,
1682 761 1762 782 oon-

1059 800 1223 830 1ermiuus
1235 811 1242 838 3
1256 801 1485 841 subintellige,
1497 802 1652 833 nascenti
1667 802 1764 834 Nilo:

1059 850 1188 888 primus
1204 851 1320 880 Vatic.
1335 851 1522 882 com-imus.
1548 852 1709 882 Barthius
1723 861 1765 883 ex

1059 899 1266 931 editionibus
1276 901 1445 931 nonnullis
1458 906 1556 933 notat
1567 906 1768 942 cognatus‚et

1060 951 1327 992 interpretatur:
1348 952 1408 983 sed
1424 951 1564 984 frustra.
1583 953 1630 984 D.
1647 953 1764 985 Heins-

1101 1004 1142 1033 38
1172 1002 1349 1033 Virtutibus
1362 1002 1428 1042 ille]
1461 1004 1599 1034 Summa
1627 1005 1701 1035 laus
1733 1005 1766 1036 in

1059 1052 1297 1092 potentissimo
1324 1053 1472 1084 homine.
1519 1054 1674 1085 Velleius
1691 1055 1767 1096 pul-

1059 1102 1139 1133 chre
1157 1103 1198 1132 de
1217 1103 1369 1134 Catone:
1390 1108 1427 1134 ut
1442 1110 1478 1134 et
1492 1105 1617 1135 Lucan.
1631 1105 1691 1136 lib.
1709 1114 1764 1137 1x.

1059 1154 1067 1169 ‘
1082 1153 1299 1194 Fortunaque
1325 1153 1448 1194 perdat
1488 1153 1662 1195 Opposita
1699 1156 1766 1187 vir-

1060 1208 1134 1234 tute
1151 1204 1280 1236 minas)

1101 1258 1142 1285 39
1163 1255 1577 1296 Nunquamquelevantibus,
1590 1255 1661 1296 ἐγὼ]
1674 1256 1768 1287 Utri-

1059 1314 1163 1346 usque
1194 1306 1353 1336 Fortunae
1385 1306 1515 1344 victor;
1550 1316 1614 1337 nec
1653 1307 1763 1337 elatus

1059 1365 1235 1395 prospera,
1259 1365 1323 1385 nec
1342 1356 1450 1386 victus
1473 1355 1628 1386 adversa.
1668 1356 1762 1388 Hinc

1059 1405 1182 1436 Horat.
1204 1406 1213 1421 ‘
1228 1406 1342 1435 Rebus
1361 1406 1514 1445 angustis
1530 1406 1699 1436 animosus
1713 1411 1763 1437 at-

1060 1463 1125 1495 que
1142 1455 1256 1485 Fortis
1272 1454 1425 1494 appare‚'
1441 1458 1507 1487 ἃς.

1101 1507 1143 1535 40
1169 1505 1359 1545 Circumflua
1375 1506 1468 1546 luxu]
1508 1505 1766 1539 Abundantissi-

1060 1565 1147 1586 mam
1162 1556 1407 1587 abundantiam
1422 1557 1539 1588 dicere
1552 1558 1636 1589 vult.
1649 1559 1766 1591 Barth.

1104 1608 1296 1649 Circumflua
1312 1608 1406 1649 luxu]
1442 1609 1537 1640 Talis
1555 1610 1624 1649 ille,
1636 1610 1694 1641 sed
1709 1621 1766 1642 va-

1059 1657 1122 1698 fer,
1139 1659 1251 1700 Crispi
1269 1669 1374 1700 nepos
1392 1660 1481 1701 apud
1503 1661 1678 1702 Tacitum,
1703 1671 1766 1702 per

1059 1709 1188 1739 cultum
1221 1716 1256 1740 et
1284 1711 1473 1742 mundicias
1502 1712 1582 1742 luxu
1611 1713 1765 1753 propior,

1060 1760 1177 1799 vigore
1195 1761 1296 1791 animi
1315 1771 1375 1801 par
1391 1768 1467 1793 erat
1494 1763 1691 1803 ingentibus
1707 1773 1765 1794 ne-

1059 1811 1173 1851 gotiis,
1190 1821 1297 1852 eoque
1316 1813 1440 1852 acrior,
1456 1823 1523 1854 quo
1548 1824 1700 1844 somnum
1728 1819 1765 1846 et

1058 1862 1212 1893 inertiam
1230 1864 1336 1903 magis
1353 1864 1569 1895 ostentabat':
1594 1864 1693 1895 multi
1707 1873 1765 1895 ve-

1058 1924 1108 1953 ro,
1124 1915 1254 1945 Seneca
1280 1919 1381 1954 teste,
1405 1925 1468 1955 per
1491 1919 1692 1946 ornamenta
1712 1914 1762 1946 fe-

1058 1965 1216 1996 riuntur:
1242 1971 1346 2007 atque
1370 1965 1412 1996 de
1437 1967 1499 1996 hoc
1528 1965 1658 2004 Probo,
1673 1975 1764 2006 quae—

1058 2015 1135 2046 dam
1153 2016 1293 2048 sinistra
1311 2016 1402 2057 apud
1417 2016 1583 2047 Ammian.
1607 2016 1765 2047 Marcell.

1060 2067 1182 2098 Cluver.

1100 2119 1139 2147 41
1168 2117 1327 2148 Intactum
1358 2116 1436 2147 vitio
1464 2125 1588 2147 servare
1611 2115 1764 2158 rigorem]

1058 2168 1138 2198 Nou
1156 2169 1293 2207 vigorem
1310 2168 1458 2209 optimus
1484 2166 1625 2207 Gyraldi
1652 2167 1763 2198 liber:

1058 2221 1097 2248 ut
1114 2218 1200 2249 Cato
1217 2218 1308 2258 apud
1335 2219 1510 2249 Lucanum
1536 2217 1648 2248 dictus
1663 2217 1764 2257 rigidi

1058 2272 1198 2299 servator·
1209 2269 1350 2300 honesti:
1375 2268 1465 2299 unde
1482 2273 1517 2298 et
1534 2272 1676 2308 apparet
1688 2277 1764 2308 per-

1057 2328 1175 2359 peram
1192 2330 1325 2359 regnare
1349 2320 1404 2350 hic
1428 2319 1462 2350 in
1486 2318 1654 2350 nonnullis
1669 2318 1764 2350 libris

1055 2370 1132 2409 legi.
1158 2370 1201 2400 D.
1222 2371 1329 2401 Heius.

1100 2420 1266 2461 Rignrem]
1289 2420 1449 2451 Bai-thius
1466 2420 1550 2461 legit
1563 2421 1713 2460 vigorem,
1728 2419 1763 2452 id

1056 2475 1123 2508 est,
1138 2471 1355 2502 nobilitatem
1373 2471 1488 2510 animi,
1517 2471 1616 2502 rebus
1642 2481 1761 2511 geren-

1055 2521 1106 2551 dis
1123 2525 1250 2561 aptam.

1098 2574 1138 2602 43
1163 2572 1226 2602 Sed
1251 2572 1372 2610 largior·
1388 2571 1498 2612 imbre]
1536 2572 1756 2610 Sparsionem

1055 2621 1230 2662 intelligit,
1259 2622 1360 2661 plena
1386 2631 1497 2660 mauu,
1513 2622 1609 2661 larga
1640 2627 1758 2653 mente

1054 2670 1194 2701 factam.
1219 2671 1335 2701 Barth..
1382 2672 1426 2701 Et
1454 2681 1531 2701 mox
1564 2672 1760 2703 ‘currentia

1053 2722 1214 2753 muuera‘
1240 2722 1366 2753 addet:
1401 2723 1578 2763 eleganter
1606 2727 1642 2755 et
1668 2733 1756 2764 prae·

1052 2773 1145 2805 clara
1161 2772 1325 2805 allusione
1342 2773 1385 2805 ad
1399 2773 1541 2806 missilia
1556 2777 1591 2806 et
1613 2773 1757 2816 sparsio-

1051 2834 1122 2858 nes.
