1852 3182
538 231 586 260 IN

94 323 236 362 suerint,
280 333 323 355 ue
358 323 516 354 videlicet
558 322 726 362 mancipio
766 323 792 353 si

93 374 183 416 quod
203 374 318 405 vitium
333 373 434 412 soret,
455 378 514 403 aut
541 373 568 402 si
595 382 655 412 per
678 374 794 413 nequi-

94 426 174 456 tiam
202 435 294 465 saepe
321 428 484 454 mutasset
507 422 672 461 dominos,
693 422 793 454 faciie

93 476 221 506 crimen
239 474 450 515 proderetur.
484 472 600 503 Barth.

135 528 175 555 35
202 525 347 556 Nudatus
361 522 492 564 quoties]
509 523 693 554 Venalibus
706 523 793 554 enim

91 574 361 605 detrahebantur
392 573 608 611 sestimenta‚
638 574 794 614 inspicie-

90 623 227 663 bantur,
255 628 290 653 et
321 622 606 662 pertentabantur
640 623 793 663 corporis

90 679 220 714 partes,
237 682 278 703 ne
295 682 391 703 merx
408 673 496 703 mala
511 673 630 704 vitium
649 678 793 714 tegeret.

134 724 293 754 Medicum
316 724 389 754 dum
413 724 547 754 consulit
571 723 685 762 emtor-⁴]
716 724 794 754 Non

91 773 181 804 enini
199 773 307 804 oculis
335 773 558 814 manibusque
583 774 650 803 suis
678 774 794 804 crede-

89 823 182 863 baut,
199 829 294 855 tanta
316 828 390 854 erat
417 822 573 854 vafrities
592 834 793 865 mangonum

88 873 123 904 in
139 873 296 914 tegendis
313 873 401 904 vitiis
418 884 599 914 corporum
615 874 792 905 venalium.

88 923 207 954 Barth.

136 975 294 1005 Medicum
319 975 391 1004 dnm
414 975 560 1016 consulit]
584 975 707 1006 Servos
734 975 794 1015 igi-

89 1029 146 1056 tur
160 1026 299 1055 venales
316 1025 440 1055 medici
463 1025 690 1064 inspiciebant
714 1034 795 1055 uou-

89 1084 270 1116 nunquam.
331 1075 477 1115 Emptor
518 1075 655 1114 inspicit
703 1076 794 1115 apud

89 1124 242 1155 Martial.
259 1124 313 1155 lib.
330 1133 380 1155 vx.
397 1126 405 1140 ‘
426 1125 573 1156 Quidam
591 1125 662 1155 siue
681 1125 794 1164 modo,

90 1174 193 1215 Rufe,
230 1175 414 1216 diligenter
460 1176 651 1215 inspectum
689 1177 796 1207 Velut

88 1230 223 1266 emptor
239 1230 297 1255 aut
311 1225 455 1256 lanista!
480 1226 601 1257 Clarer.

132 1278 174 1306 36
214 1275 376 1306 Occultum
413 1276 561 1316 dolorem]

89 1325 208 1356 Barth.
514 1342 516 1346 ν

132 1378 172 1406 38
198 1375 356 1416 Cadur-er]
392 1376 514 1417 Specie
546 1381 581 1408 et
612 1382 716 1409 {etate
741 1388 794 1410 ca-

89 1426 207 1457 daveri
221 1437 320 1467 quam
339 1428 463 1458 homini
481 1429 633 1459 similior.
669 1430 766 1461 Idem.

133 1480 175 1508 39
207 1478 246 1509 In
276 1488 370 1516 rugus
400 1482 483 1509 tutus
518 1478 651 1518 defluxit
682 1479 794 1519 aniles]

89 1528 244 1570 Deffluxit
263 1528 398 1559 videtur
414 1533 598 1570 praestare:
619 1529 675 1560 sed
694 1530 795 1561 aliter

92 1579 222 1620 scripti.
250 1580 296 1611 D.
313 1580 430 1611 Heius.

133 1630 244 1669 Rugas
258 1629 370 1670 aniles]
397 1630 596 1671 Decrepitae
615 1630 728 1662 aetatis
745 1630 794 1661 in-

91 1679 195 1711 dices.
229 1681 344 1712 Barth.

132 1732 173 1761 41
214 1730 258 1760 Et
292 1731 416 1768 foedum
442 1730 577 1770 ignaris]
617 1729 795 1762 Quomodo

91 1784 278 1820 potueruut
291 1781 433 1819 nescire,
447 1790 546 1821 quum
561 1780 648 1810 servi
665 1790 705 1810 ex
720 1779 795 1810 [Ed.

90 1829 203 1861 edicto
234 1831 403 1871 gestariut
432 1831 583 1870 titulum,
619 1830 676 1860 nbi
714 1829 796 1870 quid

90 1880 201 1911 morbi
225 1881 344 1912 vitiive
369 1885 482 1912 esset:
517 1881 590 1921 quis
620 1879 796 1919 fugitivus,

93 1931 168 1971 quis
185 1940 273 1961 noxa
288 1940 354 1961 non
370 1931 518 1962 solutus?
543 1930 632 1960 unde
650 1930 795 1969 Proper-

93 1983 178 2013 tius:
204 1982 300 2013 ‘Ant
323 1992 463 2023 quorum
493 1982 610 2012 titulus
639 1990 700 2021 per
722 1980 796 2011 bar-

92 2033 174 2063 bara
190 2033 279 2064 colla
295 2032 484 2073 pependit!
512 2032 634 2062 Cim-er.

136 2083 266 2114 Foedum
279 2082 403 2122 munus]
428 2082 650 2114 Contumeliae
672 2090 795 2112 nomeu

93 2138 145 2164 est
170 2134 352 2164 Eunuchus
382 2142 494 2170 sanus,
522 2132 646 2162 nedum
664 2131 795 2162 morbo-

94 2194 163 2221 sus,
180 2184 325 2221 vetulus,
348 2183 584 2222 cadaverosus,
603 2182 710 2223 qualis
731 2183 794 2213 istc

92 2234 307 2274 proponitur.
333 2232 451 2263 Barth.

135 2287 178 2315 42
210 2282 324 2323 Jugis]
364 2283 478 2314 Instar
501 2282 658 2323 jumenti.
699 2281 796 2313 Servi

93 2335 184 2366 enim
211 2334 487 2375 quadrupedibus
527 2333 797 2374 aequiparantur,

93 2397 205 2429 neque
223 2392 301 2419 sunt
323 2387 355 2418 in
379 2396 482 2418 censu
499 2385 672 2416 homiuum
695 2390 798 2415 caete-

94 2448 222 2470 mrum.

142 2490 306 2522 Vetustum
336 2488 522 2528 Servitium]

93 2539 235 2572 fectum.
266 2540 382 2571 Barth.

138 2593 180 2621 43
204 2590 394 2630 Servitium]
441 2589 577 2621 Servus.
613 2587 796 2619 Salustius:

94 2642 104 2659 ‘
123 2640 272 2673 Catilina
297 2640 464 2671 credebat
501 2638 643 2670 servitia
671 2637 800 2670 urbana

96 2700 196 2732 posse
209 2689 412 2721 sollicitaril
446 2690 541 2721 Idem.

140 2743 180 2771 45
205 2740 323 2771 Debita
340 2739 514 2780 suppliciis]
534 2739 613 2772 Jam
639 2743 712 2770 tum
727 2747 798 2769 sce-

96 2793 206 2824 lerato
221 2791 365 2823 hominis
380 2791 518 2832 iugenio
539 2790 707 2832 supplicia
721 2798 798 2830 pro-

98 2843 231 2875 merito.
262 2842 360 2874 Idem.

624 1276 794 1308 Morbum.

582 2488 696 2519 AEtate
723 2496 799 2518 con-

414 2917 430 2934 Q

626 230 919 261 EUTROPIUM
957 231 1050 260 LiB.
1084 232 1114 261 1.

1434 221 1548 264 1449

890 322 1008 354 Debita
1023 323 1198 364 suppliciis]
1216 325 1332 355 Dcdita
1345 326 1462 365 scripti
1480 335 1548 357 me-

847 373 969 411 liores;
995 383 1096 404 vere:
1129 375 1160 404 iu
1189 375 1296 415 primo
1318 381 1430 405 tamen
1454 377 1552 407 Yuti-

845 433 928 453 cano
946 423 1071 459 Debet,·
1096 424 1199 455 ctiam
1222 425 1255 454 in
1273 424 1456 456 Oiseliuuo.
1493 426 1549 456 In-

845 472 919 504 fra:
946 477 954 490 ‘
973 480 1068 504 natos
1090 475 1153 505 boc
1181 474 1307 506 dedere
1332 485 1440 516 poenae
1468 476 1550 507 Pro-

844 523 933 553 fuit!
965 524 1068 555 ovid.
1085 525 1227 555 Metam.
1246 533 1329 557 xm.
1353 525 1362 541 ‘
1376 526 1550 556 consortia

845 579 984 613 pectora
1009 584 1116 614 poeuae
1147 575 1322 606 1)edidit:'
1351 580 1388 606 ut
1414 575 1548 617 quidem

847 622 1039 662 legendum.
1074 625 1130 654 Sic
1147 630 1181 655 et
1198 636 1287 656 noxa·
1302 627 1421 657 dedere.
1447 627 1550 657 ovid.

846 672 936 702 Fast.
964 682 988 702 1.
1025 674 1149 704 ‘noxae
1184 675 1245 704 tibi
1277 675 1412 706 deditus
1444 675 1549 707 bostis

844 722 1025 762 Spargitur
1041 721 1148 753 affuso
1166 732 1303 763 cornua,
1323 725 1466 763 Bacche,
1482 735 1549 755 iuc-

846 772 906 802 r0.’
956 772 1199 812 Fragmentum
1228 774 1269 804 de
1301 774 1429 814 origine
1459 774 1550 804 urbis

845 823 985 853 Romae:
1021 823 1029 839 ‘
1049 823 1238 863 Postquam
1273 833 1358 862 rem,
1395 824 1445 853 uti
1473 828 1551 854 aeta.

844 877 929 909 erat,
947 873 1129 912 comperit,
1150 882 1282 903 servum
1306 882 1403 904 noxae
1429 872 1548 904 dedit!

843 922 898 953 sic
917 922 1032 952 Livius
1049 931 1194 962 quoque,
1211 923 1346 960 Festus,
1364 922 1432 953 alii.
1467 923 1548 953 Piu-

844 981 881 1001 ra
905 971 947 1001 ad
980 972 1166 1010 Nasonem,
1205 972 1434 1012 Metamorph.
1467 981 1549 1003 xul.

843 1025 918 1053 001.
937 1023 1027 1053 curis
1045 1023 1213 1053 secundis.
1244 1023 1287 1053 D.
1305 1023 1420 1054 Heius.

887 1076 928 1104 46
953 1074 1072 1104 Matris
1091 1077 1159 1113 post
1180 1074 1313 1114 viscera]
1335 1075 1391 1105 Sic
1415 1076 1550 1106 locutus

846 1123 936 1160 aiibi,
954 1122 986 1152 id
1014 1127 1079 1160 est,
1106 1123 1148 1153 ab
1168 1124 1241 1162 ipso
1260 1128 1348 1154 ortu.
1381 1124 1548 1154 Luciauus

847 1172 954 1203 tradit
977 1172 1215 1203 Eunuchorum
1241 1181 1339 1213 quam
1357 1173 1550 1213 Spadonum

846 1223 1077 1254 conditionem
1105 1232 1180 1254 esse
1209 1223 1383 1255 viliorem:
1409 1225 1443 1254 in
1465 1224 1550 1256 Jure

846 1273 1037 1313 promiscue
1057 1273 1236 1309 habentur,
1254 1278 1372 1314 estque
1396 1273 1469 1304 fere
1495 1283 1550 1314 ge-

846 1324 961 1354 nerale
977 1323 1143 1363 Spadonis
1160 1323 1372 1354 vocabulum.
1398 1324 1521 1355 Clurer.

888 1377 929 1404 47
956 1374 1139 1414 Armenius]
1172 1374 1388 1415 Negotiator,
1415 1384 1548 1415 mango.

846 1424 963 1455 Barth.

888 1477 930 1505 48
953 1474 1081 1505 Monire
1099 1474 1218 1514 mares]
1242 1474 1288 1505 D.
1305 1473 1467 1514 Cyprian.
1484 1474 1549 1515 Ep.

846 1533 887 1555 n.
914 1524 956 1554 ad
983 1525 1110 1555 Donat.
1130 1525 1138 1542 ‘
1157 1525 1328 1556 evirantur
1343 1534 1466 1562 mares,
1481 1534 1551 1555 om-

846 1575 898 1605 nis
917 1575 1024 1605 bonor
1051 1579 1087 1605 et
1103 1574 1199 1614 vigor
1221 1584 1322 1605 sexus
1339 1574 1458 1605 evirati
1479 1583 1551 1605 cor·

846 1625 937 1665 poris
953 1624 1123 1655 dedecore
1141 1625 1310 1656 mollitur!
1338 1624 1454 1655 Prima
1469 1633 1550 1655 vero

847 1676 950 1717 pestis
966 1676 1112 1707 insolitae
1140 1676 1303 1715 inventio,
1328 1682 1366 1706 ut
1391 1676 1464 1706 vult
1484 1676 1550 1706 Pe-

847 1731 934 1756 tron.
953 1726 1131 1756 Persarum
1149 1724 1233 1755 fuit:
1258 1727 1267 1741 ‘
1286 1726 1466 1755 Persarum
1483 1724 1551 1755 ritu

847 1776 935 1805 male
959 1774 1225 1814 pubescentibus
1241 1774 1335 1804 annis
1351 1774 1551 1815 Surripuere
1580 1802 1583 1806 .

849 1825 960 1856 viros.'
998 1826 1096 1856 Licet
1120 1825 1201 1855 illud
1231 1825 1273 1855 de
1299 1834 1372 1862 usu,
1395 1833 1460 1855 non
1487 1823 1551 1854 ori-

850 1875 927 1915 gine
955 1875 1058 1914 possit
1082 1874 1180 1913 capi:
1200 1883 1282 1909 ‚nam
1306 1879 1420 1904 noster
1444 1872 1550 1903 Semi-

848 1924 969 1955 ramidi
1001 1924 1183 1964 Babylonis
1213 1923 1395 1954 conditrici
1426 1922 1459 1953 id
1491 1923 1550 1953 tri-

848 1975 935 2014 buit,
963 1975 1171 2006 assentiente
1194 1974 1374 2005 Ammiano
1397 1973 1454 2004 lib.
1473 1982 1549 2004 xn'.

848 2026 855 2041 ·'
874 2025 982 2064 Qui&
1006 2025 1065 2064 ait,
1088 2027 1095 2041 ‘
1114 2025 1233 2056 videns
1258 2024 1444 2065 spadonum
1473 2023 1550 2054 luri-

847 2075 922 2106 dam
953 2074 1206 2105 inuititudinem
1251 2083 1317 2104 nou
1358 2073 1551 2105 detestatur

847 2126 1041 2157 memoriam
1057 2124 1287 2156 Semiramidis
1314 2123 1442 2163 reginae
1460 2122 1550 2153 iliius

848 2177 986 2215 veteris,
1007 2186 1081 2217 quae
1110 2181 1243 2206 teneros
1265 2183 1372 2205 mares
1388 2173 1552 2204 castravit

848 2227 995 2259 omnium
1027 2226 1136 2267 prima
1149 2225 1170 2255 ?'
1213 2225 1247 2255 id
1280 2228 1392 2254 autem
1424 2222 1552 2254 tenella

829 2282 832 2285 '
848 2277 952 2308 fiebat
969 2281 1083 2315 aetate,
1100 2275 1251 2307 Martial.
1277 2274 1335 2305 lib.
1362 2282 1413 2304 ix.
1436 2273 1500 2313 Ep.
1517 2274 1550 2303 9.

848 2334 886 2359 ut
903 2333 1020 2359 noster
1045 2327 1130 2357 bene
1158 2326 1252 2356 dicat
1273 2328 1411 2365 raptum
1431 2323 1554 2354 Eutro-

850 2378 941 2419 pium
971 2378 979 2393 ‘
998 2376 1041 2407 ab
1065 2376 1168 2406 ubere
1196 2375 1240 2405 ad
1266 2372 1405 2414 poenas.'
1444 2371 1552 2403 Maxi-

849 2438 924 2459 mus
947 2437 1029 2458 sane
1055 2426 1286 2457 eunuchorum
1301 2432 1380 2454 usus
1396 2420 1551 2462 antiquis,

850 2480 1011 2521 Assyriis,
1029 2478 1157 2518 Medis,
1172 2477 1298 2516 Persis,
1312 2473 1453 2512 Graecis,
1469 2472 1553 2504 Cur-

850 2533 916 2564 tius
933 2537 968 2563 et
989 2530 1154 2562 Arrianus
1180 2528 1317 2569 passim,
1338 2526 1403 2556 imo
1426 2529 1461 2555 et
1484 2523 1550 2554 Ro-

850 2582 970 2622 manis,
991 2581 1076 2612 adeo
1104 2585 1142 2611 ut
1166 2577 1371 2610 necessitate
1389 2574 1550 2611 exigente

850 2633 885 2665 id
911 2633 1004 2674 leges
1031 2629 1244 2673 permittant,
1267 2627 1287 2657 l.
1302 2627 1334 2655 3.
1357 2624 1377 2654 l.
1393 2625 1425 2653 4.
1440 2620 1486 2662 ff.
1509 2621 1551 2651 ud

850 2686 909 2724 leg.
940 2682 1115 2716 Corneliam
1140 2680 1178 2709 de
1199 2677 1289 2708 sicar.
1315 2678 1429 2705 tamen
1454 2680 1497 2727 ne
1514 2669 1550 2701 id

849 2734 960 2772 fieret,
972 2732 1085 2763 edicto
1101 2728 1192 2760 cavit
1212 2725 1441 2761 Domitianus,
1457 2731 1489 2752 ιη
1506 2730 1549 2753 eo

849 2794 916 2816 non
934 2779 1118 2822 improbus.
1155 2775 1321 2816 Xiphilin.
1341 2773 1375 2804 in
1398 2772 1551 2804 Nerone.

850 2835 988 2866 Sueton.
1004 2831 1038 2862 in
1054 2828 1181 2860 Domit.
1197 2837 1228 2859 e.
1241 2828 1271 2858 7.
1287 2823 1439 2857 Martial.
1456 2822 1480 2854 l.
1496 2829 1547 2854 vx.
