1852 3182
613 217 994 254 EPIGRAMMATA.
1419 227 1532 270 1169

72 305 164 348 Hic
185 307 377 349 formosa
390 308 516 361 jacet
537 308 724 353 Veneris
746 316 901 357 sortita
919 316 1123 371 figuram,

129 373 448 427 Egregiumque
470 375 607 417 decus
627 378 929 436 invidiamque
952 386 1065 428 tulit.

65 482 174 513 statim
187 484 341 514 decidunt.
387 484 454 515 Hic
471 485 558 522 jacet
576 489 704 527 pulchra
719 491 833 523 liabens
843 494 1107 534 pulchritudinem
1130 497 1269 540 Veneris,
1291 504 1320 532 et
1337 501 1409 533 tulit
1432 503 1524 535 hono-

65 535 131 555 rem
145 525 292 556 eximium
309 525 405 557 simul
421 531 451 558 et
467 528 630 563 invidiam.

678 605 911 618 eeeeeeeeeeee

62 650 159 681 stare
188 650 335 684 dial—2
364 655 452 686 luunt
480 666 541 696 pro
566 663 657 690 ruunt
693 661 757 692 inc.
789 663 904 696 Heius.
939 669 1051 698 cadunt
1090 669 1210 702 Ambr.
1245 676 1360 712 pin—3
1388 674 1524 713 fortuna

61 692 276 766 [godsormosa
289 696 433 729 Pan—4
457 699 607 732 invidiam
633 705 745 735 meruit
771 707 813 737 ai.
846 707 1053 751 invidiamque
1076 714 1152 743 tulit
1168 713 1285 747 Ambr.
1305 721 1384 749 tert.
1398 718 1523 750 Sched.

99 744 118 765 u
145 759 153 767 .

683 865 686 868 ὴ
720 821 864 853 No'rAE

101 888 120 916 3
148 885 291 927 Veneris]
313 888 358 920 Et
373 889 451 921 ideo
468 891 510 921 ab
525 893 588 923 huc
605 894 763 935 zelotypa
818 898 951 929 cxiruiae
976 901 1249 944 pulchritudinis,
1267 907 1326 938 sed
1352 917 1451 949 passa
1469 914 1519 940 ezt

57 935 211 968 extincta
239 938 329 978 tulit,
355 949 414 971 seu
444 940 573 982 habuit,
599 944 760 976 honorem
817 948 946 980 ideirco
964 951 1124 984 iuvidiam
1143 954 1325 988 letiferam.

692 1217 871 1266 XCII.

367 1398 436 1438 412.
499 1398 584 1439 DE
616 1401 816 1444 BIRRO
851 1404 1197 1451 CASTOREO.

52 1505 277 1546 Nomxls
300 1508 453 1549 umbra
474 1517 620 1552 manet
640 1517 823 1559 veteris:
856 1532 955 1558 nam
978 1520 1124 1561 dicere
1147 1522 1323 1574 birrum,

108 1572 170 1614 Ni
193 1572 355 1615 Castor
375 1576 523 1627 niteat,
545 1577 808 1624 castoreum
830 1599 1015 1638 nequeo.

88 1680 296 1713 Simulacrum
324 1684 415 1715 velut
442 1686 610 1727 quoddam
635 1697 774 1724 remanet
789 1696 922 1725 nominis
946 1697 1079 1737 antiqui,
1101 1698 1215 1729 etenim
1236 1709 1296 1730 non
1309 1710 1433 1740 possum
1449 1702 1510 1732 bir-

44 1734 110 1755 rum
125 1726 278 1766 appellare
295 1727 486 1770 castoreum,
508 1731 569 1761 nisi
587 1733 699 1764 Castor
713 1737 841 1769 eluceat.
888 1738 952 1770 Ille
967 1740 1087 1771 Hirrus
1114 1744 1212 1772 emtus
1234 1746 1277 1772 est
1304 1753 1359 1774 sex
1384 1744 1512 1776 solidis:

659 1820 895 1835 eeeeeeeeeeee

89 1862 142 1894 De
165 1864 261 1896 Birro
277 1866 422 1897 Castorea
437 1873 512 1899 erat
538 1870 570 1900 in
588 1871 653 1902 inc.
671 1873 790 1906 Heins.
807 1875 939 1908 Bonon.
956 1878 1037 1909 Lov.
1061 1879 1144 1910 Exc.
1158 1880 1304 1912 Lucens.
1321 1891 1370 1920 pr.
1383 1882 1511 1915 Sched.

43 1904 132 1936 Gnd.
149 1906 204 1936 ed.
221 1907 334 1939 l'arm.
372 1910 422 1941 De
438 1911 536 1942 Birra
555 1917 584 1944 et
610 1916 758 1947 Castorea
777 1918 887 1950 Oxon.
912 1930 981 1951 sec.
1027 1921 1067 1952 In
1084 1923 1164 1955 Vat.
1182 1933 1233 1962 pr.
1251 1932 1316 1954 non
1334 1931 1422 1956 erat.
1468 1926 1509 1957 In

43 1947 124 2020 I131ut.
150 1949 277 1996 issoret.
300 1951 432 1983 duobus
456 1954 578 1988 Petav.
593 1957 714 1990 deerat
730 1960 917 2003 inscriptio.
964 1964 1018 1994 De
1034 1964 1129 1995 Fibra
1148 1965 1294 1999 Castorea
1309 1967 1510 2007 conjecerat

82 1999 214 2023 einsius.

87 2035 103 2063 l
130 2033 281 2065 Numinis
296 2037 377 2067 Var.
396 2038 466 2070 LL.
485 2040 539 2070 ed.
557 2040 659 2073 Antv.
700 2045 822 2076 Nomen
845 2047 935 2078 verbu
952 2049 1030 2080 Vat.
1047 2059 1116 2081 sec.
1155 2048 1272 2082 veteres
1287 2051 1366 2084 ΑΜ.
1402 2053 1510 2085 vetitis·

42 2074 165 2106 Petav.
182 2086 248 2109 sec.
287 2089 345 2110 non
361 2081 462 2111 dicere
486 2088 553 2114 vet.
581 2084 666 2124 Gyr.
699 2088 754 2127 qui
783 2090 991 2130 ascripserat
1013 2093 1021 2108 ‘
1035 2093 1062 2123 si
1079 2092 1199 2123 Castor
1213 2103 1331 2125 recens
1347 2096 1390 2126 sit
1407 2104 1442 2127 et
1460 2097 1508 2127 ni-

41 2122 124 2157 teat,
140 2128 273 2160 nequeo
288 2121 403 2153 dicere
421 2124 576 2155 Birrhum
595 2128 815 2161 Castorenmss
841 2132 909 2169 jam
926 2135 1027 2164 dicere
1041 2136 1119 2166 Vat.
1134 2140 1212 2167 tert.
1236 2138 1332 2170 Rott.
1355 2140 1508 2171 Florent.

41 2160 137 2191 Med.
155 2163 301 2200 sec.jam
314 2165 433 2197 discere
445 2167 497 2198 ed.
513 2168 625 2200 Parni.
639 2171 756 2203 discere
769 2173 834 2204 duo
848 2175 943 2206 Vatt.
959 2178 1054 2209 Rott.
1074 2178 1219 2209 Florent.
1232 2180 1325 2211 Med.
1343 2191 1409 2213 sec.
1426 2181 1508 2214 Pur.

39 2202 159 2235 Petav.
183 2215 250 2238 sec.
278 2206 388 2239 Oxon.
417 2219 484 2240 sec.
517 2211 584 2242 duo
616 2213 732 2246 Amin.
751 2216 833 2247 Cod.
858 2218 976 2259 Epigr.
993 2219 1110 2252 Ambr.
1130 2221 1213 2253 Var.
1238 2223 1307 2254 LL.
1326 2223 1379 2255 ed.
1402 2223 1505 2255 Anw.

39 2245 186 2277 burrhum
202 2248 284 2280 Cod.
298 2250 418 2291 Epigr.
434 2252 623 2286 Ambr.—-2
646 2257 746 2288 niteat
762 2259 842 2290 Vat.
862 2266 941 2294 tert.
959 2268 1025 2294 vet.
1043 2264 1127 2304 Gyr.
1157 2265 1244 2303 juret
1261 2266 1345 2298 Exe.
1360 2268 1505 2299 Lucens.

41 2297 90 2328 pr.
118 2289 198 2320 var.
229 2292 297 2323 LL.
321 2303 339 2324 e
355 2303 462 2334 marg.
480 2296 596 2328 Parin.
633 2299 714 2331 nitet
731 2301 797 2332 duo
810 2302 927 2335 Ambr.
964 2306 1061 2336 intret
1078 2309 1209 2339 Bonon.
1245 2309 1323 2340 vitet
1341 2310 1420 2341 Vat.
1436 2319 1505 2342 sec.

40 2331 105 2362 inc.
122 2332 242 2365 Heius.
258 2335 338 2367 Put.
355 2337 420 2368 duo
438 2339 560 2370 Petav.
575 2340 686 2373 Oxou.
702 2353 769 2375 sec.
789 2345 873 2378 Cod.
891 2348 1006 2388 Epigr.
1018 2349 1136 2382 Ambr.
1149 2351 1229 2381 Var.
1246 2352 1314 2382 LL.
1331 2353 1385 2384 ed.
1400 2354 1504 2383 Antv.

38 2375 117 2404 ciret
133 2375 212 2407 Ald.
250 2378 327 2409 vicet
342 2380 444 2412 dicere
461 2382 642 2415 Castoreum
668 2385 750 2418 Lov.
788 2389 862 2423 vilet
894 2391 1034 2432 conjicit
1059 2392 1230 2425 Heinsius.
1265 2395 1503 2436 Castor-eumque

701 2483 841 2516 NOTAE

80 2544 156 2578 Hoc
183 2548 403 2589 Epigramma
419 2553 516 2585 valde
540 2561 740 2597 corruptum
795 2564 893 2592 texta
910 2572 951 2593 ex
968 2564 1046 2604 pilis
1063 2566 1213 2598 Castoris
1229 2576 1288 2599 seu
1305 2567 1412 2607 fibri,
1434 2566 1502 2599 anl-

36 2598 110 2624 est:
142 2595 184 2627 de
209 2599 271 2630 hoc
296 2600 354 2631 alii
382 2602 447 2634 alia
473 2605 646 2645 sentiunt;
681 2609 740 2639 sed
795 2612 890 2642 malis
907 2615 1080 2654 exquisiti.

34 2643 83 2674 sic
99 2647 262 2685 explicari
279 2657 405 2691 potest.
452 2655 581 2696 Birrus,
608 2667 668 2689 seu
685 2660 740 2690 Bi-
839 2665 855 2693 1
898 2664 1029 2706 Umbra]
1062 2667 1140 2698 Non
1171 2677 1224 2699 res
1254 2667 1341 2707 ipsa,
1369 2666 1499 2698 scilicet

36 2692 127 2732 brus,
143 2702 194 2726 est
206 2707 310 2737 genus
327 2704 443 2743 vestis,
455 2715 543 2746 quae,
556 2709 584 2738 si
601 2718 689 2739 nova
705 2715 741 2741 et
793 2713 899 2744 vestis
916 2714 1078 2757 pretiosa,
1093 2716 1154 2748 sed
1171 2717 1289 2748 umbra
1305 2720 1434 2747 tantum
1448 2724 1497 2745 re-

36 2744 144 2776 nitida
168 2745 285 2789 fuerit,
307 2751 435 2784 dicitur
460 2756 635 2798 Castorea,
661 2760 740 2800 quia
792 2767 919 2794 manet.

124 2798 241 2840 Delph.
256 2805 286 2832 et
307 2804 377 2836 Var.
395 2807 479 2840 Clas.
717 2813 829 2844 Claud.
1344 2821 1363 2849 4
1379 2818 1410 2850 Ε
