1852 3182
662 221 923 255 morbum.
1415 229 1524 273 1121

68 305 118 347 In
133 307 346 361 juvenum
365 313 569 354 membris
591 315 813 358 animosus
834 320 1020 362 cernitur
1039 321 1206 375 horror,

122 374 268 429 Atque
287 379 405 417 oneri
428 384 640 430 metuens,
663 383 1000 441 impavidusque
1022 391 1104 431 sui.

64 439 266 494 ReJectae
285 448 412 483 vento
433 446 682 501 chlamydes
701 464 710 491 ε
743 452 940 495 dextrum
958 459 1103 498 exerit
1123 459 1213 512 ille,
1469 468 1525 509 15

121 508 362 550 Contentus
383 511 498 553 laeva
521 518 784 560 sustinuisse
806 527 986 574 patrem.

60 573 146 616 Ast
165 576 228 615 illi
249 575 449 629 duplices
470 581 514 620 in
534 583 694 624 nodum
719 588 888 639 colligit
912 591 1048 641 ulnas,

117 641 301 685 Cautior
321 646 364 686 in
385 661 498 688 sexu
519 649 726 693 debiliore
745 654 884 697 labor.

57 708 161 750 Hoc
184 724 356 766 quoque
378 719 630 768 praeteriens
653 722 795 762 oculis
816 737 870 764 ne
893 731 1008 768 sorte
1030 729 1270 784 relinquas,

112 775 308 820 Artificis
329 783 473 824 tacitae
495 786 613 838 quod
635 801 823 830 meruere
843 804 1012 835 manus.
1461 806 1519 848 20

57 843 173 885 Nam
196 851 546 902 consanguineos
567 855 717 896 eadem
740 870 839 898 cum
861 858 1000 901 forma
1021 862 1190 916 figuret,

111 910 202 952 Hic
223 916 400 967 propior
421 919 546 959 matri
567 919 613 960 fit
634 927 802 972 tamen,
825 924 897 965 ille
921 929 1049 978 patri.

52 1062 214 1102 expalluit.
261 1064 299 1095 In
322 1076 447 1106 corpore
472 1069 589 1100 horum
608 1071 759 1108 juvenum
785 1075 894 1105 horror
913 1086 1079 1115 generosus
1104 1081 1238 1120 ridetur,
1261 1088 1289 1115 el
1320 1086 1431 1117 timens
1456 1098 1515 1120 suo

47 1105 191 1144 ponderi,
212 1110 243 1137 et
263 1118 323 1138 mm
345 1110 458 1141 timens
476 1111 548 1142 sibi.
596 1114 782 1156 C'ldotnydes
809 1127 927 1149 eorum
950 1126 1146 1152 removentur
1169 1129 1277 1156 vento:
1300 1128 1351 1158 ille
1373 1131 1514 1162 extrahit

49 1146 204 1185 dextram,
218 1151 297 1179 sutis
318 1152 431 1183 habens
445 1158 617 1186 sustentare
631 1160 751 1195 patrem
764 1160 894 1191 sinistra
911 1171 979 1193 sua.
1025 1164 1086 1194 Sed
1104 1166 1188 1196 labor
1197 1171 1382 1208 prudentior
1395 1173 1426 1202 in
1437 1184 1514 1205 sexu

49 1188 218 1229 infirmiore
233 1194 420 1233 constringit
437 1197 484 1227 illi
501 1196 601 1228 fratri
618 1199 650 1229 in
667 1202 777 1232 nodum
803 1204 861 1233 duo
878 1205 1012 1236 brachiu.
1060 1208 1110 1238 Ne
1136 1211 1230 1241 etiam
1246 1211 1359 1249 forsan
1384 1215 1439 1245 hoc
1454 1226 1514 1248 non

48 1231 189 1270 cogitans
203 1235 342 1273 omittas,
358 1239 436 1276 quod
452 1249 559 1271 manus
583 1243 688 1273 tacitoe
704 1245 823 1286 opificis
845 1250 1022 1285 promeritae
1046 1255 1128 1282 sunt.
1177 1254 1302 1285 Etenim
1317 1267 1385 1287 cum
1407 1260 1512 1290 eudem

48 1273 149 1314 imago
165 1282 364 1316 repraesentet
380 1280 462 1312 duos
472 1281 608 1323 fratreS,
624 1285 673 1316 hic
689 1290 793 1318 tamen
801 1287 963 1326 formatur
976 1292 1110 1323 similior
1121 1296 1220 1336 patri,
1242 1298 1292 1328 ille
1309 1301 1412 1332 matri.
1459 1302 1512 1333 111-

661 1381 896 1395 eeeeeeeeeeee

47 1445 176 1478 Buslid.
194 1458 254 1479 oere
279 1451 360 1480 color
388 1456 452 1483 vet.
480 1453 564 1493 Gyr.
592 1465 642 1486 ore
668 1459 782 1487 tremor
810 1459 890 1490 Lov.
921 1461 1049 1493 Buslid.
1076 1474 1138 1495 aere
1163 1469 1278 1497 tremor
1294 1469 1440 1501 Lucens.
1459 1481 1508 1511 pr.

48 1487 164 1520 Ambr.
189 1501 239 1529 pr.
258 1492 342 1523 Cod.
368 1494 485 1535 EpIgr.
501 1497 619 1527 Ambr.
636 1499 718 1530 Var.
748 1501 813 1532 LL.
842 1513 859 1532 e
886 1513 989 1543 marg.
1021 1506 1133 1538 Parin.
1161 1519 1212 1539 ore
1238 1509 1302 1541 duo
1321 1512 1414 1544 Vatt.
1435 1514 1508 1546 Pal.

45 1529 144 1563 Rott.
163 1533 269 1564 Oisel.
285 1545 348 1565 aere
364 1537 442 1567 Vat.
459 1548 527 1568 sec.
555 1541 636 1569 color
651 1541 731 1572 Vat.
758 1548 837 1573 tert.
864 1548 979 1575 tremor
1006 1547 1071 1579 duo
1100 1550 1193 1581 Med.
1222 1552 1286 1583 inc.
1305 1553 1422 1586 Heius.
1440 1556 1508 1588 duo

44 1572 165 1605 Petav.
194 1576 323 1607 Bonon.
353 1578 470 1610 Ambr.
500 1590 549 1620 pr.
579 1582 691 1613 Oxon.
717 1594 785 1616 sec.
809 1586 933 1617 Sched.
960 1588 1050 1619 Gud.
1077 1592 1156 1622 Var.
1186 1594 1252 1624 LL.
1282 1596 1335 1626 ed.
1361 1597 1509 1629 Amm—

47 1616 219 1654 13juvenis
236 1619 328 1651 Rott.
340 1620 423 1652 Cod.
442 1622 560 1663 Epigr.
580 1624 697 1656 Ambr.
709 1627 791 1657 Var.
809 1628 874 1659 LL.
893 1629 946 1660 ed.
961 1629 1066 1662 Antv.
1081 1643 1123 1664 m.
1138 1639 1276 1674 pr.—14
1292 1641 1377 1669 oneri
1390 1639 1507 1673 Ambr.

45 1670 123 1697 tert.
141 1667 224 1699 Exc.
244 1669 387 1701 Lucens.
406 1681 454 1711 pr.
471 1673 550 1704 var.
562 1674 630 1704 LL.
648 1684 666 1704 e
683 1686 788 1716 marg.
808 1678 923 1710 Parm.
939 1683 1000 1712 omi
1016 1682 1080 1712 duo
1095 1683 1188 1715 Vatt.
1203 1686 1286 1717 omni
1305 1688 1422 1720 Petav.
1438 1700 1506 1722 sec.

45 1718 162 1740 omnem
178 1710 253 1742 Pal.
271 1711 336 1743 duo
354 1713 448 1744 Med.
471 1725 556 1746 omen
570 1717 649 1747 Vat.
676 1724 787 1758 quart.
815 1721 909 1752 Rott.
938 1724 1018 1755 Put.
1046 1725 1167 1757 petav,
1198 1737 1248 1767 pr.
1282 1730 1409 1762 Buslid.
1427 1733 1508 1766 Var.

44 1751 114 1783 LL.
130 1753 183 1784 ed.
200 1753 304 1786 Antv.
321 1765 365 1786 m.
380 1761 514 1796 pr.—15
539 1760 652 1790 dextra
665 1763 762 1799 egerit
781 1763 875 1794 Rott.
893 1765 947 1796 ed.
969 1767 1080 1799 Parm.
1099 1770 1201 1800 exerit
1217 1775 1284 1801 vet.
1303 1772 1386 1813 Gyr.
1403 1779 1506 1815 atque

44 1793 92 1824 ita
109 1795 246 1836 legebat
262 1797 438 1838 Heinsius,
454 1801 510 1841 qui
530 1802 744 1843 Propertium
761 1807 977 1847 ascripserat,
993 1820 1060 1840 non
1086 1811 1192 1842 citato
1211 1813 1296 1844 loco.
1321 1817 1420 1853 egerit
1437 1822 1506 1850 tres

44 1837 139 1868 Vatt.
156 1838 230 1870 Pal.
249 1839 354 1872 Oisel.
367 1842 518 1874 Florent.
535 1850 605 1876 tres
621 1847 715 1877 Med.
745 1848 808 1879 inc.
826 1850 944 1882 Heius.
964 1852 1045 1883 Put.
1061 1853 1184 1885 Petav.
1202 1866 1267 1887 sec.
1296 1858 1422 1890 Honon.
1439 1860 1505 1892 duo

44 1878 160 1911 Ambr.
178 1882 262 1913 Cod.
280 1884 397 1924 Epigr.
414 1885 532 1917 Ambr.
551 1888 634 1919 Lov.
654 1890 778 1921 Moret.
797 1902 848 1930 pr.
867 1893 981 1927 Oxon.
1009 1906 1076 1927 sec.
1094 1897 1172 1928 Vat.
1200 1899 1308 1930 Livin.
1338 1901 1422 1933 Exc.
1440 1903 1505 1934 Lu-

43 1931 134 1953 cens.
152 1933 201 1963 pr.
218 1926 300 1956 Var.
320 1927 385 1958 LL.
403 1929 457 1959 ed.
474 1929 663 1963 Antv.—l7
687 1932 747 1963 Ast
773 1934 826 1965 ille
851 1936 902 1967 ed.
931 1938 1043 1969 Parni.
1068 1941 1165 1970 undas
1191 1941 1263 1972 Pal.
1281 1942 1347 1973 duo
1364 1945 1505 1977 Med.—

44 1966 84 1994 18
110 1966 222 1997 Cacior
238 1977 298 2008 pro
319 1970 449 2001 Cautior
464 1973 633 2006 Low—19
657 1975 737 2006 Hoec
752 1987 865 2018 quoque
881 1980 974 2011 Med.
1000 1985 1138 2021 [ηπ-20
1160 1984 1266 2014 tacita>
1283 1986 1377 2017 Med.
1396 1993 1504 2028 quart.

41 2007 108 2038 inc.
126 2007 246 2040 Heins.
265 2010 381 2043 Ambr.
400 2018 479 2044 tert.
494 2015 576 2046 Cod.
602 2018 719 2057 Epigr.
740 2020 856 2051 Ambr.
886 2023 970 2053 Exc.
1000 2025 1145 2055 Lucens.
1171 2031 1308 2065 pn—:Zl
1332 2029 1408 2060 Jam
1423 2032 1504 2062 Vnt.

43 2058 112 2080 sec.
133 2051 204 2081 Non
220 2053 284 2083 inc.
303 2054 550 2097 Heins.figural
568 2060 828 2102 Buslid.figeret
844 2064 928 2096 Exc.
945 2066 1089 2098 Lucens.
1109 2071 1246 2106 [ηπ-22
1259 2072 1405 2110 proprior
1419 2074 1502 2105 Var.

45 2091 112 2125 LL.
129 2102 148 2124 e
165 2103 269 2136 marg.
282 2096 397 2128 Parm.
413 2099 455 2129 sit
471 2103 575 2131 tamen
590 2102 685 2134 Rott.
712 2104 806 2137 Med.
833 2116 900 2138 sec.
931 2109 1081 2141 Florent.
1099 2110 1180 2143 Var.
1196 2112 1264 2144 LL.
1281 2113 1335 2145 ed.
1354 2114 1502 2148 Λουκ-

695 2230 726 2261 N
733 2230 834 2263 OTAE

39 2315 112 2338 rum
135 2307 304 2341 Juvenum
330 2316 457 2343 tremor
484 2314 595 2354 pictus
619 2320 684 2356 est,
705 2322 743 2349 et
794 2329 836 2350 ex
852 2318 997 2353 flammis
1015 2324 1203 2357 vindicent.

41 2359 135 2398 quasi
160 2359 253 2391 fusus
280 2361 314 2392 in
343 2372 412 2393 aere
436 2364 648 2398 admirante:
674 2377 741 2399 non
839 2374 879 2402 18
902 2372 941 2402 In
954 2382 1030 2404 sexu
1055 2375 1217 2418 debiliore]
1253 2379 1320 2412 Qui
1345 2379 1414 2413 fert
1441 2393 1498 2423 pa·

39 2408 129 2449 quod
157 2419 202 2441 aes
229 2411 431 2453 admiretur,
452 2415 511 2445 sed
538 2417 628 2456 quod
653 2428 741 2457 prae-
797 2424 896 2460 trem,
922 2431 998 2453 eum
1015 2422 1114 2456 fulcit
1131 2432 1263 2458 tantum
1279 2429 1436 2462 sinistra:
1462 2438 1498 2464 at

40 2456 118 2490 beat
133 2460 404 2504 admirationem,
418 2465 589 2497 etreddat
605 2473 740 2507 specta-
794 2470 851 2510 qui
890 2470 957 2503 fert
992 2482 1150 2513 matrem,
1186 2488 1260 2510 eam
1292 2483 1498 2524 constringit

40 2511 130 2543 tores
147 2512 318 2544 attonitos.
793 2521 879 2552 ulnis
895 2529 930 2553 et
958 2525 1112 2557 manibus
1140 2528 1282 2566 duab-m,
1300 2536 1335 2562 et
1363 2532 1435 2572 ipse
1452 2534 1497 2564 la·

81 2562 120 2592 13
142 2561 308 2594 Animosus
319 2565 443 2605 horror]
467 2567 529 2598 Est
545 2568 654 2599 horror
669 2570 740 2610 qui·
794 2571 894 2603 borat
911 2575 1110 2614 prudentius
1127 2578 1159 2608 in
1184 2578 1327 2612 feu-endo
1352 2592 1434 2614 sexu
1446 2583 1494 2614 in-

39 2607 114 2640 dem
132 2620 190 2642 seu
219 2614 318 2644 timor
333 2615 365 2645 in
388 2616 586 2656 juvenibus,
611 2629 653 2651 ne
670 2630 736 2650 non
792 2620 953 2663 firmiore,
969 2626 1100 2658 seilicet
1120 2638 1237 2660 man-e.

37 2657 186 2692 liberent
204 2672 385 2704 parentes;
410 2667 469 2698 sed
486 2671 596 2700 horror
611 2670 668 2701 ille
683 2676 737 2702 est
833 2675 875 2704 20
899 2675 1060 2717 Men-uere]
1097 2679 1195 2711 Quod
1216 2691 1330 2711 manus
1354 2681 1493 2713 artificis

35 2709 377 2753 animom‚siquidem
405 2717 437 2747 in
454 2718 516 2750 hoc
541 2720 664 2752 timore
679 2732 737 2762 ge·
790 2725 920 2756 meritae
946 2733 1024 2758 sunt
1051 2738 1111 2759 sua
1135 2730 1314 2769 industria,
1338 2741 1411 2771 quoe
1432 2731 1492 2764 ob-

36 2766 155 2789 nerose
182 2768 345 2803 pugnant,
359 2770 397 2796 ut
421 2776 505 2799 onus
533 2772 602 2801 tam
618 2779 736 2802 carum
790 2780 946 2807 servatur
959 2776 994 2807 in
1006 2782 1122 2811 statua
1138 2780 1274 2821 silente,
1290 2780 1406 2811 tacita.

120 2812 239 2855 Daph.
253 2818 283 2845 et
303 2816 377 2849 Var.
392 2820 477 2853 ctas.
711 2825 823 2860 Claud.
1336 2835 1356 2864 4
1374 2834 1403 2864 B
