1851 3213
300 199 414 241 1354

299 303 459 344 Isingrini
477 304 562 337 libro
581 307 835 348 Raplielengius
851 320 857 338 :
887 308 1008 339 coufir-

303 360 398 386 mant
430 357 586 387 meliores
618 367 659 387 ex
698 359 836 388 uostris.
897 360 1008 398 Vulgo

303 406 450 447 Syrtibus
477 410 586 445 undas,
616 409 705 448 quod
739 408 866 439 frustra
893 413 1010 440 tuetur

304 458 480 490 Bai-thius.
505 460 549 489 D.
568 459 682 489 Heius.

346 510 485 541 Intrabit
500 510 637 551 syrtibus
663 511 774 551 undas]
799 511 868 542 Per
884 512 1011 543 medias

302 561 422 601 Syrtes
452 562 485 592 in
514 562 677 592 Getuluin
707 563 854 594 Pontum
883 565 1010 594 veniet.

305 610 424 642 Barth.

347 664 411 692 439
438 663 573 702 Populos
589 663 683 694 lenire
698 663 837 703 feroces]
866 664 1012 694 Lei-itate

299 712 423 751 seroces
448 715 540 754 prior
579 716 765 751 herdensis,
788 716 943 755 optime:
971 715 1012 746 (le

306 762 481 794 Gallorum
501 765 641 795 levitate
660 770 694 794 et
712 774 824 794 rerum
842 765 1012 795 novanda-

307 823 381 844 rum
399 815 512 844 studio
541 819 620 844 uota
650 824 722 853 qua²
755 815 1016 853 Romaniscrip-

306 869 398 895 tores
413 864 582 894 memoria»
598 864 792 893 tradidere:
811 865 819 880 ‘
834 864 1016 894 animosam

307 914 467 945 Galliam’
516 914 617 954 paulo
655 919 735 944 ante
777 913 925 945 dixerat.
972 914 1016 945 D.

310 965 422 996 Heius.

351 1018 415 1047 440
437 1016 593 1056 Rhenum]
638 1016 834 1047 Germaniae
863 1017 1018 1056 populos.

354 1066 475 1097 Citatis
510 1068 624 1098 Vectus
653 1067 756 1107 equis]
795 1068 1018 1098 Celeritatem

311 1116 418 1148 ethic
435 1122 470 1147 et
488 1117 569 1147 alibi
587 1118 618 1147 in
648 1117 835 1148 Stilichone
853 1123 887 1148 et
906 1119 1019 1149 Hono-

308 1166 373 1206 rio,
387 1167 543 1207 exemplo
561 1168 708 1199 omnium
725 1179 930 1199 summorum
952 1170 1022 1200 Du-

312 1218 544 1257 cum,laudat.
569 1218 686 1250 Barth.

355 1271 416 1300 441
444 1269 599 1308 Nullaque
623 1270 705 1299 latus
727 1270 864 1309 stipante
883 1272 1022 1312 caterva]

313 1319 420 1349 Paria
437 1319 478 1349 de
496 1320 627 1356 eodem,
652 1320 748 1350 Bello
763 1321 898 1352 Getico.
925 1321 1022 1352 Idem.

355 1371 418 1399 443
445 1369 558 1409 Ripas]
581 1369 637 1400 Sic
664 1370 697 1400 in
727 1371 844 1401 littore
871 1371 1022 1402 Danubii

313 1421 451 1452 stetisse
468 1423 665 1462 Trajauum,
685 1421 862 1453 Arbitrum
881 1423 973 1463 pacis
989 1429 1023 1453 et

314 1473 395 1504 belli
415 1484 489 1505 cum
508 1474 684 1514 Barbaris,
702 1485 839 1506 summae
853 1476 962 1506 laudis
977 1476 1025 1506 lo-

314 1533 355 1555 co
385 1530 543 1556 recenset
568 1527 602 1556 iu
634 1526 850 1567 Panegyrico
878 1527 1023 1559 Plinius,

319 1575 421 1606 Idem.

358 1629 421 1657 445
446 1627 610 1658 Attonitos
626 1628 730 1668 reges]
766 1629 884 1667 Fama,
910 1629 1025 1660 celeri-

317 1679 405 1714 tate,
420 1677 575 1715 audrmia,
594 1680 680 1708 tanti
699 1679 772 1708 viri.
799 1679 896 1710 Idem.

359 1728 423 1757 446
447 1727 531 1758 Ante
541 1729 648 1758 ducem
662 1729 926 1769 nostrumflmmm
938 1740 1026 1770 spar-

316 1776 397 1816 sere]
423 1777 538 1809 Quare
565 1779 740 1809 Britannos
764 1778 891 1810 frustra
907 1781 960 1810 hie
977 1781 1025 1810 in-

318 1826 468 1858 ferciunt
480 1829 642 1859 nonnulli.
671 1830 811 1869 Sparsio
829 1831 955 1870 capilli,
970 1831 1026 1861 ad-

318 1876 442 1916 oratio,
460 1887 566 1917 prono
592 1878 705 1918 capite
733 1880 918 1911 veneratio,
943 1881 1027 1911 Ger-

318 1936 497 1958 manorum
515 1928 604 1958 enim
627 1939 709 1968 mos,
731 1939 861 1960 comam
878 1931 1025 1962 vinctam

321 1982 468 2017 gestare.
495 1979 594 2009 Idem.

364 2026 544 2068 Sycambri]
581 2029 751 2068 Sygambri
790 2031 938 2071 optimus
964 2033 1029 2063 Lu-

321 2079 443 2109 censis.
491 2079 679 2110 Ptolennro
705 2081 1030 2122 (1111(10111σύγαμβροι

322 2133 414 2167 sunt,
435 2129 819 2172 8110110111σουγοίμβροι.
849 2132 981 2163 dictum
1012 2144 1030 2163 a

322 2179 420 2209 nobis
445 2179 486 2209 ad
517 2180 703 2211 Nasonem.
730 2182 762 2212 in
781 2183 911 2222 optimo
924 2184 1032 2214 *Vati-

324 2238 409 2260 cano
426 2230 549 2269 passim
569 2231 733 2270 Sycambri
754 2233 928 2265 dicuntur.
953 2244 1031 2265 mox

322 2280 514 2311 Alamannia
527 2288 562 2313 et
576 2282 746 2314 Bastarna>
763 2285 852 2316 idem
870 2286 1033 2316 Lucensis

326 2339 403 2360 cum
432 2331 505 2361 aliis
531 2332 737 2372 melioribus,
756 2344 821 2365 uon
849 2335 1033 2366 Alemamzz'n

330 2384 368 2411 et
380 2380 553 2412 Basternoe.
598 2383 641 2413 G·
651 2384 729 2413 aecis
742 2390 836 2415 certe
848 2385 1034 2424 Ἀλαμάννοι

328 2431 378 2461 καὶ
388 2428 572 2470 Βαστάρναι.
587 2433 651 2462 11110
669 2438 701 2463 et
714 2435 855 2466 Latinis.
873 2437 1033 2467 vix'enim

327 2481 428 2511 aliter
446 2486 636 2521 utrumque,
652 2492 770 2513 nomen
796 2484 828 2514 111
841 2486 1035 2526 antiquissi-

327 2531 391 2562 mis
429 2531 634 2561 membranis
667 2533 829 2572 sciiptum
869 2534 1033 2567 offendas.

331 2580 380 2611 sic
405 2581 523 2611 Rmsss
551 2582 831 2615 BASTARNARUM
861 2585 892 2614 in
924 2588 1032 2618 veteri

330 2631 553 2672 inscriptione
595 2633 685 2671 apud
728 2633 926 2666 Gruterum.
959 2637 1035 2668 Val.

332 2681 457 2714 Flacco
473 2681 626 2712 Batarnae
650 2682 824 2715 dicuntur.
870 2685 1033 2717 Nummus

330 2741 454 2766 aureus
483 2731 698 2764 Constantini
729 2733 820 2765 inter
836 2732 1035 2767 Arschotta-

540 212 682 243 NOTAE
715 213 979 245 VARIORUM
1015 215 1065 245 IN
1100 216 1174 245 CL.
1206 217 1388 248 GLAUD.
1422 219 1530 249 vill.

1059 319 1119 341 nos
1150 311 1331 343 Cannium
1374 313 1633 346 RomANonoM.
1668 316 1763 348 Am-

1060 369 1217 392 ΜΑΝΜΑ.
1267 364 1383 394 Falsus
1401 374 1482 404 vrgo
1498 366 1691 407 Salmasius,
1707 368 1762 409 qui

1061 411 1102 441 ad
1151 413 1338 444 Historiam
1379 414 1568 455 Augustam
1606 417 1766 450 adfirmat

1061 463 1235 494 Bauer-nas
1252 475 1290 494 ac
1320 466 1506 496 Alemmmos
1528 467 1672 503 Latinis,
1689 477 1766 499 con-

1062 517 1114 543 tra
1130 523 1227 553 quam
1254 515 1399 552 Grau-is,
1425 522 1604 557 utramque
1631 523 1767 558 gentem

1063 564 1199 595 dictam.
1225 566 1326 605 paulo
1343 572 1417 606 post
1437 577 1497 606 pro
1513 568 1665 608 Cymhrus
1678 568 1767 600 idem

1064 615 1226 646 Lucensis
1254 617 1377 657 aliique
1403 619 1655 657 praestantiores
1675 620 1769 661 Cym-

1063 666 1126 695 ber.
1153 667 1277 705 placet.
1303 668 1347 699 D.
1365 668 1474 699 Heius.

1105 719 1166 747 447
1196 718 1315 748 Pur-ido
1339 720 1510 760 murmure]
1536 720 1637 751 Metu
1665 720 1769 753 verba

1064 771 1254 805 premente.
1282 769 1396 799 Barth.

1108 817 1171 844 448
1193 816 1329 846 duratur
1358 817 1532 859 Honorius]
1575 821 1617 851 In
1646 830 1771 852 nornen

1067 864 1231 903 absentis,
1256 872 1292 897 et
1316 867 1536 907 dedignantis
1553 871 1771 911 majestatem

1068 925 1106 946 eo
1125 915 1319 956 demittere,
1342 918 1492 958 juratur.
1518 921 1582 950 Vel
1595 927 1627 951 et
1639 931 1700 961 per
1717 930 1772 951 no-

1068 976 1144 996 rnen
1162 968 1232 1005 ejus
1250 968 1368 1008 jurant
1387 975 1517 1009 gentes,
1534 977 1570 1000 ut
1587 971 1689 1001 moris
1707 971 1772 1001 Ro-

1069 1026 1167 1047 mano
1186 1017 1338 1058 Principi
1354 1020 1481 1049 cultum
1497 1021 1600 1050 etiam
1614 1021 1700 1052 1111110
1716 1030 1773 1051 ex-

1069 1066 1207 1096 hibere:
1232 1067 1265 1097 Is
1296 1078 1366 1099 mos
1384 1070 1629 1101 vetustissimus
1649 1070 1775 1111 AEgyp-

1070 1117 1191 1147 tiorum
1207 1117 1347 1149 discitur
1362 1129 1403 1149 ex
1418 1130 1447 1150 c.
1471 1123 1524 1152 42.
1549 1121 1674 1153 (iones,
1690 1121 1777 1152 Con-

1069 1173 1165 1198 sonat
1190 1169 1341 1200 nonnihil
1374 1170 1521 1201 ‘Salutis
1559 1172 1778 1212 praehibitio,'

1071 1229 1146 1258 quae
1172 1219 1272 1250 hodie
1289 1221 1517 1253 usitatissima.
1563 1222 1629 1253 Dio
1643 1223 1777 1254 Cassius

1071 1268 1250 1299 decretum
1278 1270 1398 1301 scribit
1420 1271 1577 1311 Augusto
1594 1273 1671 1303 novi
1686 1283 1777 1313 mag-

1072 1319 1176 1359 nique
1193 1320 1330 1350 lionoris
1348 1323 1469 1360 gratia,
1496 1326 1542 1361 ut·
1564 1323 1598 1352 in
1630 1324 1776 1354 salutem

1073 1370 1146 1410 ejus
1165 1371 1286 1409 pocula
1302 1371 1615 1405 circumferrentur.
1649 1374 1748 1405 Idem.
1771 1383 1779 1402 ⁴‹

1115 1422 1179 1450 449
1201 1420 1405 1461 Alamannia]
1430 1423 1530 1453 Hanc
1544 1427 1682 1463 gentem
1699 1424 1780 1455 vali-

1074 1470 1260 1511 dissimam,
1285 1482 1351 1503 non
1379 1473 1450 1504 sine
1476 1474 1639 1515 sanguine
1665 1479 1701 1506 et
1725 1485 1779 1507 su-

1074 1521 1155 1551 dore
1182 1520 1273 1553 fudit
1300 1523 1379 1554 olim
1395 1523 1554 1555 Julianus
1579 1530 1614 1556 et
1637 1525 1780 1557 Juvenis

1075 1572 1279 1605 Gratianus:
1305 1574 1384 1605 dein
1393 1575 1599 1607 Francorum
1612 1577 1780 1619 princeps.

1077 1624 1168 1654 Clau.

1117 1677 1180 1705 1150
1193 1674 1359 1707 Basternae
1368 1678 1483 1719 truces]
1501 1679 1678 1710 Basternae
1688 1678 1783 1720 quin·

1075 1727 1110 1754 ta
1123 1734 1202 1764 pars
1215 1727 1416 1765 populorum
1430 1728 1689 1760 Germanorum.
1713 1728 1783 1760 Au-

1076 1776 1172 1806 dacia
1190 1782 1222 1807 et
1239 1778 1365 1808 virtute
1382 1779 1460 1809 olim
1479 1780 1606 1820 inclyti.
1650 1780 1782 1822 Appia-

1075 1837 1150 1864 nus,
1180 1827 1438 1860 Mithridatico:
1473 1831 1684 1870 ‘Basternae,
1712 1842 1782 1864 om-

1077 1879 1168 1909 nium
1185 1879 1353 1911 hominum
1372 1879 1567 1914 fortissimi.'
1591 1883 1704 1915 Barth.

1119 1932 1180 1960 451
1207 1931 1397 1971 Bructerus]
1427 1933 1685 1964 Ferocissimam
1702 1944 1781 1975 gen-

1078 1983 1148 2010 tem
1166 1986 1260 2011 vocat
1279 1981 1425 2022 Plinius,
1438 1983 1499 2013 lib.
1511 1993 1550 2014 11.
1567 1985 1677 2024 Epist.
1690 1988 1721 2016 7.

1122 2030 1213 2061 Latis
1225 2032 1404 2072 paludibus]
1433 2034 1629 2065 Notis-simis
1646 2034 1786 2067 Germa-

1079 2091 1198 2113 norum
1216 2082 1395 2124 confugiis.
1437 2086 1549 2118 Barth.

1124 2136 1186 2164 452
1212 2134 1358 2173 Ingentes
1375 2136 1538 2178 Cherusci]
1571 2138 1622 2170 Ut
1645 2138 1786 2170 Germa-

1082 2184 1147 2214 niae
1165 2194 1281 2215 ornnes
1301 2186 1416 2225 populi
1434 2187 1661 2219 celebrantur.
1687 2188 1785 2220 Idem.

1125 2236 1188 2264 453
1222 2235 1378 2276 Tardeque
1404 2242 1534 2276 rogatus
1558 2237 1695 2277 Annuit]
1732 2239 1786 2269 Ex

1082 2284 1265 2324 majestate
1282 2286 1444 2316 Romana.
1473 2287 1570 2318 Idem.

1126 2338 1186 2365 455
1214 2335 1346 2375 Drusus]
1379 2337 1543 2377 Exemplo
1559 2338 1705 2369 omnium
1723 2339 1787 2370 Pa-

1084 2384 1332 2424 negyristarum
1350 2390 1480 2416 veteres
1498 2396 1567 2426 pra*
1584 2388 1652 2417 suis
1666 2388 1788 2420 Heroi-

1086 2433 1145 2464 bus
1171 2436 1371 2465 contemnit.
1428 2436 1646 2468 Pacaverunt
1672 2443 1787 2470 autem

1085 2484 1302 2515 Germaniam
1332 2485 1445 2524 Drusi,
1471 2495 1536 2516 non
1564 2488 1786 2528 subegerunt.

1086 2535 1183 2564 Idem.

1127 2588 1189 2615 457
1213 2584 1287 2615 Sola
1303 2584 1494 2626 formidine]
1524 2588 1680 2619 Nominis
1695 2589 1789 2621 Stili-

1085 2635 1195 2666 chonii
1212 2634 1312 2667 fama.
1360 2636 1474 2667 Primo
1493 2639 1668 2671 Laudum:
1694 2641 1704 2658 ‘
1722 2642 1789 2673 Mi-

1086 2694 1198 2716 ramur
1228 2687 1355 2726 rapidis
1391 2688 1524 2720 hostem
1563 2692 1789 2730 procumbere

1086 2735 1196 2778 bellis,
1212 2736 1296 2768 Cum
1315 2737 1386 2769 solo
1403 2743 1534 2771 terrore
1551 2741 1680 2772 ruant?
1708 2741 1787 2774 Hoc
