1851 3213
313 189 425 231 1380
581 201 722 232 NOTAE
756 201 1021 232 vAR1oRoM

357 293 476 324 Nostra
492 294 610 335 myrto]
634 295 770 337 Myrtus
785 294 875 328 enim
892 295 1021 326 Veneri

316 342 441 375 dicata.

356 393 466 424 Postes
480 393 627 425 obducere
643 395 759 435 myrto]
798 395 897 425 More
913 395 1022 426 solen-

311 443 345 473 ni
362 444 572 484 nuptialibus
586 443 846 475 festivitatibus.
886 445 996 476 Barth.

353 496 417 525 209
443 494 607 525 Nectareis
634 495 815 534 adspergite
842 498 925 525 tecta
946 496 1022 526 Fon-

312 542 409 583 tibus]
445 544 738 577 SuaveolentibnS.
795 546 915 577 Nectar
939 556 1021 578 vero

309 603 408 625 omne
424 595 551 626 dicitnr
565 596 654 636 qnod
671 596 850 636 singularis
873 601 908 627 et
921 597 1022 627 inusi-

309 644 443 676 tatioris
461 646 606 685 alicujus
625 646 816 676 dulcedinis
834 651 898 677 est.
947 646 997 677 Id.

352 698 415 727 210
442 696 608 736 Fontibus]
632 697 715 727 Tres
733 696 888 728 Floribus.
914 698 1019 727 Forte

312 745 462 776 Roribns.
509 746 709 777 Pricaeanus
733 746 918 777 Fluctibus:
944 757 1021 777 mox

308 797 486 836 adspergite
504 802 539 826 et
563 797 682 826 adolete
707 797 864 826 meliores
890 797 1021 836 scripti,

311 856 378 877 non
403 849 587 885 adspergere
605 851 638 877 et
661 848 800 876 adolere.-
824 857 907 887 quos
931 847 1022 878 inter

311 901 347 928 et
366 898 462 938 prim.
480 898 593 928 Vatic.
636 899 680 928 D.
702 899 813 928 Heius.

354 948 504 988 Adolere]
530 948 733 979 Incendere.
759 950 877 980 Barth.

351 1001 413 1029 211
440 999 562 1036 Infecta
589 999 692 1040 croco]
730 1001 875 1040 Tapetia
905 1001 1023 1032 Serica

310 1048 408 1087 dicit,
425 1054 535 1081 strata
558 1052 640 1088 solo,
670 1056 705 1082 et
730 1052 865 1083 sublata
893 1053 1023 1083 circum

310 1100 475 1139 parietes,
499 1101 717 1140 splendorem
743 1102 844 1133 Aulae
870 1103 1020 1141 datura;

310 1150 467 1190 qualibus
487 1152 628 1190 prolatis
646 1153 879 1184 honorabatur
897 1153 1021 1184 advenn

315 1202 368 1231 tus
386 1201 579 1241 principum
596 1202 757 1234 virorum.
782 1204 878 1234 Idem.

361 1253 425 1281 212
450 1251 646 1281 Prosternite
678 1252 791 1291 vestes]
815 1253 1023 1284 Proeslernz’te

309 1298 437 1331 frustra
468 1300 678 1341 Rapheieng.
718 1307 837 1333 contra
861 1304 1020 1343 scriptos.

311 1349 355 1380 D.
373 1349 484 1380 Heius.

353 1401 415 1433 213
441 1399 638 1440 Tlmlamum]
682 1401 840 1432 Romanis
873 1401 1024 1433 Graecis-

312 1460 377 1492 que
405 1451 555 1481 moribus
588 1462 708 1491 magna
745 1463 827 1484 cura
861 1464 1023 1485 novorum

312 1501 497 1542 conjugum
528 1503 668 1542 genialis
698 1508 791 1534 torus
808 1505 1023 1544 struebatur,

313 1556 349 1582 et
363 1552 529 1583 thalamus
554 1554 738 1585 ornabatur
766 1555 913 1586 maxima
929 1565 1023 1588 cura.

311 1601 431 1634 Barth.

356 1655 421 1683 219
444 1653 582 1694 Saxone]
607 1657 756 1686 Saxones
774 1655 863 1687 inter
878 1655 1022 1687 invictas

314 1705 386 1732 tum
403 1709 522 1743 gentes
542 1704 750 1744 referuntur,
765 1711 798 1737 et
813 1717 929 1737 eornm
947 1717 1022 1746 spo-

313 1752 360 1782 lia
376 1754 470 1783 velut
497 1754 697 1794 quibusdam
715 1756 880 1786 :semideis
897 1760 1020 1796 erepta

308 1802 499 1842 jactantur.
526 1804 625 1835 Idem.

356 1855 419 1883 220
444 1853 533 1883 Socio
550 1853 738 1894 Stilichone]
757 1855 869 1896 Hujus
885 1855 1021 1887 laudem

314 1914 451 1944 semper
477 1906 598 1936 miscet
616 1905 837 1946 Honorianis,
851 1912 887 1938 et
913 1908 1021 1938 Theo-

314 1953 412 1984 dosii.
436 1955 534 1985 Idem.

357 2007 421 2036 222
447 2006 574 2036 Crinita
598 2007 740 2047 sagittis]
762 2008 839 2038 Mos
867 2009 1019 2048 gentium

314 2056 461 2086 anrnm
481 2062 538 2087 aut
564 2057 800 2089 Africanarum
826 2059 958 2099 capillis
975 2059 1021 2089 in-

314 2105 398 2137 dere
411 2107 567 2146 sagittas.
591 2108 687 2139 Idem.

355 2159 417 2187 223
443 2157 566 2198 Meroe]
620 2159 754 2189 Praeter
799 2160 1021 2200 Geographos

312 2205 392 2236 vide
409 2206 580 2247 Orosium,
593 2217 616 2239 1.
631 2211 683 2240 11.
707 2209 805 2242 Idem.

357 2258 419 2285 224
444 2257 657 2297 Achcemenio]
697 2259 860 2291 Persico:
900 2260 1019 2292 Achae-

313 2304 428 2335 menia
444 2306 531 2336 enim
550 2316 626 2346 pars
644 2309 785 2340 Persiae.
810 2310 908 2341 Idem.

356 2356 421 2385 226
447 2355 568 2386 Cubilia
583 2359 730 2398 surgant]
772 2360 929 2391 Hostium
944 2371 1019 2401 spo-

312 2403 366 2435 liis
384 2409 521 2435 ornatos
539 2406 642 2436 etiam
663 2409 827 2440 thalamos
853 2411 1019 2441 victorum

313 2455 392 2486 hinc
419 2465 485 2485 non
503 2455 623 2487 inseite
644 2463 739 2488 notat
765 2460 878 2490 Julius
906 2462 1020 2491 Caesar

314 2505 539 2545 Bnlengerus,
555 2506 630 2537 libr.
662 2507 704 2538 de
731 2509 928 2549 Triumpho,
954 2514 1017 2541 διε.

314 2564 344 2587 c.
362 2558 391 2586 1.
415 2555 511 2586 Idem.

358 2608 422 2637 229
449 2607 613 2647 Tcedasque
622 2610 731 2648 parari
752 2610 882 2650 Nescia]
906 2611 1018 2642 Occu-

317 2658 406 2699 patis
433 2659 590 2690 nimirum
624 2660 818 2692 numinibus
850 2662 882 2692 in
915 2662 1019 2702 ipsius

316 2708 432 2746 rebus,
449 2708 528 2739 dum
545 2713 645 2740 vacat
668 2709 743 2750 ipsa
767 2715 803 2742 et
824 2710 946 2743 fruitur
969 2712 1019 2743 in-

316 2758 476 2790 nocentia
491 2760 613 2792 aetatis.
640 2760 740 2792 Idem.

1056 201 1106 232 IN
1141 203 1215 233 ct..
1248 203 1432 234 CLAUD.
1465 205 1516 234 X.

1115 298 1177 327 231
1205 297 1326 337 Mores]
1347 297 1518 330 Virtutes.
1543 299 1640 331 Idem.

1117 347 1328 388 Exemplaque
1349 347 1443 379 discit
1460 349 1591 389 Prisca]
1626 349 1784 384 Philoso-

1073 395 1174 435 phice
1195 402 1307 428 antem
1325 403 1441 429 noster
1460 397 1687 440 Antiquitatis
1703 411 1783 442 cog-

1073 445 1238 477 nitionem
1251 448 1353 478 etiam
1372 448 1405 478 in
1415 449 1543 489 virgine
1557 450 1781 490 [inperatrice

1072 496 1265 536 collaudat3
1305 499 1358 529 cui
1397 500 1546 538 opinioni
1585 506 1782 533 contrasen-

1073 546 1166 578 tiunt
1194 548 1263 587 alii,
1288 558 1364 580 nam
1391 550 1518 580 Ovidio
1544 560 1611 581 non
1636 561 1716 582 sane
1739 560 1783 583 ex

1073 595 1165 628 facili
1203 598 1279 638 quis
1318 600 1531 640 persuaserit
1577 610 1784 633 concurrere

1074 657 1172 687 posse
1189 658 1264 679 cum
1295 649 1463 690 pudicitia
1492 651 1690 682 muliebrem
1707 661 1782 683 eru-

1073 697 1252 736 ditionem,
1280 701 1469 740 quamlibet
1498 702 1653 742 exempla
1683 701 1784 734 Anti-

1073 748 1214 787 quitatis
1232 758 1295 778 non
1311 750 1432 781 desint.
1458 751 1558 782 Idem.

1116 799 1181 827 234
1209 799 1363 828 Moeonius
1393 809 1498 838 senex,
1538 801 1687 832 Thracius
1725 802 1785 832 Or-

1070 846 1183 887 pheus]
1207 847 1350 878 Homeri
1378 848 1562 887 Poe'sis,et
1589 859 1631 880 ex
1645 861 1686 882 ea
1702 851 1784 883 doc-

1077 895 1179 934 trina,
1193 898 1318 927 nemini
1333 898 1462 937 ignota.
1489 899 1587 930 Idem.

1117 949 1179 977 235
1208 948 1409 988 Mitylenaeo]
1434 949 1483 979 Ex
1515 960 1555 980 ea
1582 951 1670 981 enim
1697 951 1782 984 urbe

1074 997 1220 1028 oriunda
1235 998 1375 1029 Poetria
1392 1000 1462 1038 illa,
1477 1000 1624 1032 omnium
1641 1000 1785 1034 aliarum

1074 1049 1245 1089 princeps.
1270 1050 1368 1080 Idem.

1118 1102 1180 1130 237
1207 1100 1423 1141 Mnemosyne]
1462 1101 1549 1132 Haec
1565 1112 1584 1132 a
1599 1102 1699 1140 Jove,
1715 1113 1786 1134 ser-

1074 1149 1188 1188 pentis
1212 1150 1327 1190 specie
1345 1151 1531 1191 occultato,
1549 1156 1586 1182 nt
1613 1153 1718 1184 tradit
1732 1154 1783 1185 Si-

1075 1198 1207 1239 donius,
1227 1200 1380 1238 subacta,
1406 1210 1524 1232 novem
1550 1202 1665 1234 Musas
1682 1214 1785 1245 pepe-

1075 1249 1130 1280 rit.
1155 1250 1277 1281 Delrc'o.

1118 1300 1182 1329 238
1205 1300 1382 1330 Jucundior
1398 1299 1466 1339 a‘e'r]
1504 1299 1668 1332 Adventu
1681 1303 1782 1336 Deae.

1078 1349 1193 1380 Barth.

1118 1402 1181 1430 239
1207 1401 1371 1441 Fundique
1386 1413 1540 1434 comarum
1559 1404 1681 1435 Gratus
1696 1403 1784 1444 odor]

1075 1450 1167 1480 Deos
1194 1453 1325 1482 vertice
1351 1453 1493 1483 odorato
1519 1453 1708 1494 fingebant,
1735 1454 1783 1485 di-

1075 1501 1152 1532 vina
1168 1502 1312 1543 quadam
1331 1505 1500 1536 suavitate
1517 1505 1655 1545 spiritus
1668 1505 1782 1537 aerem

1075 1553 1260 1592 complere.
1287 1554 1384 1585 Idem.

1117 1605 1180 1633 240
1206 1603 1387 1644 Numenque
1418 1604 1558 1644 refulsit]
1606 1605 1782 1646 Lumenque

1075 1652 1173 1691 prim.
1187 1653 1301 1684 Vatic.
1319 1655 1444 1695 aliique
1458 1657 1578 1686 multi:
1603 1661 1640 1687 ut
1653 1660 1781 1697 etpau-

1073 1702 1106 1732 lo
1124 1707 1201 1742 post
1221 1703 1302 1737 Haec
1318 1714 1396 1735 nora
1412 1706 1575 1743 crescenti,
1591 1715 1657 1736 non
1673 1707 1781 1739 modo:

1074 1757 1232 1782 neutrum
1258 1754 1385 1792 placet.
1411 1755 1453 1785 D.
1473 1755 1580 1789 Heius.

1126 1805 1187 1832 241
1225 1803 1398 1834 Cunctatm·
1448 1804 1622 1845 stupefacta
1666 1805 1781 1845 Venus]

1072 1852 1179 1883 Velut
1197 1853 1424 1892 pulchriorem
1453 1865 1526 1886 sese
1554 1856 1780 1896 conspiciens.

1074 1903 1193 1933 Barth.

1116 1955 1179 1983 242
1206 1953 1297 1984 Nunc
1315 1954 1436 1995 flavam
1451 1955 1538 1986 niveo
1564 1955 1697 1987 miratur
1712 1966 1780 1988 ver-

1072 2003 1134 2033 tice
1161 2004 1307 2044 matrem]
1345 2005 1524 2036 Palatinus
1563 2006 1630 2037 Nec
1658 2006 1781 2046 flavam

1069 2063 1137 2093 proe
1166 2064 1198 2084 se
1225 2054 1327 2092 ferat.
1385 2056 1610 2088 Scribeudum
1649 2057 1781 2098 opinor,

1072 2104 1167 2134 rutilo
1199 2107 1324 2137 vertice.
1387 2107 1564 2138 Adeantur
1590 2117 1664 2148 quae
1693 2108 1781 2140 curis

1073 2155 1231 2185 secundis
1256 2156 1297 2186 ad
1320 2157 1487 2188 Nasonem
1519 2162 1674 2189 notamus
1693 2159 1781 2192 Met.

1075 2214 1105 2236 v.
1124 2215 1172 2238 vs,
1189 2208 1264 2236 440.
1315 2207 1422 2238 Rutili
1452 2208 1540 2239 enim
1570 2209 1684 2248 capilli
1700 2206 1781 2240 flavi

1074 2255 1169 2286 dicti.
1199 2256 1361 2288 Bau-thius
1378 2258 1467 2288 curis
1494 2258 1653 2289 secundis
1666 2259 1698 2289 in
1714 2259 1780 2290 hoc

1073 2305 1148 2336 loco
1172 2306 1272 2336 valde
1305 2308 1477 2346 aestnavit,
1508 2308 1584 2338 (lum
1614 2301 1799 2349 corrigitz'

1073 2355 1186 2385 ‘nunc
1217 2365 1276 2386 ora
1307 2357 1431 2396 puellae
1473 2357 1658 2396 Flammea,
1688 2367 1779 2389 nunc

1074 2405 1173 2435 niveo
1200 2407 1342 2436 miratur
1361 2407 1489 2436 vertice
1519 2407 1685 2437 matrem)
1714 2408 1780 2439 Lu-

1078 2464 1192 2493 cannS,
1211 2456 1297 2486 libro
1315 2465 1350 2486 x.
1374 2458 1382 2472 ‘
1395 2466 1473 2495 pars
1489 2463 1554 2486 tani
1572 2456 1676 2488 flavos
1688 2459 1791 2499 gerit*

1073 2507 1181 2535 altera
1198 2506 1307 2535 crines
1334 2507 1381 2536 Ut
1397 2507 1496 2536 nullis
1524 2507 1630 2537 Rheni
1659 2509 1778 2539 Caesar

1076 2564 1111 2584 se
1128 2555 1220 2585 dicat
1236 2555 1267 2584 in
1286 2557 1385 2590 arvis,
1413 2556 1497 2586 Tam
1516 2558 1634 2588 rutilas
1652 2559 1778 2591 vidisse

1071 2605 1207 2635 comas)
1234 2606 1275 2636 D.
1294 2606 1402 2636 Heius.

1117 2656 1211 2685 Nunc
1222 2656 1343 2696 flavam
1360 2658 1464 2697 niz-eo]
1505 2659 1695 2701 Quomodo,
1717 2665 1778 2693 aut

1076 2715 1143 2745 qua
1174 2712 1272 2746 parte
1305 2708 1460 2747 corporis
1491 2707 1580 2739 flava
1605 2714 1725 2750 mater,
1750 2710 1777 2742 si

1075 2756 1176 2788 nivea
1193 2757 1322 2789 vertice
1339 2759 1349 2790 ?
1374 2760 1477 2791 Latet
1490 2760 1581 2792 aliud
1595 2761 1689 2802 quid,
1708 2771 1777 2793 non
