1852 3182
559 185 624 215 DE
658 187 816 217 BELLO
850 190 1139 225 GlLDONlCO.

119 277 260 309 alterius
284 276 371 309 velit
397 282 530 319 partem
559 277 658 310 divisi
685 281 825 321 Imperii

119 336 342 368 concerpere,
355 328 397 359 ad
415 339 517 370 seque
536 330 737 362 transferre.
771 333 825 363 ln-

119 376 258 417 dignum
286 379 441 409 nimirum
472 378 605 411 facinus
637 392 763 421 genere
790 390 825 415 et

117 428 231 460 indole
248 430 367 469 Regia,
383 441 508 471 suaque
521 432 648 470 sobole,
659 435 703 464 ait
718 436 825 465 Theo-

119 479 246 511 dosius.
294 481 416 512 Potest
433 487 467 512 et
484 482 684 524 Eutropium
713 486 825 517 turha-

120 541 195 562 rum
212 532 437 562 redemtorem
462 533 667 573 intellig-ere.

165 582 366 612 Committere
387 584 513 624 emtori]
537 584 688 617 Possunt
704 585 825 618 referri

119 631 192 663 haec
211 632 251 662 ad
271 633 486 673 Eutropium.
522 635 746 668 Committere
759 648 826 669 cm-

120 683 198 722 tori,
236 683 263 713 si
296 686 446 723 argutari
484 687 581 727 velis)
617 687 661 719 sit
698 698 825 720 emere.

120 733 238 764 Barth.

162 786 225 815 267
250 785 316 816 Hic
345 786 466 826 vendit]
506 787 576 818 Hoc
602 788 722 829 scripti
753 788 825 820 sere

121 843 262 867 omnes:
291 837 406 876 probe.
435 848 496 878 pro
524 849 578 869 uec
594 849 647 870 uos
671 840 737 871 dno
764 852 826 873 ros.

120 896 183 927 pro
198 889 404 925 committere,
421 899 506 919 unus
521 890 613 921 Med.
637 902 825 923 concurrere.

118 937 192 969 haec
207 948 288 969 sana
304 949 369 969 non
388 938 557 972 videntur.
580 942 624 972 D.
650 942 762 974 Heius.

168 989 282 1021 Vendit
307 991 462 1031 patriam]
487 992 626 1023 Summo
644 1004 662 1024 a
687 994 827 1034 parrici-

120 1037 176 1069 dio
194 1040 335 1071 scelere.
386 1041 509 1072 Patriae
534 1043 622 1073 enim
640 1054 659 1074 a
676 1044 827 1084 parenti-

120 1089 184 1119 bus
198 1090 304 1120 honor
321 1091 466 1122 debetur
483 1102 643 1123 summus·

165 1140 314 1180 Plerique
340 1141 374 1171 in
404 1145 524 1181 tempus
546 1142 649 1184 abusi]
684 1143 828 1175 Contes-

121 1195 196 1222 tata
220 1201 272 1221 res
287 1191 438 1231 gentium
454 1192 616 1234 historiis,
631 1195 828 1235 proditores

120 1246 200 1281 post
216 1250 356 1283 operam
372 1242 439 1273 suis
451 1243 600 1275 moribus
614 1245 827 1277 interemtos.

121 1291 240 1323 Barth.

163 1344 228 1374 268
257 1342 367 1373 Tenuit
393 1342 437 1373 sic
455 1343 557 1374 Graia
579 1344 746 1385 Philippus
765 1347 829 1387 Op-

117 1392 212 1434 picla]
236 1392 276 1423 In
295 1392 469 1424 Oiseliano
487 1395 602 1426 renuit.
627 1395 670 1426 D.
686 1396 806 1427 Hcins.

165 1446 229 1475 269
254 1444 370 1474 Pellaeo
407 1444 535 1476 libertas
571 1447 705 1477 concidit
738 1448 830 1488 auro]

122 1494 226 1525 Notae
244 1499 336 1525 artes
362 1496 466 1535 Regis
493 1497 704 1535 astutissimi,
728 1499 831 1530 dictis

123 1545 227 1577 etiam
252 1546 449 1586 celebrata3
475 1553 510 1578 ut
527 1558 603 1580 cum
629 1551 757 1580 nullum
784 1551 830 1581 lo-

124 1605 200 1626 cum
218 1597 519 1638 inexpugnabilem
544 1601 745 1639 autumavit,
765 1610 831 1642 quo

123 1647 216 1688 adigi
234 1653 351 1688 posset
368 1650 490 1680 asellus
506 1660 586 1681 auro
603 1657 752 1682 onustus.

169 1698 301 1739 Pellaeo]
323 1699 392 1729 Pcr
408 1705 618 1732 contemtum
650 1712 715 1732 non
745 1712 822 1733 raro

125 1749 320 1780 nominatur
350 1750 444 1781 Urbs
472 1756 550 1781 ante
576 1752 774 1792 Philippum
797 1757 832 1784 et

125 1799 359 1831 Alexandrum
378 1806 588 1832 contemtum
606 1802 782 1843 oppidum.

167 1850 270 1891 Auro]
314 1851 444 1882 Notum
479 1851 683 1884 Oraculum:
724 1854 832 1894 Ἀργυ-

125 1899 207 1940 ρέαις
231 1900 385 1940 λόγχαισι
396 1900 511 1942 μάχου,
532 1903 583 1933 καὶ
603 1902 706 1935 πάντα
721 1904 833 1945 κρατή-

125 1963 201 1983 σεις.
226 1953 344 1984 Barth.

169 2006 234 2035 270
258 2003 393 2034 Romani
407 2004 552 2034 scelerum
565 2014 682 2045 semper
693 2015 834 2045 sprevere

127 2052 305 2092 ministros]
331 2054 435 2083 Ferro
452 2054 539 2084 enim
557 2060 593 2085 et
611 2055 751 2092 virtute,
767 2066 831 2086 non

127 2114 210 2135 auro
238 2108 274 2135 et
300 2104 598 2146 negotiationibus,
626 2105 715 2137 bella
739 2116 834 2146 gere-

127 2154 225 2186 bant.
251 2154 348 2185 Idem.

171 2207 234 2235 273
261 2204 364 2244 Petit]
388 2204 508 2235 Petiit.
536 2205 632 2237 Idem.

169 2255 236 2286 ’274
262 2256 414 2296 Patrare]
430 2254 619 2295 Conficere,
636 2255 813 2296 perficere.

174 2305 362 2343 Persamuli
375 2305 481 2345 nefas]
504 2305 554 2336 At
570 2306 643 2347 quis
660 2306 713 2336 hic
730 2305 834 2337 famu-

129 2356 206 2387 lus?
222 2357 406 2397 Explicam
420 2356 586 2387 historici.
599 2356 640 2388 A.
655 2356 745 2388 Gell.
762 2358 770 2373 ‘
785 2367 836 2388 re-

132 2406 184 2447 gis
201 2406 327 2448 Pyrrhi
352 2406 521 2445 amicum‚⁷
549 2407 607 2438 lib.
633 2416 688 2437 111.
709 2417 785 2447 cap.
804 2412 834 2439 8.

131 2462 244 2489 vocat.
281 2458 398 2488 Valer.
426 2457 562 2489 Antiati
593 2458 701 2489 veteri
733 2459 836 2489 histo-

132 2508 204 2539 rico
236 2509 474 2540 ‘Timochares
500 2507 764 2539 Ambraciensis’
789 2508 839 2539 di-

133 2558 236 2591 citur.
259 2560 439 2600 Dempster.

176 2608 358 2649 Ductosque
390 2609 554 2650 Camillus]
577 2608 732 2640 Historia
748 2608 838 2649 apud

134 2658 283 2696 Livium,
298 2659 358 2689 lib.
374 2668 408 2689 v.
433 2659 549 2690 Barth.

176 2711 240 2740 275
265 2709 384 2739 Pueros
399 2709 537 2749 obsessoe,
551 2710 621 2751 lisa]
643 2710 746 2752 Apud
763 2711 839 2741 Flo-

135 2769 210 2791 rum
223 2763 382 2790 narratur
395 2758 468 2790 haec
479 2760 556 2792 hist.

178 2812 240 2844 27⁷
266 2809 412 2852 Movent]
443 2810 839 2851 Concutiat,conveuat.

436 2893 452 2910 5

1468 192 1581 234 1407

921 283 1012 318 Quod
1028 288 1145 326 respuit
1162 289 1242 319 alter
1258 290 1290 321 in
1305 292 1436 334 hostem]
1462 296 1582 329 Scelus

875 333 1039 367 videlicet
1055 337 1268 376 proditionis.
1296 342 1409 374 Barth.

920 386 1009 421 Quod
1026 389 1141 427 respuit
1166 391 1245 421 alter
1272 393 1301 421 in
1327 394 1456 434 lwstrm]
1481 398 1580 432 Quem

877 437 1000 467 Lovan.
1020 439 1123 479 Lego,
1151 452 1238 480 quem
1255 447 1389 483 respuat,
1424 446 1488 483 vol,
1505 450 1581 487 quod

874 494 1010 527 respuat.
1050 489 1217 527 flagitium
1263 494 1475 532 proditionis.
1521 508 1582 537 pro

874 538 1116 575 prteliasolrunt
1148 541 1247 580 prim.
1275 544 1435 575 Vaticani
1462 546 1584 578 discre-

877 596 960 627 pans
975 590 1146 629 scriptura
1162 593 1284 624 tollunt.
1310 594 1352 624 D.
1372 595 1493 628 Heius.

919 641 982 669 2⁶19
1009 640 1167 672 (r'omlouat
1194 643 1341 684 hala-nas]
1384 648 1462 676 Cum
1484 649 1583 679 tradit

877 688 1032 730 plerique
1050 691 1184 731 scripti,
1203 699 1261 724 aut
1278 705 1345 725 cum
1373 699 1494 737 tradat,
1517 710 1584 729 cum

877 739 984 778 donat,
996 750 1064 771 cum
1088 743 1207 781 turbat,
1224 755 1293 774 cum
1308 748 1429 785 prodit,
1445 753 1478 778 et
1497 749 1587 779 simi-

879 789 934 820 lia.
980 790 1084 829 Puto,
1098 802 1166 822 cum
1182 795 1294 832 tradit,
1322 797 1447 827 velnum
1463 799 1584 829 tradit:

878 841 985 880 possit
1004 846 1038 872 et
1056 853 1111 872 cur
1127 845 1233 882 donat,
1249 847 1312 881 vel,
1330 858 1413 879 num.
1438 849 1546 881 Idem.

919 895 982 921 280
1007 893 1107 924 Tanta
1137 896 1310 936 provincia]
1352 898 1388 928 In
1417 900 1499 931 alias
1524 910 1583 932 sex

877 942 1003 981 dixisa3
1024 945 1584 990 Carthaginem,Nunii‹liani‚Tri-

879 994 996 1032 polim,
1024 995 1239 1035 Byzantium,
1266 999 1510 1031 Mauritaniam
1537 1002 1586 1032 Si-

877 1042 1048 1084 tifensem,
1064 1046 1306 1078 Mauritaniam
1324 1051 1583 1082 Coesaricusem.

878 1093 997 1124 Barth.

922 1146 982 1174 281
1008 1145 1141 1175 Animus
1157 1148 1322 1178 mutaverit
1338 1149 1461 1189 anceps]
1486 1150 1588 1180 Nuta-

878 1195 958 1224 terit
976 1195 1157 1235 legendum
1176 1207 1250 1228 cum
1264 1199 1463 1230 melioribus
1480 1200 1590 1232 libris.

879 1243 988 1275 Aldus
1004 1250 1039 1275 ct
1057 1246 1176 1286 scripti
1203 1250 1352 1279 nonnulli
1369 1250 1505 1281 animum
1521 1261 1586 1282 mu-

880 1296 1016 1326 taverit.-
1040 1297 1129 1327 undo
1158 1299 1296 1329 animum
1322 1303 1478 1331 nutaverit
1507 1301 1585 1332 olim

881 1346 1126 1377 emendandum
1147 1349 1340 1387 videbatur,
1356 1350 1444 1391 quod
1467 1351 1585 1382 Silium

879 1397 926 1427 sic
938 1397 1086 1428 locutum
1101 1399 1329 1431 existimarem
1342 1401 1361 1431 l.
1376 1409 1400 1431 1.
1412 1401 1586 1432 ‘stantem

882 1458 942 1489 pro
963 1459 1057 1479 muro
1075 1454 1109 1480 et
1135 1456 1313 1482 nutantem
1331 1451 1482 1482 membra
1499 1451 1586 1492 Cay-

882 1498 988 1528 cum?
1013 1500 1060 1530 sic
1078 1500 1166 1530 enim
1186 1500 1301 1531 Oxou.
1321 1501 1417 1541 liber,
1441 1511 1505 1532 non
1524 1512 1586 1532 mo-

882 1552 1012 1589 tantem,
1029 1551 1080 1581 vel
1095 1554 1263 1582 mutantem
1275 1563 1284 1581 :
1303 1553 1355 1582 vel
1373 1562 1448 1582 cmn
1467 1552 1586 1585 Colon.

881 1601 889 1617 ‘
903 1600 1116 1631 minitantem
1132 1612 1217 1632 vana
1229 1602 1248 1632 :’
1269 1603 1320 1632 vel
1333 1612 1408 1633 cum
1421 1603 1460 1633 P.
1473 1603 1589 1634 Victo-

882 1651 933 1680 rio
950 1650 1155 1681 ‘mutantem
1171 1652 1302 1683 verbaz'
1319 1653 1340 1682 Ι.
1358 1661 1406 1682 VI.
1424 1654 1432 1669 ‘
1450 1651 1587 1684 Arduus

881 1701 937 1731 ille
946 1710 1048 1740 super
1058 1702 1194 1732 tumidis
1202 1703 1390 1732 cervicibus
1403 1704 1507 1733 altum
1519 1704 1589 1734 Nu-

883 1755 935 1781 tat
960 1756 1106 1792 utroque
1133 1752 1271 1792 caputz'
1296 1753 1341 1783 sie
1361 1753 1480 1785 Colon.
1502 1754 1589 1793 opti-
1613 1782 1616 1786 Δ

883 1811 977 1831 mus:
993 1802 1013 1832 l.
1027 1811 1119 1832 xvu.
1134 1802 1142 1818 ⁴
1157 1803 1251 1834 Quos
1263 1802 1319 1833 ubi
1331 1807 1491 1833 nutantes
1510 1813 1589 1833 cou-

883 1851 1180 1891 spexitAmilcare
1194 1857 1306 1887 cretus
1329 1853 1439 1893 Terga
1463 1851 1588 1893 fugaez’

884 1901 1052 1942 quomodo
1074 1903 1182 1942 prima
1196 1902 1312 1941 editio,
1335 1912 1400 1934 non
1415 1906 1590 1934 mutantes:

884 1960 974 1982 nunc
991 1951 1184 1982 accuratius
1202 1953 1278 1983 loca
1293 1953 1348 1984 illa
1363 1952 1590 1993 perpendenti

884 2001 993 2041 primo
1011 2011 1108 2032 versu
1125 2003 1291 2033 nudantem
1306 2003 1453 2043 membra,
1465 2009 1500 2034 et
1524 2007 1590 2034 ter-

885 2052 932 2083 tio
948 2054 1101 2084 nudantes
1128 2056 1232 2092 terga,
1257 2054 1475 2085 scribendum
1498 2054 1592 2085 vide-

885 2106 953 2132 tur.
1000 2103 1061 2133 Est
1078 2102 1166 2133 enim
1191 2103 1327 2143 Virgilii
1355 2103 1413 2134 illa
1440 2103 1591 2134 imitatus

884 2153 1064 2184 AEneid.v.
1089 2154 1155 2184 ‘Et
1186 2163 1274 2184 nunc
1302 2158 1400 2195 terga
1421 2153 1513 2193 fugae
1530 2163 1590 2184 nu·

886 2202 983 2241 dant,
1001 2212 1089 2234 nunc
1116 2204 1249 2244 spicula
1277 2208 1413 2235 vertunt
1438 2203 1592 2235 Intonsi]

855 2259 859 2261 “
885 2252 1016 2283 medius
1035 2263 1150 2284 versus
1164 2253 1381 2284 distinctione
1399 2258 1474 2294 post
1490 2253 1527 2283 τὸ
1542 2264 1592 2284 su·

883 2303 1131 2344 perjilvaii(liis.
1171 2303 1226 2334 Ad
1243 2304 1470 2335 Claudianum
1487 2304 1592 2344 igitur

887 2358 924 2384 ut
952 2361 1177 2393 revertamur,
1213 2364 1287 2385 cum
1321 2355 1444 2385 Lovan.
1479 2355 1592 2385 animis

885 2405 1041 2435 nutaverit
1057 2405 1349 2444 exhibeat‚nullus
1364 2405 1479 2436 dubito
1494 2404 1591 2434 animi

886 2456 1043 2486 nutaverit
1068 2466 1178 2496 anceps
1200 2455 1401 2496 legendum:
1428 2455 1476 2485 sic
1501 2454 1591 2491 alibi,

886 2507 896 2522 ⁴
915 2505 1104 2546 Ambiguus
1136 2508 1216 2537 vitae
1235 2506 1345 2546 jacuit
1359 2505 1378 2536 :’
1410 2509 1444 2535 et
1481 2504 1590 2543 ‘Ergo

889 2556 989 2587 animi
1007 2557 1147 2588 victus:’
1161 2562 1195 2588 et
1213 2558 1313 2588 Cons.
1329 2556 1460 2594 Manlii,
1474 2565 1503 2585 v.
1515 2557 1590 2585 211.

887 2609 896 2624 ‘
912 2608 966 2638 sic
984 2608 1117 2647 patiens
1134 2607 1235 2638 animi
1253 2617 1312 2646 per
1340 2610 1435 2635 tanta
1452 2603 1591 2643 negotia

888 2658 971 2688 liber
991 2657 1173 2696 Emergitz'
1190 2656 1357 2697 quomodo
1370 2659 1465 2684 vetus
1481 2652 1588 2684 liber:

888 2708 968 2739 nihil
986 2708 1091 2746 magis
1115 2707 1271 2736 obvium:
1297 2704 1384 2744 apud
1408 2701 1591 2742 Apuleium

890 2761 924 2791 in
941 2758 1170 2798 Metamorph.
1198 2757 1314 2786 libris:
1340 2755 1455 2794 Impos
1479 2753 1594 2793 animi,

889 2809 1052 2849 infirmus,
1065 2817 1169 2848 a‘ger,
1184 2806 1330 2846 saucius,
1346 2813 1464 2836 vecors
1480 2803 1593 2844 animi,
