1852 3182
520 214 583 268 DI}
617 239 682 267 lv.
715 238 852 268 coNs.
886 238 1071 269 IIONOR.

113 341 173 370 201
201 335 374 378 Babylona]
406 334 586 365 Persarum
616 336 652 363 et
690 332 772 363 Par-

68 389 203 420 thorum
222 396 337 426 regna.

111 439 212 478 Rapi]
234 434 380 472 vastari,
396 433 543 473 spoliari.
571 433 683 464 Barth.

109 490 174 518 202
198 484 356 526 Nonficta
373 481 473 521 suga]
498 484 607 515 Quam
634 483 767 513 simula-

68 536 151 568 bant
178 534 324 575 alioquin
347 542 388 564 ex
415 542 520 563 more.
565 533 622 563 Sic
649 534 768 564 Parthi

69 587 267 626 plerumque
286 584 319 613 in
335 583 408 623 ipso
430 582 551 613 ardore
574 583 768 614 certaminis

66 636 185 676 praelia
201 634 374 674 deserunt,
390 642 429 663 ac
457 633 572 673 paullo
596 639 671 673 post
686 644 767 673 pug-

64 695 140 717 nam
159 694 200 715 cx
225 683 305 724 fuga
324 687 497 723 repetunt,
514 688 549 713 et
571 692 647 713 cum
666 684 769 714 maxi-

62 744 116 766 me
131 735 250 765 vicissc
278 739 311 764 te
340 738 452 773 putes,
477 738 557 764 tunc
575 733 636 764 tibi
652 733 769 764 discri-

62 795 137 817 men
154 784 366 816 subeundum
381 788 443 814 est.
469 783 566 814 Idem.

103 839 165 868 204
191 836 371 866 Gemmatos
387 834 519 864 Persida
533 833 648 874 cultus]
678 834 766 864 Lux-

61 897 114 918 um
141 887 174 917 in
202 886 330 917 vestitu
363 885 545 915 Persarum
578 884 767 914 docueruut

60 936 185 968 dudum
200 937 421 968 collectanea
439 935 636 965 Doctorum.
668 934 764 965 Idem.

101 992 163 1019 205
190 988 238 1017 lte
263 996 318 1026 per
341 991 512 1017 extremum
542 984 675 1024 Tanain]
698 985 764 1015 Ubi

60 1037 135 1068 finis
167 1036 325 1075 fluminis,
361 1036 392 1066 iu
433 1036 654 1066 remotissima
690 1035 764 1065 loca

60 1087 194 1118 scilicet
211 1085 398 1116 Barbariae.
425 1086 522 1115 Idem.

101 1140 165 1168 206
188 1137 238 1167 Ite
251 1147 308 1176 per
322 1137 481 1166 ardentem
498 1135 645 1175 Libyam]
668 1135 762 1165 Malo

55 1190 204 1218 arentem.
229 1187 355 1220 Lucan.
371 1186 428 1216 lib.
441 1194 465 1216 1.
483 1186 491 1202 ‘
504 1185 642 1216 dubiam
659 1194 762 1224 super

58 1246 196 1278 aequora
232 1237 360 1277 Syrtim
400 1236 631 1277 Arentemque
669 1234 762 1266 feror

59 1288 212 1328 Libyen!
236 1289 307 1321 scio
331 1294 445 1320 tamen
473 1292 507 1319 ct
531 1288 691 1318 ardentem
707 1286 762 1317 Li-

1412 232 1522 273 1321

824 332 914 373 byam
927 342 1026 372 posse
1039 333 1119 363 dici.
1146 333 1190 363 D.
1210 333 1320 364 Heius.

865 386 928 413 203
954 383 1259 423 Herculmnnfinem]
1286 383 1353 413 Ubi
1376 383 1450 415 dum
1468 396 1522 417 co-

823 432 947 463 lumnae
963 433 1132 463 Herculis.

865 483 986 513 Bacchi
1001 482 1111 522 metas]
1137 483 1223 513 Vide
1235 482 1410 513 Valerium
1428 484 1522 515 Flac-

823 542 912 571 cum,
928 534 984 564 lib.
1003 543 1027 565 1.
1052 534 1166 564 Barth.

865 584 983 615 Bacchi
998 585 1206 615 transcurrite
1232 584 1345 624 metas]
1381 586 1423 616 Q.
1440 586 1523 616 Cur-

823 632 908 663 tius:
930 633 1146 663 Transierant
1163 634 1235 673 jam
1269 633 1384 664 Liberi
1415 635 1522 674 patris

824 682 1006 721 terminos3
1032 693 1173 723 quorum
1199 688 1417 714 monumenta
1441 685 1524 725 lapi-

822 732 882 763 des
896 738 995 764 crant
1008 733 1138 764 crebris
1153 734 1339 764 intervallis
1354 735 1523 775 dispositi,

821 783 1029 824 arboresque
1047 793 1214 823 precene,
1231 794 1373 824 quarum
1388 785 1522 825 stipites

820 832 946 863 hedera
963 837 1176 864 contexerat.
1200 834 1320 865 Detrio.

863 885 923 913 211
944 883 1040 913 Indus
1052 883 1139 922 ebur]
1155 883 1313 914 Sidonius
1326 883 1412 921 :sert
1426 885 1521 916 Indus

818 933 904 972 ebur,
923 934 1086 964 Clauldaeus
1100 944 1263 965 amomum.
1304 936 1454 966 Daturas
1468 947 1522 968 ve·

819 992 855 1013 ro
880 983 937 1013 lias
960 984 1154 1023 provincias
1171 986 1252 1015 talia
1268 987 1401 1017 nomine
1419 988 1522 1019 vecti-

818 1033 941 1073 galium
961 1034 1170 1075 principibus
1189 1037 1236 1067 ait
1253 1038 1472 1068 Claudianus,

866 1084 986 1114 Vellera
1001 1084 1108 1123 Seres]
1133 1085 1244 1115 Omne
1262 1087 1407 1116 sericum
1425 1086 1522 1126 rude,

816 1143 927 1174 neque
945 1138 1090 1172 textum,
1107 1134 1304 1165 Velleribus
1322 1135 1442 1166 Poetae
1463 1146 1520 1166 no-

817 1188 904 1222 tant,
920 1183 1009 1224 quod
1026 1184 1131 1215 instar
1142 1184 1289 1214 Velleris
1303 1184 1446 1215 sericum
1465 1195 1519 1216 ar-

816 1234 953 1265 boribus
970 1234 1107 1275 depecti
1126 1235 1263 1266 solitum
1287 1236 1376 1276 apud
1405 1236 1519 1277 Seras,

816 1289 854 1316 ut
869 1285 960 1316 mille
979 1294 1095 1317 eorum
1111 1285 1175 1317 loci
1187 1285 1353 1319 indicant.
1378 1286 1496 1318 Barth.

716 1626 856 1667 VIII.

143 1762 243 1813 DE
285 1760 581 1817 QUARTO
620 1759 1045 1810 CONSULATU
1083 1758 1427 1808 HONORII.

97 1886 219 1919 ΕτιΛΜ
241 1888 297 1919 hic
325 1888 561 1929 Panegyricus
583 1897 684 1919 manu
705 1897 759 1919 re-

55 1938 199 1969 centiori
222 1938 256 1969 in
283 1938 393 1979 primo
411 1938 581 1970 Vaticano
606 1937 758 1978 adscrip-

54 1995 119 2020 tus.
169 1990 217 2020 D.
235 1989 348 2021 Heius.

97 2043 113 2070 l
133 2040 291 2080 Auspiciis
309 2040 479 2080 regalibus]
504 2039 629 2081 Dignis
644 2040 756 2080 Impe-

54 2094 180 2120 ratore.
213 2089 345 2121 Alludit
358 2094 394 2121 et
409 2090 463 2121 hic
479 2095 515 2121 et
531 2090 612 2122 alibi
628 2099 756 2121 morem

54 2141 177 2172 stantis
193 2140 404 2181 Reipublicae
433 2141 608 2180 Romanae,
634 2140 754 2181 magis-

54 2195 163 2222 tratus
180 2191 267 2222 enim
292 2192 438 2232 majores
463 2191 653 2232 auspicato,
676 2200 755 2222 con-

54 2239 152 2271 sultis
190 2240 351 2271 nimirum
375 2240 508 2280 avibus,
538 2240 754 2272 creabantur.

52 2289 141 2320 Vide
158 2289 323 2328 Gellium,
340 2291 361 2322 1.
379 2299 462 2322 xm.
479 2301 509 2322 c.
528 2294 578 2323 14.
625 2291 754 2332 Majes-

53 2344 126 2371 tate
134 2340 419 2381 RegiaTempora
430 2341 568 2382 aperiri,
579 2346 614 2373 et
626 2352 756 2373 summa

53 2398 129 2420 cum
150 2388 342 2421 festivitate
365 2400 496 2421 -novum
524 2400 647 2421 annum
674 2391 755 2421 inci-

51 2448 135 2480 pere
151 2440 212 2479 ait,
227 2439 281 2471 cui
297 2450 360 2481 pro
375 2439 581 2472 felicissimis
597 2441 755 2482 auspiciis

51 2489 95 2521 sit
111 2490 259 2531 Augusti
274 2490 417 2522 nominis
433 2491 564 2522 titulus.
604 2493 613 2509 ‘
631 2492 755 2533 Auspi-

53 2541 106 2572 cia
131 2551 295 2572 annorum
319 2551 339 2572 a
358 2541 565 2573 Consulibus
589 2543 675 2573 sumi
702 2552 754 2573 so-

52 2591 141 2630 lita,’
169 2595 290 2623 auctor
305 2596 359 2623 est
375 2591 609 2633 Cassiodorus,
634 2593 694 2624 lib.
709 2602 752 2625 11.

53 2640 163 2680 Epist.
186 2644 215 2672 1.
262 2642 402 2682 Regalia
426 2641 609 2683 Auspicia,
634 2644 752 2675 Fortu-

52 2700 143 2731 nam,
166 2691 379 2724 Felicitatem
411 2693 573 2734 Principe
599 2694 752 2725 Romano

54 2741 191 2782 dignam
209 2746 341 2773 notant.
384 2743 503 2775 Barth.

97 2788 267 2833 Auspiciis,
280 2791 351 2832 φη]
385 2792 453 2825 Hic
466 2793 611 2826 Honorii
626 2795 754 2828 Consu-

812 1888 902 1919 latus
928 1886 1049 1918 incidit
1076 1886 1108 1917 in
1133 1895 1257 1917 annum
1285 1888 1358 1917 398.
1383 1884 1515 1924 collega

813 1938 887 1978 ejus
914 1937 979 1968 fuit
996 1936 1241 1977 Eutychianus‚
1256 1944 1355 1976 quem
1379 1939 1414 1965 et
1430 1942 1515 1973 prae-

812 1987 948 2018 fectura
985 1986 1147 2017 Praetorii
1185 1984 1404 2015 honestavit:
1451 1982 1512 2014 sub

808 2037 899 2068 idem
928 2040 1063 2076 tempus
1091 2035 1196 2066 Gildo
1215 2036 1315 2075 ‘Mag.
1335 2035 1513 2074 utriusque

808 2088 939 2118 militiae
956 2096 1018 2128 per
1032 2085 1186 2117 Africam
1203 2094 1283 2116 vere
1300 2085 1439 2115 ineunte
1457 2093 1514 2114 ex·

809 2137 955 2169 stinctus
970 2140 1036 2176 est,
1053 2140 1232 2176 postquam
1245 2135 1417 2166 Honorius
1431 2133 1514 2163 dux-

808 2189 891 2219 isset
935 2188 1085 2219 Mariam
1142 2185 1338 2218 Stilichonis
1393 2183 1510 2215 filiam.

811 2240 931 2270 Claver.

850 2287 976 2327 Annus]
1020 2287 1132 2318 Tanta
1155 2286 1245 2318 enim
1261 2288 1337 2317 erat
1349 2283 1511 2316 Consula-

809 2343 864 2370 tus
880 2337 1044 2378 dignitas,
1067 2342 1105 2367 ut
1132 2336 1184 2368 vel
1208 2336 1274 2377 ipsi
1301 2335 1414 2376 Impp.
1436 2343 1510 2366 eam

811 2389 1006 2421 ambierint.
1055 2389 1153 2420 Idem.

853 2441 928 2471 Sese
953 2449 1050 2470 annus
1079 2437 1204 2478 Induit]
1248 2435 1460 2468 Assimilatio
1489 2443 1510 2465 a

807 2490 977 2530 Serpente
1008 2488 1146 2519 exuvias
1176 2492 1311 2518 veteres
1347 2489 1509 2526 ponente,

808 2549 929 2571 novam
956 2539 1083 2579 pellem
1111 2537 1287 2569 induente.
1328 2535 1444 2567 Induit
1460 2544 1508 2574 se,

808 2590 865 2631 qui
893 2589 1057 2621 adsciscit
1072 2588 1215 2620 formam
1239 2588 1351 2618 aliam.
1395 2584 1508 2624 Virgi-

806 2641 894 2672 lius:
919 2641 928 2658 ‘
946 2650 1022 2671 cnm
1037 2649 1073 2670 sc
1093 2649 1161 2670 nux
1185 2638 1329 2679 plurima
1345 2636 1436 2667 silvis
1450 2635 1505 2665 In-

807 2692 883 2724 duit
898 2692 931 2723 in
949 2690 1087 2722 florem!
1132 2690 1245 2721 Acute
1274 2697 1352 2718 sane
1369 2686 1507 2722 dictum,

807 2752 931 2773 annum
948 2751 985 2772 se
1007 2740 1160 2778 induere,
1176 2739 1234 2780 qui
1250 2739 1282 2768 in
1298 2748 1332 2767 se
1347 2745 1388 2766 ex
1405 2744 1439 2765 se
1455 2744 1506 2766 re-

806 2793 966 2826 volvitur.
999 2791 1107 2826 Dicas
1125 2798 1249 2821 annum
1261 2787 1364 2820 etiam
1387 2794 1423 2817 se
1436 2784 1504 2817 Re-
