1852 3182
619 224 798 253 EPIGRA
810 223 839 251 Μ
850 223 1003 252 MATA.

735 349 764 379 N
772 348 878 378 OTAE

81 437 200 469 :eterni
218 436 344 468 Patris.
376 435 408 465 S.
426 435 554 465 Paulus
572 434 613 464 de
631 434 779 473 Clu-isto,

79 488 86 504 ‘
105 489 160 529 qui
177 497 252 519 cum
274 486 315 516 sit
331 485 491 525 splendor
507 485 634 525 gloriae,
650 489 685 515 et
703 485 780 515 sub·

81 538 206 569 stantia
221 536 336 576 figura·
356 535 452 575 ejus?

126 590 162 618 12
178 584 287 625 Φρουρὲ
303 585 387 624 βίου]
407 588 518 615 Custos
529 586 610 615 ritae.
633 585 665 615 S.
677 585 781 616 ,10311-

80 647 138 668 nes
155 638 195 668 de
215 637 363 675 Christo,
396 639 403 652 ‘
426 637 496 675 Ego
516 637 591 667 veni
617 641 651 665 ut
676 635 779 665 vitam

78 685 250 718 habeant!

120 737 236 777 Σῶτερ]
260 737 431 772 861ϊιιίον;
452 747 525 767 nam
543 746 583 767 cx
601 737 636 767 S.
655 735 779 766 Manli.

78 788 86 802 ‘
112 786 193 827 Ipse
224 787 313 817 euim
337 788 464 817 salvum
489 786 593 817 faciet
617 788 779 827 populum

78 846 172 867 suum
190 847 209 867 a
227 838 381 878 peccatis
403 837 542 869 eorum!

120 887 231 919 Αἶῶνος
253 886 409 930 ἀνάσσων]
446 889 516 919 Rex
539 887 727 919 (eternitatis
749 891 778 918 et

832 435 1019 465 soeculormn.
1053 434 1087 464 S.
1108 434 1245 472 Paulus,
1269 433 1277 449 ‘
1296 432 1379 470 Regi
1397 433 1534 463 sarculo-

836 494 907 515 rum
926 483 1129 514 immortali.'

878 535 965 565 Haec
998 535 1251 574 Epigrammata
1276 532 1412 571 Graca,
1436 542 1454 561 a
1479 540 1536 561 ne-

836 585 923 615 mine
943 586 1049 615 adhuc
1079 585 1235 615 traducta
1262 588 1319 613 aut
1343 583 1428 612 uotis
1444 582 1535 611 illus-

836 640 937 671 trata,
952 636 1103 675 pluribus
1115 635 1366 672 illustravimus,
1379 633 1466 673 quod
1483 642 1535 662 res

835 684 964 715 divinas
982 686 1210 723 continerent,
1226 685 1344 725 quibus
1366 688 1460 713 certe
1479 688 1536 713 aut

835 748 894 768 nos
926 742 1015 768 totos
1043 736 1183 773 dedere,
1209 735 1325 765 autad
1343 744 1398 765 eas
1423 742 1537 764 onmes

835 792 966 818 nostras
980 787 1203 826 cogitationes
1216 790 1250 816 et
1261 784 1391 825 vigilias
1405 782 1535 815 referre

835 837 1048 868 deberemus.

701 1107 920 1156 XCVII.

345 1276 416 1317 47.
477 1275 558 1315 ΕΙΣ
584 1273 694 1312 TON
720 1271 1002 1311 ΔΕΣΠΟΤΗΝ
1029 1273 1269 1313 ΧΡΙΣΤΟΝ.

186 1386 417 1436 Ἀρτιψανὲς,
438 1387 632 1433 πολιοῦχε,
655 1380 896 1427 παλαιγενὲς,
919 1379 975 1416 υἱὲ
997 1381 1133 1423 νεοττὲ,

189 1450 285 1487 Αἱὲν
304 1450 374 1486 ἐὼν
394 1449 536 1497 προεών
560 1463 612 1490 τε,
636 1447 827 1492 ὑπέρτατε,
850 1445 997 1488 {lo-rare,
1016 1443 1165 1492 Χριστὲ,

192 1514 418 1551 Ἀθανάτοιο
441 1512 588 1560 πατρὸς,
610 1512 668 1547 καὶ
690 1510 887 1560 ὁμόχροιέ,
909 1508 1068 1558 πάμπαν
1088 1508 1203 1557 ὄμοιε.

466 1627 524 1664 IN
556 1625 838 1663 CHRISTUM
868 1624 1156 1661 DOMINUM.

500 1709 891 1743 INTERPRETATIO
917 1707 1126 1739 POETlCA

383 1790 455 1820 Lux
471 1799 561 1826 nova,
581 1788 650 1818 Rex
664 1787 782 1826 mundi,
796 1795 873 1826 puer
886 1786 967 1815 omni
980 1788 1096 1823 gnatus
1115 1783 1153 1814 ab
1169 1793 1246 1822 ατο,

387 1833 431 1863 Et
448 1841 556 1872 nuper,
566 1839 742 1870 semperque
760 1838 884 1859 monens
899 1831 930 1858 et
946 1827 1067 1857 sideris
1083 1827 1192 1857 instar

384 1875 555 1913 Exoriens,
567 1883 707 1913 supreme
722 1872 834 1909 simul,
851 1870 949 1901 simul
963 1870 1071 1901 ultime
1084 1869 1225 1908 Christe,

384 1918 481 1949 Patri
499 1916 667 1948 immortali
682 1915 795 1946 similis
811 1914 939 1944 virtutis
952 1917 982 1944 et
998 1913 1067 1944 (ευὶ.

525 1998 919 2033 INTERPRETATIO
951 1996 1108 2029 PROSA

133 2079 253 2120 Nuper
270 2086 453 2118 apparens,
467 2076 602 2107 urbium
620 2079 746 2112 custos,
763 2073 806 2105 ab
823 2073 912 2104 omni
929 2082 1002 2103 aevo
1019 2072 1146 2113 genite,
1162 2080 1247 2112 puer
1262 2080 1382 2102 recens
1399 2080 1419 2101 a
1434 2074 1550 2111 partu,

92 2132 227 2163 semper
244 2121 394 2152 existens
409 2124 445 2150 et
469 2127 628 2156 nuscens,
655 2126 825 2158 supreme,
847 2115 967 2147 ultime
994 2115 1142 2155 Christe,
1167 2113 1368 2145 immortalis
1385 2113 1498 2144 Patris
1515 2116 1551 2143 et

97 2174 247 2207 aequaeve
262 2169 297 2195 et
313 2163 446 2194 omnino
460 2161 585 2192 similis.

751 2233 892 2265 NOTAE

132 2318 148 2346 1
182 2312 392 2354 Παλανγενὲς]
437 2311 494 2343 Ad
527 2311 669 2342 verbum
698 2314 796 2342 sonat

89 2366 160 2397 olim
173 2366 299 2406 genite:
322 2365 380 2396 secl
400 2364 503 2396 malui
528 2363 643 2394 dicere
659 2363 696 2393 ab
712 2363 795 2393 omni

91 2427 166 2457 (ει-ο,
177 2418 215 2448 ab
226 2417 308 2447 omni
320 2416 508 2447 aeternitate.
546 2415 648 2452 Nam,
665 2419 702 2445 ut
717 2413 796 2444 doc-

91 2468 178 2499 trina
194 2473 229 2499 et
246 2468 374 2499 virtute
389 2466 656 2508 spectatissimus
670 2469 706 2496 et
718 2464 796 2495 ami-

90 2518 241 2550 cissimus
258 2519 337 2549 mihi
355 2519 509 2558 Callyus,
525 2516 741 2558 Eloquentiae
755 2525 794 2546 ac

93 2567 318 2610 Philosophiae
345 2567 523 2600 Professor
539 2567 675 2607 Regius,
697 2566 794 2606 cujus

93 2619 201 2651 doctis
217 2626 253 2651 et
269 2620 459 2650 salubribus
475 2618 625 2649 consiliis
642 2621 719 2647 utor
735 2626 795 2647 sae-

94 2669 240 2710 pissime,
272 2680 325 2701 me
363 2669 549 2708 monebat;
585 2677 661 2699 cum
693 2666 796 2698 Arius

97 2719 262 2760 pessimus
276 2720 409 2752 diceret
424 2720 467 2751 de
491 2719 639 2758 Christo,
653 2719 664 2736 ⁴
680 2726 747 2748 non
763 2727 797 2748 e-

99 2768 175 2810 rat‚’
198 2773 236 2801 et
249 2769 327 2802 inde
341 2770 460 2812 impias
482 2769 719 2802 conclusiones
739 2767 798 2799 eli-

849 2312 959 2348 ceret,
987 2307 1186 2348 repellenda
1212 2312 1266 2338 est
1297 2306 1351 2337 vel
1384 2302 1553 2335 levissima

848 2360 971 2391 veneni
996 2359 1094 2391 istius
1118 2367 1213 2397 aura,
1230 2367 1295 2399 quo
1318 2365 1448 2387 veneno
1473 2354 1553 2385 alias

835 2410 997 2442 ‘infectus
1015 2415 1069 2442 est
1086 2409 1176 2440 orbis
1191 2407 1262 2439 fere
1280 2408 1466 2438 universus.

883 2461 1017 2502 Νεοττὲ]
1027 2459 1256 2502 Prosequitur
1264 2458 1435 2500 duplicem
1445 2454 1555 2487 Chris-

850 2514 876 2546 ti
893 2514 1121 2552 nativitatem,
1145 2521 1243 2543 unam
1255 2511 1388 2542 scilicet
1405 2508 1447 2540 ab
1463 2504 1553 2539 omni

850 2565 1060 2603 aeternitate,
1073 2568 1110 2594 et
1124 2563 1266 2594 alteram
1285 2562 1318 2592 in
1336 2565 1500 2600 tempore.

893 2618 913 2646 2
946 2612 1129 2654 ’Ὑπέρην-ε,
1158 2612 1228 2653 ξιτ]
1264 2612 1298 2643 S.
1327 2611 1477 2642 Joannes
1510 2604 1554 2635 de

853 2665 1008 2698 Christo:
1025 2666 1033 2682 ‘
1048 2665 1122 2705 Ego
1133 2673 1205 2694 sum
1219 2674 1238 2693 α
1254 2667 1287 2693 et
1304 2674 1338 2701 ω,
1350 2656 1554 2700 principium

852 2721 889 2749 et
903 2715 1005 2748 finis!

895 2770 915 2798 3
930 2765 1057 2806 Ὀμοιε]
1083 2760 1372 2801 Οωιειώειαηείαὶίε,
1391 2757 1445 2790 vel
1468 2755 1555 2796 ejus-
