1851 3213
284 218 400 260 1098
723 229 798 259 cr..
831 227 1112 259 CLAUDIAM
1148 227 1308 258 xnvit.

285 323 491 365 Flumina
512 323 784 377 profundens
807 324 938 364 alieni
961 324 1141 365 conscia
1162 324 1280 364 coeli.

286 392 393 433 Inde
413 405 524 443 vago
546 392 673 445 lapsu
693 392 879 445 Libyam
903 392 1127 445 dispersus
1149 392 1192 431 in
1215 403 1401 439 omnem,
1692 389 1749 430 15

285 459 547 511 AEthiopum
568 471 646 511 per
668 459 785 498 mille
806 459 895 498 ruit
915 459 1130 511 nigrantia
1152 472 1296 511 regna,

286 525 347 566 Et
367 527 464 566 loca
486 526 693 566 continuo
716 525 832 565 Solis
855 525 1063 566 damnata
1084 538 1246 578 vapore

285 593 464 642 Irrorat,
487 593 757 646 populisque
778 595 898 634 salus
920 594 1169 634 sitientibus
1192 598 1317 642 errat,

286 660 372 700 Per
396 660 594 710 Meroen,
618 659 920 714 Blemyasque
940 660 1072 710 feros,
1096 664 1323 714 atramque
1346 660 1533 713 Syenen.

288 726 421 768 Hunc
444 728 556 768 bibit
577 727 770 769 infraenis
792 728 1023 778 Garamas,
1044 728 1324 780 domitorque
1344 728 1534 768 ferarum
1693 726 1751 768 20

285 850 386 878 centes
403 849 506 878 calum
522 848 619 884 aliud,
638 858 737 887 quam
755 848 844 888 quod
863 848 1026 878 videmus.
1075 849 1151 878 Inde
1179 847 1277 878 Nilus
1294 858 1385 878 cursu
1401 846 1572 878 errabundo
1588 845 1704 887 effusus
1720 845 1753 876 in

285 889 418 930 Libyam
435 900 563 929 omnem,
578 891 702 929 rapitur
711 899 766 929 per
782 890 911 930 imperia
927 892 1009 921 mille
1023 890 1205 930 AEthiopnm
1221 891 1395 929 nigrorum,
1407 893 1437 920 et
1452 891 1542 921 alluit
1554 890 1695 928 regiones
1706 889 1753 919 in-

279 931 417 969 festatas
431 934 541 962 ardore
556 932 678 963 assiduo
693 931 785 968 Solis,
799 937 828 963 et
845 933 916 972 ipse
932 934 1015 963 salas
1031 933 1182 963 existens
1196 933 1342 971 gentibus
1356 933 1538 970 siticulosis,
1553 935 1686 971 vagatur
1698 939 1754 972 per

285 975 427 1015 illeroion
441 979 471 1005 et
490 975 638 1016 Blemyes
653 978 767 1015 truces,
783 979 814 1006 et
828 976 949 1017 Syenen
967 977 1103 1016 nigram.
1151 976 1359 1007 Garamantes
1381 975 1510 1013 infroenz'
1525 978 1632 1016 potant
1649 982 1754 1016 aquas

899 1058 1135 1069 eeeeeeeeeeee

286 1107 407 1148 Epigr.
431 1107 638 1141 Ambr.——l4
660 1109 848 1149 perfundens
877 1109 969 1139 Med.
985 1118 1053 1139 sec.
1083 1108 1201 1140 Ambr.
1219 1112 1300 1140 tert.
1329 1108 1459 1139 anlid.
1493 1107 1596 1139 aliena
1619 1108 1753 1138 Bonon.

285 1150 398 1181 alienis
412 1152 534 1182 conscia
554 1152 644 1182 rebus
670 1153 753 1183 Exc.
781 1153 858 1183 Pat.
883 1162 950 1183 rec.
989 1151 1043 1182 teli
1061 1162 1122 1192 pro
1143 1152 1211 1182 coelz‘
1239 1152 1362 1182 Petav.
1385 1154 1540 1182 δρα-16
1563 1160 1666 1181 means
1692 1159 1754 1190 pro

286 1193 351 1224 ruit
366 1194 583 1225 Buslid.-17
608 1205 751 1234 vaporem
767 1195 890 1225 Petav.
908 1204 975 1225 sec.
1014 1195 1121 1234 vapori
1138 1195 1275 1234 legebat
1298 1194 1505 1225 Heius—18
1531 1194 1657 1223 luy-orac
1671 1194 1750 1224 Vat.

286 1239 428 1275 pr.—l9
451 1237 590 1268 Meroem
614 1238 696 1268 Put.
721 1238 848 1269 Thuan.
868 1239 988 1268 Petav.
1014 1247 1080 1267 sec.
1130 1238 1297 1277 Persasque
1327 1236 1456 1267 Buslid.
1492 1236 1660 1275 Blesasque
1688 1235 1756 1266 duo

286 1278 382 1310 Vatt.
400 1279 507 1310 Oisel.
525 1280 591 1310 inc.
607 1281 726 1311 Heius.
740 1281 822 1311 Put.
840 1280 962 1310 Petav.
979 1289 1046 1310 sec.
1064 1280 1146 1311 Cod.
1165 1280 1282 1320 Epigr.
1298 1279 1417 1310 Ambr.
1430 1279 1557 1309 Moret.
1575 1288 1626 1317 pr.
1643 1278 1755 1309 Oxon.

287 1330 354 1352 sec.
373 1322 456 1352 Exc.
473 1323 616 1354 Lucens.
635 1333 686 1363 pr.
705 1322 784 1353 Ald.
801 1324 880 1353 Var.
898 1323 964 1353 LL.
981 1332 999 1352 e
1017 1331 1123 1362 marg.
1152 1323 1264 1352 Parni.
1282 1327 1317 1352 et
1334 1322 1388 1353 ed.
1405 1321 1509 1351 Antv.
1551 1322 1757 1361 Blemyasque

286 1364 367 1394 Vat.
385 1375 435 1404 pr.
453 1370 489 1394 et
514 1369 595 1395 tert.
611 1366 692 1395 Vat.
719 1365 829 1395 Livin.
866 1365 1077 1404 Blemyasque
1100 1365 1155 1394 vel
1182 1365 1351 1403 Blesasqae
1368 1364 1462 1394 Rott.
1487 1364 1620 1393 Bonon.
1637 1363 1757 1395 Ambr.

287 1411 366 1438 tert.
394 1407 491 1445 ferox
515 1411 583 1437 tres
601 1407 696 1438 Med.
721 1407 847 1437 Sienem
865 1407 997 1437 Buslid.
1035 1406 1166 1447 Syenem
1184 1407 1262 1437 Vat.
1280 1417 1332 1446 pr.
1365 1406 1490 1446 Syenen
1506 1405 1574 1436 inc.
1594 1405 1759 1436 Heius.—

285 1450 328 1479 20
351 1448 466 1486 infelz'a:
483 1449 537 1480 ed.
566 1450 683 1480 Parin.
725 1449 864 1487 infrenus
881 1449 999 1479 Ambr.
1017 1459 1068 1489 pr.
1086 1458 1130 1480 rn.
1148 1458 1216 1481 sec.
1254 1449 1386 1485 infrenis
1401 1450 1481 1479 Vat.
1497 1458 1550 1488 pr.
1577 1447 1643 1478 duo
1661 1447 1756 1481 Med.

287 1489 409 1522 Ambr.
427 1501 474 1531 pr.
490 1502 532 1522 m.
550 1502 602 1532 pr.
618 1492 694 1523 Vat.
711 1492 819 1523 Livin.
837 1493 921 1523 Exc.
939 1492 1018 1523 Pat
1035 1501 1104 1522 rec.
1122 1492 1244 1522 Sched.
1262 1491 1352 1523 Gud.
1386 1491 1524 1532 effi-enus
1539 1489 1643 1522 Hafn.
1660 1491 1758 1523 Med.

286 1534 1756 1575 see.Amt›1·.te1t.Moret.pr.Buslid.effrenisdroat.Rott.Oisel.Va1-.LL.

287 1585 307 1607 e
324 1586 430 1617 marg.
449 1578 565 1608 Par.m
612 1578 774 1608 Heinsius
791 1578 1019 1617 ascripserat‘
1040 1582 1134 1607 recte
1149 1578 1191 1607 V.
1205 1577 1242 1607 C.
1258 1576 1390 1615 infrenis
1408 1577 1576 1615 Garamas,
1598 1581 1636 1607 ut
1664 1576 1674 1592 ‘
1689 1577 1758 1608 Nu·

286 1619 380 1650 midoe
395 1619 542 1657 infrenes'
559 1620 716 1660 Virgilio.
730 1619 870 1668 *effrenis
886 1625 955 1658 est,
973 1619 1111 1655 cuilarv„r
1093 1620 1161 1650 «rius
1182 1619 1381 1659 indulgetur
1394 1618 1548 1650 frenum:
1565 1619 1613 1650 sic
1630 1617 1758 1649 ‘effi-e

287 1666 387 1693 natus
406 1661 524 1703 equus'
539 1662 712 1703 Spattian.
729 1663 761 1693 in
775 1663 902 1694 Severo
925 1672 956 1703 p.
974 1652 1131 1694 68.1.31.
1148 1662 1189 1693 de
1207 1672 1273 1703 quo
1290 1663 1365 1693 loco
1381 1662 1448 1694 vid.
1465 1662 1606 1693 Salmas.
1623 1672 1657 1703 p.
1683 1664 1758 1694 136·

953 1759 1093 1791 NOTAE

290 1826 343 1853 set
358 1821 431 1853 Nili
446 1821 534 1862 fons,
561 1823 619 1864 qui
641 1823 742 1854 hodie
759 1824 915 1864 cognitus
932 1827 994 1854 est.

290 1872 413 1904 Oritur
430 1872 558 1913 quippe
584 1883 625 1903 ex
645 1873 771 1913 duplici
792 1873 886 1904 fonte
903 1874 936 1903 in
953 1872 995 1902 A-

289 1923 404 1963 byssia
420 1923 474 1953 vel
491 1922 648 1959 Abassia‚
662 1923 694 1954 in
708 1923 819 1954 medio
831 1923 903 1954 fere
921 1933 997 1964 reg-

290 1983 333 2004 no
362 1973 495 2013 Goyam,
518 1973 549 2004 in
576 1974 713 2013 regione
737 1974 904 2013 Sacahala,
921 1984 997 2015 quae

290 2027 443 2054 montosa
457 2028 520 2062 est,
534 2028 569 2054 nt
586 2024 715 2064 reliqua
730 2023 922 2064 AEtliiopia:
950 2024 998 2054 in-

293 2079 345 2106 ter
359 2079 490 2104 montes
508 2074 668 2114 planities
682 2084 797 2115 parva,
812 2084 920 2116 eaque
937 2075 999 2105 ini-

291 2124 559 2165 qua‚reperitur,
571 2124 652 2154 etin
668 2124 809 2164 planitie
823 2125 915 2156 locus
929 2125 998 2156 exi-

292 2183 375 2213 guus
406 2178 507 2213 atque
534 2172 729 2213 fruticosus‚
755 2173 918 2206 fruticum
946 2185 997 2206 ra-

291 2223 353 2254 mis
369 2228 404 2253 et
429 2223 602 2254 radicibus
628 2225 674 2255 ita
690 2225 780 2255 inter
795 2235 869 2256 sese
887 2226 998 2266 impli—

293 2274 380 2313 citis,
417 2279 455 2304 ut
495 2284 599 2314 supra
628 2274 787 2306 incedere
818 2285 884 2306 non
922 2286 998 2307 raro

293 2334 407 2366 queas.
452 2324 493 2355 In
506 2325 568 2356 hoc
590 2325 665 2356 lacu
683 2325 748 2356 duo
764 2324 890 2365 fontes,
906 2326 998 2367 iique

293 2375 441 2413 altiores,
458 2379 639 2415 puteorum
656 2375 773 2415 instar,
796 2386 860 2407 non
879 2378 998 2417 procul

294 2434 313 2455 a
328 2434 363 2455 se
381 2425 502 2455 remoti
520 2425 686 2456 visuntur.
713 2426 803 2457 Hinc
818 2428 917 2458 Nilus
932 2428 997 2458 ori-

294 2479 360 2514 tur,
375 2478 412 2506 et
427 2484 495 2505 non
511 2475 614 2505 multo
640 2480 730 2516 post,
758 2486 797 2507 ex
823 2478 888 2508 alio
909 2479 997 2518 lacu,

293 2535 392 2566 quem
420 2525 577 2564 intrarat,
605 2535 794 2566 emergens,
822 2532 915 2559 terra
941 2529 997 2560 ab·

291 2576 461 2615 sorbetur,
476 2576 609 2607 alveum
632 2582 746 2608 tamen
762 2588 858 2609 suum
874 2579 998 2620 insigni

291 2625 472 2657 herbarum
492 2625 667 2657 viriditate
685 2626 904 2667 distinguens.
942 2629 998 2660 Iu-

293 2676 337 2707 de
361 2677 466 2716 major
494 2677 664 2717 prodiens,
685 2682 721 2708 et
749 2676 860 2708 fluviis
889 2680 998 2720 Gema,

293 2729 465 2770 Linquetil,
481 2734 517 2760 et
535 2730 667 2760 Brantz'l
695 2730 874 2771 adauctus,
899 2732 998 2765 irruit

294 2780 329 2813 in
352 2782 465 2815 lacum
482 2781 552 2813 Bar
569 2781 723 2822 Dambea,
739 2783 791 2814 vel
816 2784 938 2824 Coloen,
955 2793 997 2817 ex

1050 1823 1254 1859 Ptolemaeo,
1278 1822 1331 1853 vel
1348 1822 1465 1863 Zayre,
1490 1822 1545 1852 vel
1567 1820 1699 1854 Zambre
1715 1831 1758 1853 ex

1052 1873 1262 1904 Mercatore.
1286 1871 1338 1903 Ex
1353 1873 1415 1903 hoc
1430 1873 1507 1903 lacu
1523 1870 1671 1902 inaximo
1685 1872 1759 1912 plu-

1052 1923 1144 1953 rimis
1161 1927 1196 1953 et
1212 1922 1409 1962 ingentibus
1422 1921 1532 1953 fluviis
1546 1926 1646 1952 aucto
1658 1921 1757 1952 Nilus

1052 1974 1156 2012 solus,
1182 1973 1326 2014 ideoque
1343 1973 1465 2013 major,
1483 1974 1654 2012 erumpit:
1680 1975 1763 2012 post

1054 2024 1087 2054 in
1113 2024 1231 2055 eadem
1260 2023 1432 2063 AEthiopia
1456 2022 1580 2062 recipit
1608 2022 1760 2063 ingentia

1053 2073 1200 2113 flumina,
1225 2075 1377 2111 Ganzara,
1395 2073 1492 2113 Abea,
1514 2073 1633 2112 Baixo,
1656 2077 1693 2104 et
1715 2073 1761 2104 A·

1053 2136 1158 2167 quers;
1174 2126 1392 2166 Nubiamque
1402 2129 1437 2156 et
1446 2125 1761 2165 AEgyptumintrat,

1053 2177 1161 2216 alluit,
1188 2175 1372 2207 foecundat.
1419 2175 1507 2206 Haec
1523 2174 1633 2206 omnia
1648 2174 1759 2205 hausi-

1052 2237 1125 2258 mus
1150 2238 1191 2258 ex
1214 2226 1373 2257 Diatribe
1390 2225 1588 2257 nobilissimi
1605 2224 1759 2256 doctissi-

1052 2278 1166 2318 mique
1184 2278 1247 2308 viri
1264 2277 1357 2308 Totii
1374 2276 1533 2315 Ferrarii,
1548 2276 1580 2306 in
1598 2284 1759 2316 suprema

1053 2329 1251 2360 Normaniae
1269 2328 1372 2359 Curia
1391 2326 1565 2358 Senatoris
1580 2324 1760 2366 integerri-

1052 2379 1109 2417 mi,
1127 2379 1183 2419 qui
1211 2378 1360 2409 curiosas
1380 2378 1481 2408 hasce
1504 2376 1759 2407 observationes

1054 2440 1095 2460 ex
1113 2429 1205 2460 libris
1223 2434 1258 2460 et
1281 2428 1454 2469 colloquiis
1470 2427 1708 2458 Lusitanorum
1724 2425 1758 2456 in

1053 2481 1126 2522 ipsa
1141 2480 1319 2511 Lusitania
1335 2479 1531 2519 expiscatus
1545 2482 1607 2508 est.

1095 2534 1133 2562 15
1159 2530 1250 2570 Inde]
1276 2531 1325 2560 Ex
1344 2529 1483 2569 regione
1500 2518 1687 2558 meridiana
1702 2527 1758 2558 ΙΕ-

1053 2583 1218 2622 thiopum‚
1245 2592 1265 2612 a
1291 2581 1411 2622 quibus
1439 2580 1538 2610 Nilus
1565 2579 1678 2610 dictus
1704 2582 1759 2609 est

1051 2636 1200 2673 Astapus,
1228 2632 1262 2663 id
1291 2631 1379 2673 quod
1411 2630 1606 2670 AEthiopum
1643 2628 1759 2669 lingua

1053 2682 1221 2724 significat
1233 2692 1355 2725 aquam
1378 2691 1397 2714 e
1420 2680 1570 2713 tenebris
1587 2678 1758 2722 profluen-

1053 2738 1132 2767 tem.
