1851 3213
873 420 1154 468 XXXIX.

647 668 786 726 CL.
858 665 1366 725 CLAUDIANI

403 850 1625 939 EPISTOLAE.

285 1196 378 1237 ΕΡ.
428 1195 464 1237 Ι.
525 1192 934 1236 ΒΕΡΒΕΟΛΤΙΟ
985 1192 1072 1234 AD
1121 1190 1530 1234 HADRIANUM
1583 1191 1752 1234 PRAE-

682 1281 941 1324 FECTUM
994 1279 1359 1341 PRAETORIO.
1687 1281 1689 1283 “

794 1423 1251 1456 ARGUMENTUM.

331 1501 568 1533 Craummus
584 1499 618 1529 in
635 1498 789 1529 Mallium
811 1503 847 1529 et
872 1498 1085 1529 Hadrianum
1113 1496 1288 1537 scripsisse
1310 1495 1492 1527 dicebatur
1514 1506 1659 1537 sequens
1675 1496 1756 1538 Epi-

290 1562 464 1594 gramma:
497 1552 506 1568 ‘
526 1551 665 1582 Mallius
687 1551 844 1590 indulget
865 1560 996 1589 somno,
1018 1554 1207 1589 noctesque
1225 1548 1389 1590 diesque3
1416 1549 1583 1581 Insomnis
1610 1550 1758 1582 Pharius

288 1616 398 1644 sacra,
422 1603 564 1645 profana
585 1604 690 1643 rapit.
737 1603 903 1634 Omnibus
931 1604 994 1634 hoc
1021 1603 1121 1634 Italae
1141 1607 1261 1643 gentes
1278 1602 1455 1642 exposcite
1480 1603 1592 1641 votis3
1617 1603 1756 1635 Mallius

290 1665 329 1691 ut
339 1659 471 1700 vigilet,
487 1657 633 1688 dormiat
644 1661 680 1687 ut
693 1656 860 1688 Pharius!
877 1657 947 1688 Per
959 1657 1123 1687 Pharium
1140 1655 1300 1695 intelligit
1315 1655 1527 1687 Hadrianum
1543 1657 1758 1698 AEgyptium‚

291 1712 370 1754 quia
388 1710 598 1742 Alexandria
615 1709 808 1747 oriundum,
825 1719 925 1750 quem
952 1710 1016 1740 hoc
1033 1709 1288 1749 Epigrammate
1314 1709 1537 1740 vehementer
1554 1708 1760 1752 offenderat,

290 1770 330 1797 ut
346 1765 402 1806 qui
418 1774 495 1795 eum
511 1764 607 1794 velut
625 1764 791 1794 latronem
808 1766 844 1794 et
860 1763 1064 1803 sacrilegum
1081 1766 1251 1803 carperet.
1295 1762 1448 1804 Ideoque
1464 1763 1528 1794 sibi
1546 1767 1665 1804 postea
1678 1774 1758 1795 ‹eon-

292 1819 381 1850 scius
398 1818 564 1848 malorum
580 1816 842 1857 imminentium,
853 1820 888 1847 et
901 1821 1043 1848 vexatos
1060 1816 1102 1847 ab
1116 1816 1291 1847 Hadriano
1309 1816 1435 1847 amicos
1451 1826 1527 1848 suos
1545 1817 1676 1858 dolens,
1688 1817 1760 1858 ejus

292 1873 376 1903 iram
393 1871 457 1901 hac
473 1870 629 1910 Epistola
646 1870 864 1910 deprecatur,
877 1869 935 1900 sed
953 1869 1002 1900 ita
1016 1873 1143 1909 tamen,
1155 1873 1191 1900 ut
1207 1869 1305 1900 homo
1322 1869 1364 1900 ad
1380 1868 1599 1900 dicacitatem
1615 1879 1760 1910 propen-

294 1935 362 1963 sus,
386 1923 441 1966 (ut
457 1933 532 1954 esse
549 1923 659 1953 solent
674 1921 849 1963 Africani)
872 1926 908 1954 et
922 1922 1118 1954 Stilichonis
1136 1923 1346 1954 auctoritate
1362 1921 1484 1964 fretus,
1501 1922 1557 1954 vix
1574 1932 1610 1954 se
1627 1926 1760 1962 teneat,

294 1977 376 2019 quin
389 1976 456 2017 ipsi
471 1975 592 2007 illudat
608 1975 801 2007 Hadriano.

297 2141 486 2206 USQUE
509 2159 677 2199 adeone
697 2162 786 2200 tuae
807 2160 1067 2214 producitur
1087 2162 1272 2215 impetus
1293 2160 1369 2201 irae
1387 2160 1405 2199 ’ἒ

340 2262 392 2292 An
404 2261 552 2293 violentia
568 2262 737 2294 iracundioe
752 2266 814 2294 tuoe
827 2264 885 2295 huc
906 2274 998 2306 usque
1008 2262 1236 2306 progreditur?
1270 2263 1325 2295 An
1333 2262 1414 2304 finis
1427 2262 1528 2294 nultus
1556 2263 1617 2295 erit
1631 2262 1763 2304 fletibus

913 2347 1150 2359 eeeeeeeeeeee

342 2400 383 2430 In
406 2399 539 2430 Bonou.
566 2401 694 2431 Codice
717 2400 894 2440 legebatur
919 2401 982 2432 hoc
1009 2411 1145 2432 carmen
1171 2405 1248 2441 post
1275 2402 1494 2441 Epigramma
1520 2411 1608 2434 xxx.
1644 2402 1678 2434 in
1696 2411 1764 2444 quo

301 2441 454 2481 Praesatio
473 2443 513 2472 ud
540 2443 714 2473 Adi-iamim
739 2443 948 2482 inscribitur,
968 2444 1018 2474 uti
1044 2449 1078 2474 et
1105 2444 1138 2474 in
1163 2445 1289 2475 Moret.
1317 2455 1367 2484 pr.
1394 2445 1459 2476 inc.
1489 2445 1610 2477 Heins.
1627 2450 1662 2477 et
1680 2445 1764 2478 Cod.

301 2484 420 2526 Epigr.
439 2484 557 2516 Ambr.
576 2491 731 2517 vocatur.
758 2486 793 2516 iu
811 2486 955 2517 Lucens.
970 2495 1020 2525 pr.
1048 2487 1238 2527 Deprecatio
1263 2488 1302 2517 ad
1329 2487 1540 2519 Hadrianum.
1555 2493 1591 2520 et
1606 2489 1639 2519 in
1655 2498 1760 2529 marg.

963 2582 1110 2615 NOTAE

345 2657 549 2699 Deprecatio]
587 2657 628 2688 In
644 2657 820 2688 veteribus
837 2657 933 2688 libris
957 2658 1003 2688 ie·
1102 2658 1291 2697 Prafectum
1337 2658 1508 2698 Praetorio]
1577 2658 1767 2692 Praefectus

303 2711 395 2752 gitur
421 2709 477 2740 hic
503 2710 643 2740 titulus:
678 2710 884 2749 Epigramma
911 2710 1004 2740 satis·
1060 2710 1229 2741 Praetorio
1244 2709 1284 2740 ab
1301 2708 1458 2749 Augusto
1470 2709 1606 2740 Caesare
1619 2710 1766 2750 primum

295 2762 449 2802 factionis
463 2763 543 2804 apud
559 2761 769 2793 Hadrianum.
1060 2759 1239 2791 institutus
1265 2763 1316 2791 est
1332 2769 1374 2791 ex
1391 2759 1552 2801 Equestri
1566 2760 1712 2803 Ordine,
1728 2765 1767 2793 ut
