1852 3182
538 236 600 264 Dss
635 235 696 264 lv.

75 329 147 361 dati
185 330 328 362 hominis
374 328 505 360 ratione
551 328 775 367 compositam

75 386 223 412 mentem
238 380 331 421 quati
349 386 406 410 aut
423 378 583 409 convelli.

119 432 157 461 Si
172 441 267 471 prm-n
284 430 380 470 cupis]
407 429 461 459 Ita
475 428 595 468 scripti
614 428 776 468 plerique.

75 480 198 511 insulse
223 491 318 520 ριιιϊιι
348 480 509 509 hactenus
539 478 687 516 legitur:
715 487 776 517 pro

74 532 251 565 sert-itii.si
269 531 337 560 ritii
363 540 445 559 unus
471 528 562 559 Med.
589 533 623 558 et
649 528 776 567 Imperii

76 591 138 622 pro
156 581 292 612 Interius
310 581 435 611 Lovan.
464 579 503 609 D.
520 578 632 609 Heius.

118 632 223 662 Prata
238 629 337 670 cupis]
362 630 593 660 Honestarum
610 628 698 658 enim
726 637 775 658 re-

75 690 147 711 rum
176 679 344 710 desideria
369 679 600 720 requiruntur,
625 687 690 708 non
721 688 775 708 ve-

73 734 192 761 tantur
209 735 267 761 aut
283 730 475 769 abiguntur.

116 780 253 811 Duceris
289 780 352 820 ira]
422 779 583 820 RaperiS,
624 780 776 810 traheris.

73 829 190 861 Barth.

115 882 179 910 260
203 879 600 920 Serritiipaticrejugmn]
629 880 777 911 Consen-

73 939 112 961 sn
140 931 331 970 sapientum
362 937 495 962 constat
527 941 602 962 enm
635 931 776 961 liberum

73 979 208 1011 minime
225 991 308 1018 esse,
325 981 380 1021 qui
398 981 508 1011 animo
526 987 558 1011 et
576 980 700 1011 affectu
723 981 777 1011 ob-

74 1031 193 1061 noxius
206 1031 246 1060 sit
265 1032 356 1061 vitiis
372 1036 405 1062 et
417 1031 677 1071 cupiditatibus.
703 1032 776 1061 Cie-

74 1081 191 1119 sarius,
209 1080 335 1111 Homil.
350 1084 402 1112 25.
427 1083 435 1098 ‘
454 1082 559 1111 Plane
576 1090 715 1120 magnus
730 1081 775 1110 vi-

74 1135 119 1161 1ae
131 1130 262 1161 fructus
274 1137 326 1161 est
341 1132 488 1161 >ec-uum
504 1132 652 1171 potuisse
666 1131 776 1170 despi-

72 1188 163 1219 cere,
177 1186 211 1211 et
230 1181 305 1211 Deo
332 1182 459 1211 servire
488 1182 644 1221 coepisse.
690 1182 776 1211 Eva-

73 1231 155 1261 sisse
187 1231 344 1262 vitiorum
377 1231 643 1262 infelicissimum
673 1231 777 1262 domi-

72 1286 200 1319 natum,
215 1287 249 1311 et
266 1281 392 1321 fugisse
411 1283 497 1322 gulae
515 1287 617 1320 atque
634 1282 775 1312 luxuriae

72 1330 288 1361 t'oedissimam
307 1331 532 1362 servitutem)

116 1381 247 1420 Iniquus
261 1381 357 1420 leges]
393 1381 560 1422 [niquitas
580 1382 669 1411 enim
689 1382 777 1422 quic-

73 1431 152 1472 quid
171 1436 292 1462 contra
307 1440 400 1460 veras
415 1432 506 1470 leges
524 1431 604 1471 agit.
631 1431 745 1462 Barth.

117 1484 176 1512 261
203 1482 340 1512 Interius
355 1481 450 1521 leges]
487 1481 525 1511 In
542 1482 674 1512 homine
691 1482 776 1512 inte-

75 1532 174 1562 riore.
219 1531 342 1562 Anima
372 1532 526 1562 nimirum
543 1543 551 1568 ;
587 1533 640 1562 cui
672 1532 776 1562 domi-

74 1592 194 1613 norum
220 1583 329 1613 instar
353 1583 435 1613 vitia
457 1583 652 1614 vecorditer
673 1583 776 1623 impe-

74 1638 164 1663 rant.

117 1683 203 1713 Tunc
225 1683 327 1712 omnia
343 1682 418 1720 jure
433 1681 565 1721 tenebis]
599 1682 683 1712 Cum
709 1681 777 1711 ani-

74 1742 164 1763 mum
178 1732 334 1763 nimirum
351 1738 446 1763 tuum
462 1733 526 1763 sibi
543 1741 656 1770 regem
675 1731 778 1762 dede-

73 1784 132 1823 ris,
150 1788 220 1814 tum
237 1783 348 1814 omnia
364 1788 463 1813 erunt
479 1787 549 1814 tua.
577 1781 690 1813 Barth.

116 1837 180 1866 262
206 1835 283 1865 Cum
304 1834 420 1874 poteris
435 1843 492 1864 rex
515 1843 579 1863 esse
605 1831 667 1871 tui]
703 1832 778 1862 Sto-

74 1883 182 1923 baeus,
197 1884 306 1915 Serm.
333 1892 432 1915 xmv.
457 1881 605 1913 κάκιστον
631 1880 706 1912 εῖναι
730 1880 779 1920 ἅρ-

73 1946 175 1975 χοντα
188 1934 245 1964 τὸν
265 1934 373 1974 ἀρχεῖν
400 1933 510 1964 ἑαυτοῦ
534 1932 576 1969 μὴ
601 1930 777 1969 δυνάμενον.

75 1984 254 2022 Horatius,
267 1984 326 2014 lib.
343 1993 384 2014 11.
399 1984 466 2014 Od.
485 1986 516 2013 2.
542 1984 550 1999 ‘
571 1982 687 2012 Latius
704 1991 778 2021 reg-

74 2043 135 2064 nes
151 2033 285 2063 avidum
300 2033 468 2063 domando
483 2032 662 2072 Spiritum,
678 2041 777 2072 quam

75 2084 102 2114 si
118 2084 263 2123 Lib5am
275 2084 413 2114 remotis
427 2082 729 2123 Gadibusjungas,
743 2088 778 2113 et

74 2138 215 2174 uterque
243 2133 369 2164 Poenns
396 2133 530 2164 Serviat
554 2132 631 2164 uni.’
688 2133 778 2164 Hinc

75 2183 124 2215 ait
146 2184 319 2222 Salomon,
344 2183 509 2214 Proverb.
526 2191 601 2214 ΧΠ.
626 2185 634 2199 ‘
653 2183 778 2213 Melior

75 2237 128 2264 est
144 2232 280 2273 sapiens
305 2233 378 2263 viro
402 2232 504 2270 t'orti;
529 2239 562 2263 et
589 2233 646 2273 qui
672 2233 778 2263 domi-

76 2287 180 2314 natur
210 2283 321 2314 animo
351 2293 422 2323 suo,
451 2288 688 2324 expugnatore
725 2293 778 2314 ur-

75 2332 190 2366 bium.²

119 2383 296 2414 Proclivior
314 2393 388 2414 usus
404 2383 444 2414 Iu
465 2384 572 2424 pejora
587 2383 696 2423 datur]
729 2384 778 2415 Eo

74 2433 263 2465 inclinante
283 2434 521 2475 hominemque
546 2433 704 2474 rapiente
720 2444 777 2465 na-

74 2488 164 2523 tura,
177 2493 267 2524 quae,
283 2494 359 2515 cum
375 2484 572 2524 accesserit,
586 2494 628 2515 ex
641 2483 778 2515 fortuna

75 2533 216 2564 licentia
242 2539 276 2564 et
303 2534 486 2575 impunitas
517 2534 690 2574 vitiorum,
722 2535 777 2565 vix

75 2583 145 2614 ulla
161 2593 225 2624 ope
243 2584 422 2625 retinetur,
445 2585 523 2626 quin
539 2584 573 2615 in
590 2585 684 2626 pejus
701 2595 778 2626 pro-

76 2633 226 2664 cumbat.
248 2634 365 2666 Barth.

120 2685 182 2713 263
207 2683 381 2725 Suadetque
395 2685 520 2716 licentia
535 2686 657 2726 luxum]
689 2687 778 2718 Mul-

77 2732 117 2772 ti,
140 2732 256 2774 quide
270 2743 375 2774 regno
401 2741 576 2776 praecepta
598 2736 779 2776 dederunt,

79 2783 203 2825 quique
229 2784 342 2825 Reges
376 2785 614 2828 laudaverunt,
636 2780 700 2819 nec
729 2787 777 2818 ul-

729 234 865 264 CONS.
898 235 1081 264 IIONOR.

1420 227 1535 270 1343

829 328 892 357 lam
926 328 1085 358 virtutem
1114 328 1219 367 magis
1246 329 1366 360 merito
1392 331 1532 362 laudant

829 383 930 416 atqui·
949 378 1119 417 ingerunt,
1135 388 1234 418 quam
1252 379 1530 414 moderationem.

831 428 946 458 Barth.

871 481 932 509 20⁷1
957 478 1101 518 Ejffrsrm]
1125 478 1177 509 Ab
1195 479 1368 509 indomitis
1388 480 1534 510 unii-lali-

830 529 905 559 bus.
940 532 948 545 ⁸
969 529 1088 567 Frena,
1107 529 1218 566 leges)
1254 530 1444 566 Juvenum,
1461 531 1532 561 sat.

832 587 914 610 vin.
948 581 956 595 ‘
986 589 1072 616 pone
1105 580 1160 609 ira·
1194 579 1289 609 frena
1319 580 1534 620 modumque,

831 627 924 658 Pone
942 635 977 659 et
995 629 1174 666 avaritia-,’
1190 633 1252 660 ἀε-

878 678 985 709 Vivere
1007 682 1090 709 caste
1117 679 1278 719 Asperius]
1311 679 1423 719 Major
1450 689 1532 719 ergo

829 728 899 759 laus
917 730 1156 769 temperanti-<e
1185 730 1216 759 in
1240 739 1368 760 summa
1385 729 1535 770 fortuna,

828 779 881 809 cui
900 780 1013 809 omnia
1031 780 1144 810 licent.
1174 780 1286 811 Barth.

871 832 932 860 265
971 831 1047 860 Tum
1085 831 1192 861 durius
1230 831 1285 861 ira·
1325 831 1533 872 consulimus]

827 880 909 910 Tum
927 880 1031 909 virtu.-
1047 888 1079 910 ει
1100 880 1195 911 labor
1212 886 1264 911 est
1282 883 1454 913 abstinere
1473 893 1532 914 usu

828 929 1068 969 cupiditatum,
1092 940 1166 961 cum
1194 938 1244 961 est
1272 931 1304 961 in
1327 938 1460 972 promtu
1478 942 1532 964 ea·

829 990 899 1010 rum
913 981 1098 1019 expeditio,
1117 981 1286 1020 Inprimis,
1297 988 1417 1022 utpote
1432 984 1535 1014 noxia

830 1031 992 1069 plurimis,
1016 1032 1063 1060 liis
1091 1031 1283 1062 coercenda
1311 1033 1371 1070 ira,
1398 1036 1429 1063 in
1454 1043 1533 1075 quo-

828 1089 899 1109 rnm
929 1087 1012 1110 nutu
1039 1082 1184 1111 vertitur
1212 1083 1301 1112 salus
1329 1084 1532 1116 mortalium.

829 1130 944 1159 Barth.

870 1182 934 1211 266
959 1181 1172 1221 Consulimus]
1213 1181 1393 1212 Cous-ulitur
1418 1183 1532 1214 melio-

829 1239 891 1261 res.
937 1231 981 1262 D.
1000 1232 1111 1262 Heius.

874 1282 1048 1321 Comprime
1076 1281 1190 1321 motus]
1226 1282 1382 1314 Animum
1411 1284 1532 1324 ipsum.

829 1332 1017 1363 Horatius:
1043 1334 1215 1363 ‘animum
1244 1337 1339 1373 re'ge,
1367 1335 1436 1375 qui,
1469 1336 1532 1366 nisi

829 1387 940 1421 paret,
958 1383 1126 1423 Imperat,
1142 1384 1228 1413 lnmc
1248 1383 1365 1423 frenis,
1388 1385 1476 1416 hunc
1495 1391 1531 1416 tu

827 1441 1006 1473 compesce
1023 1433 1168 1463 catena)
1200 1434 1317 1464 Barth.

870 1485 931 1514 267
958 1484 1024 1513 Nec
1039 1483 1097 1513 tihi
1113 1484 1186 1523 quid
1202 1484 1309 1523 liceat]
1343 1485 1479 1516 Summa
1496 1491 1533 1516 et

828 1532 982 1563 absoluta
1000 1538 1152 1573 potestas
1173 1534 1229 1573 jus
1254 1534 1378 1565 habere
1406 1545 1441 1566 se
1462 1545 1532 1567 cre-

828 1582 879 1612 dit
905 1583 937 1612 in
969 1583 1122 1621 libidine,
1155 1584 1305 1624 nihilque
1328 1585 1532 1625 ,Imperanli

827 1642 893 1663 non
921 1634 1024 1664 licere
1048 1634 1136 1673 quod
1155 1634 1269 1664 libeat.
1315 1634 1447 1665 Auctor
1465 1636 1533 1667 Oc-

829 1684 952 1714 taviae:
983 1683 991 1699 ‘
1011 1683 1049 1713 ld
1067 1682 1182 1713 facere
1197 1685 1269 1713 laus
1287 1689 1352 1723 est,
1369 1685 1457 1725 quod
1475 1686 1532 1716 de-

829 1739 897 1773 cet,
914 1744 978 1764 non
995 1734 1084 1774 quod
1103 1734 1206 1765 licet.'
1238 1735 1336 1766 Idem.

872 1784 940 1815 Nec
955 1783 1014 1814 tibi
1029 1786 1106 1824 quod
1122 1784 1227 1824 liceat]
1253 1786 1361 1825 Leges
1379 1786 1532 1828 Principi

829 1844 927 1866 nemo
954 1835 1104 1875 scripsit,
1130 1835 1177 1866 ait
1205 1835 1360 1866 Plinius:
1387 1846 1451 1867 non
1483 1842 1533 1868 ta-

828 1894 905 1915 men
923 1885 953 1916 ei
969 1885 1051 1916 licet
1067 1885 1157 1926 quod
1174 1885 1276 1924 libet3
1301 1896 1339 1917 ac
1357 1887 1531 1918 minimum

829 1934 931 1965 decet
947 1934 1067 1974 libere,
1084 1935 1137 1965 cui
1156 1935 1294 1966 nimium
1311 1936 1403 1968 licet.
1431 1938 1519 1969 Clav.

870 1987 933 2015 268
951 1985 1119 2024 Respectus
1130 1985 1263 2025 honesti]
1283 1986 1423 2018 Decori.
1448 1987 1533 2017 Per-

829 2034 910 2074 sius,
925 2035 996 2066 Sat.
1013 2044 1051 2066 n.
1074 2037 1083 2052 ‘
1098 2035 1397 2077 Compositumjus
1412 2036 1531 2078 fasque

829 2085 946 2124 animi,
974 2089 1177 2126 sanctosque
1208 2095 1362 2117 recessus
1388 2087 1531 2126 Mentis,

829 2141 864 2166 et
880 2140 1057 2167 excoctum
1082 2145 1244 2176 generoso
1268 2142 1388 2176 pectus
1414 2137 1532 2169 hones-

829 2184 889 2215 to.’
917 2185 1014 2215 Idem.

871 2238 934 2266 269
960 2236 1074 2266 Crebro
1089 2235 1241 2276 sermone]
1270 2236 1401 2268 Iterata
1417 2237 1531 2269 admo-

828 2285 971 2323 nitione,
997 2290 1034 2316 ut
1059 2295 1231 2327 nunquam
1255 2286 1366 2317 animo
1381 2287 1529 2319 excidat.

829 2336 926 2378 Idem.

872 2389 935 2417 270
960 2387 1066 2417 Medio
1081 2387 1204 2417 telluris
1217 2387 1251 2418 in
1272 2386 1340 2427 ore]
1375 2387 1441 2419 Ubi
1464 2397 1529 2419 om-

828 2436 926 2466 nibus
943 2437 988 2466 sis
1000 2437 1216 2477 conspicuus.

875 2488 1008 2518 Telluris
1023 2489 1055 2518 in
1071 2487 1156 2528 orbe]
1190 2488 1229 2519 In
1253 2498 1305 2519 ore
1326 2488 1470 2519 Lucens.
1495 2492 1531 2519 et

828 2546 887 2568 sex
904 2537 982 2568 alii:
1006 2538 1146 2578 optime.
1182 2538 1293 2578 Silius,
1307 2538 1365 2570 lib.
1381 2547 1436 2571 111.
1458 2539 1466 2555 ‘
1481 2538 1529 2569 At

829 2597 915 2628 puer
930 2588 1074 2619 obsessae
1091 2592 1272 2628 generatus
1290 2588 1388 2618 inore
1402 2589 1528 2627 Sagun-

830 2637 902 2675 thi‚’
918 2648 994 2669 cum
1012 2643 1145 2670 vetusto
1163 2638 1259 2669 libro.
1305 2638 1404 2669 Ovid.
1416 2637 1525 2676 Epist.

829 2688 947 2718 Ariad.
971 2689 980 2704 ‘
997 2688 1082 2719 Cum
1097 2688 1232 2719 steteris
1257 2687 1346 2717 urbis
1363 2687 1470 2716 celsus
1491 2685 1526 2716 in

829 2747 887 2768 ore
902 2738 1001 2769 tuae:’
1024 2736 1192 2778 quomodo
1215 2735 1332 2775 scripti
1355 2734 1526 2774 meliores,

828 2797 895 2819 non
911 2787 1009 2819 turboe
1019 2787 1115 2819 celsus
1128 2787 1250 2817 honore.
1277 2793 1326 2816 xv.
1343 2784 1441 2816 Trist.
1463 2784 1472 2800 ‘
1483 2783 1527 2816 Il-
