1852 3182
0 2645 7 2675 l

525 219 576 248 ΙΝ
613 219 844 249 RUFINUM
884 218 1062 249 LIB.11.

68 326 110 355 se,
128 316 296 347 transiret.
343 315 465 346 Utrum
484 313 643 343 transiret
670 313 701 342 in
720 317 771 343 tot

70 367 185 397 hostes
204 366 245 397 ab
262 375 296 396 se
315 363 525 403 Reipublicae
543 361 664 400 fuctus,
678 364 771 394 etita

69 418 178 457 palam
192 418 319 447 hostem
335 413 564 454 profiteretur.
590 413 772 451 'I'ruusserre

69 477 112 501 se,
135 466 288 497 transire.
334 463 523 494 Poeticnm.
572 464 685 494 Barth.

118 516 229 546 Tantos
242 523 304 544 sese
318 512 502 550 transferret
521 513 551 543 in
567 513 682 552 hostes]
718 514 747 544 F
748 514 771 543 ἱ-

70 567 123 595 dos
146 565 231 595 alter
259 563 352 593 Leid.
379 563 535 594 Patavin.
564 568 599 593 et
629 564 770 594 Gevart.

71 626 146 647 cum
178 615 285 655 primo
315 615 503 646 Vaticano:
540 620 659 655 argute
686 614 772 655 fidos

70 667 169 696 hostes
191 670 290 695 vocat
319 665 439 704 Getas,
466 674 547 706 quos
563 665 696 695 occulto
714 664 772 694 fue-

71 715 150 745 dere
176 714 316 744 Rufinus
342 715 403 745 sibi
432 716 588 746 sociarat.
637 714 771 745 Inticeti

70 765 334 804 interpolatores
361 775 426 795 non
450 766 651 796 intellexere
676 775 773 804 aigu-

71 820 142 846 tum
160 815 308 846 dictum:
335 816 382 846 sic
401 817 488 856 apud
510 816 685 846 Paulinum
709 816 772 845 Na-

71 866 132 896 tali
148 866 270 896 Felicis
287 867 416 906 quinto,
431 869 438 882 ‘
462 867 592 897 Fraude
612 861 700 897 bona
713 865 773 896 fal—

72 916 127 947 lax
145 916 254 946 auimo
272 917 412 947 mentita
429 916 543 947 fideli)
588 917 674 946 x‘ide
692 917 774 947 Bar-

73 967 178 997 thium
206 966 296 997 infra
320 967 381 997 hoc
406 967 491 997 libro
509 977 555 997 vs.
572 970 644 997 226.
691 967 773 997 Mox

72 1028 134 1058 pro
147 1019 312 1059 purpureis
327 1019 474 1049 columnis
489 1023 656 1058 excerpta
675 1018 774 1047 Pom-

73 1070 194 1109 peiana
206 1069 392 1109 porphireis.
437 1070 482 1099 1).
498 1069 618 1099 Heius.

117 1121 178 1148 134
198 1119 282 1152 Quid
295 1128 372 1148 nunc
384 1118 518 1158 uiritim]
542 1116 777 1156 t’hiloszophiva

73 1166 258 1197 admonitio
275 1172 309 1197 et
325 1167 511 1206 digressio:
544 1176 645 1206 opum
662 1176 775 1207 qumn·

72 1217 158 1248 libet
174 1227 312 1257 magnos
325 1227 467 1248 acervos
483 1217 584 1248 animi
601 1226 698 1247 curas
712 1226 776 1247 non

74 1267 269 1299 emendare.
303 1267 419 1298 Barth.

118 1320 178 1348 135
199 1317 380 1357 Cougeries]
403 1316 599 1347 Inconditus
613 1316 780 1347 immanis-

74 1377 139 1408 que
153 1376 302 1398 acervus.
333 1366 500 1398 Qualibus
517 1366 707 1396 divitiarum
723 1376 779 1396 un-

75 1418 180 1458 dique
207 1422 447 1457 congestarum
480 1417 587 1456 copiae
619 1427 638 1446 a
664 1416 780 1447 Poetis

77 1472 269 1508 aequantur.

120 1519 291 1559 Purpureis
307 1516 469 1556 columnis]
499 1518 672 1547 Marmore
690 1517 780 1548 colo-

77 1571 122 1601 ris
140 1570 287 1611 punicei.
332 1570 491 1608 Quinque
509 1572 620 1597 autem
639 1576 780 1596 marmo-

77 1630 151 1652 rum
168 1620 299 1651 colores
327 1618 501 1659 praecipue
528 1622 656 1647 amatos
679 1616 781 1646 docet

76 1671 256 1703 Sidonius:
282 1670 291 1686 ‘
312 1669 377 1699 Hic
395 1668 479 1708 lapis
504 1672 555 1697 est
571 1666 612 1697 de
630 1667 780 1707 quinque

76 1721 158 1752 locis
187 1720 271 1752 dans
295 1719 445 1761 quinque
473 1719 626 1749 colores:
656 1727 782 1758 purpu—

78 1781 166 1811 reus,
183 1770 314 1809 viridis,
342 1770 544 1807 maculosus,
571 1768 731 1807 eburnus,
747 1772 783 1798 et

79 1820 196 1853 albus.’
231 1820 346 1852 Barth.

123 1874 186 1902 136
207 1870 320 1910 Atria]
346 1870 478 1901 Horum
497 1869 642 1900 maxima
659 1868 783 1899 cerain

79 1920 266 1962 magnificis
293 1921 486 1960 structuris,
512 1926 654 1960 propter
683 1920 785 1950 clien-

80 1973 166 2003 tium
193 1971 460 2008 multitudinem,
488 1979 627 2011 quorum
656 1970 786 2009 agmina

81 2023 115 2053 in
132 2022 172 2052 iis
196 2027 376 2062 patronum
403 2022 593 2061 praestolari
619 2022 784 2052 solebant.

81 2072 231 2102 Statius:
264 2072 273 2087 ‘
292 2071 468 2101 Montibus
493 2076 551 2100 aut
576 2071 643 2101 late
674 2071 786 2101 Graiis

82 2120 200 2152 effulta
216 2120 373 2151 nitebant
390 2119 502 2158 Atria,
516 2125 692 2161 congestos
706 2122 787 2151 satis

83 2172 286 2213 explicitura
304 2170 469 2202 clientes!
518 2171 615 2201 Idem.

125 2223 235 2262 Atria,
249 2222 318 2263 δρα]
343 2223 428 2252 H-aec
447 2221 567 2251 nonde
585 2222 716 2261 porticu
730 2221 788 2251 illa

83 2274 220 2314 insigni,
246 2282 344 2313 quam
374 2272 406 2301 in
435 2272 518 2301 urbe
534 2261 717 2301 Antiochia
745 2271 786 2301 ad

84 2323 270 2364 placandos
297 2323 389 2353 cives
416 2322 592 2359 excitarit,
620 2326 709 2353 teste
726 2322 787 2352 Zo-

84 2375 181 2412 simo,
208 2373 408 2412 accipienda
434 2376 530 2402 sunt:
566 2371 625 2401 sed
655 2371 696 2401 de
722 2371 787 2410 By-

85 2424 220 2454 zantino
236 2432 340 2464 opere
365 2426 546 2453 structurae
569 2420 787 2451 admirabilis.

88 2475 208 2505 Claver.

127 2526 180 2556 Ad
193 2525 312 2565 sidera]
343 2525 398 2556 Sic
421 2524 464 2555 de
481 2523 668 2564 magnificis
686 2522 788 2554 aedifi-

87 2575 148 2606 ciis
163 2575 396 2616 Hyperbolice
413 2574 653 2615 loquebantur.
671 2573 788 2604 Barth.

133 2627 192 2655 137
209 2626 308 2656 Audit
321 2625 396 2665 iter]
420 2624 574 2655 Sonitnm
591 2624 789 2664 strepitum-

90 2678 156 2715 que
187 2676 366 2715 venientis,
404 2675 646 2714 imaginatione
691 2675 788 2705 malae

91 2725 317 2757 conscientiae.
362 2725 569 2757 Petronius:
595 2727 603 2740 ‘
619 2724 677 2756 Dii
691 2724 792 2754 Deae-

90 2785 168 2817 que,
192 2784 292 2818 quam
306 2775 394 2806 male
409 2780 464 2807 est
487 2778 582 2806 extra
604 2775 715 2815 legem
742 2774 790 2804 vi-

1410 211 1523 251 1277

825 313 1000 343 ventibus!
1048 312 1136 353 quod
1175 314 1276 343 semel
1314 321 1524 353 meruerunt,

824 372 958 402 semper
982 363 1207 402 exspectant)
1253 363 1308 394 Sic
1340 365 1392 394 isti
1420 367 1526 395 (nuliis

824 424 923 444 sonus
953 413 1123 445 referebat
1155 414 1338 444 adventum
1369 415 1526 444 Stilicho-

825 465 886 494 nis.
934 465 1033 495 Paria
1060 465 1232 502 Solonion,
1257 464 1411 504 sapient.
1430 473 1459 492 c.
1477 467 1528 493 17.

824 514 938 544 Barth.

868 564 1035 603 Spatioque
1050 563 1185 603 riarum]
1219 562 1362 594 Stilicho
1387 572 1466 592 vero
1490 571 1529 591 eo

825 615 966 644 consilio
995 615 1095 644 Italia
1121 618 1286 652 moverat,
1302 618 1339 643 nt
1356 611 1528 643 occideret

829 662 995 694 Rufinum.
1045 664 1138 693 Idem.

870 717 931 744 13ss
969 715 1059 744 Peste
1088 713 1219 753 futuru]
1269 713 1349 743 Pace
1389 713 1530 742 Lucens.

826 774 923 804 quam
941 763 1085 794 Stilicho
1113 764 1248 794 Orienti
1267 767 1356 793 esset
1377 761 1530 792 redditu-

826 825 893 845 rus.
941 816 983 845 1).
1003 815 1114 846 Heius.

870 869 930 897 139
957 868 1020 897 Nec
1045 867 1155 906 recipit
1181 865 1314 905 somnos]
1348 867 1471 896 Salust.
1489 865 1531 896 de

826 916 990 947 Catilina:
1016 917 1169 947 ‘animus
1194 917 1358 957 impurus,
1384 917 1459 947 Diis
1477 916 1533 946 ho-

829 967 1041 1007 minibusque
1073 967 1229 1007 infestus,
1260 978 1370 1008 neque
1409 967 1531 1007 vigiliis

827 1026 936 1055 neque
954 1017 1125 1056 quietibus
1143 1017 1252 1048 sedari
1272 1017 1430 1057 poterat.'

872 1066 960 1106 Soepe
1004 1067 1152 1097 cubilibus
1197 1078 1301 1097 unicus
1352 1066 1536 1106 Est-utitur]

829 1116 1268 1147 Conscientiameritorum.
1316 1116 1431 1146 Barth.

874 1169 935 1197 140
961 1167 1219 1207 11oe›1‹1»1q1‹e11‹it
1236 1166 1409 1203 formidine
1423 1164 1535 1205 poenoe]

830 1217 1049 1247 Conscientia
1077 1217 1273 1247 meritorum
1304 1216 1440 1246 noxium
1466 1216 1535 1246 ani-

830 1277 919 1297 mum
936 1267 1042 1297 instar
1056 1267 1223 1298 carnificis
1243 1267 1347 1307 ipsius
1374 1272 1535 1307 torquem,

831 1320 876 1346 te.
937 1315 1082 1347 Ovidius
1122 1317 1238 1356 pulcre
1276 1317 1339 1346 hnc
1380 1316 1505 1346 extulit
1525 1326 1532 1345 ε

831 1367 840 1382 ‘
856 1366 966 1396 Multa
984 1367 1084 1396 miser
1102 1367 1216 1403 timeo,
1242 1367 1320 1406 quia
1338 1365 1404 1396 feci
1428 1366 1536 1396 multa

832 1420 1005 1454 proterve,
1022 1416 1249 1455 Exemplique
1269 1420 1361 1445 metu
1376 1421 1537 1455 torqueor

832 1465 903 1504 ipse
922 1460 1018 1496 meis
1058 1466 1155 1496 Idem.

876 1518 934 1545 l<11
961 1516 1025 1546 Sed
1050 1515 1130 1545 redit
1158 1515 1189 1546 iu
1214 1514 1347 1554 rabiem]
1380 1514 1536 1544 Mutatus

832 1565 978 1595 maximo
1016 1565 1214 1596 Stilichonis
1253 1570 1346 1595 metu
1384 1564 1537 1603 Rufinus,

833 1625 898 1645 non
919 1616 1009 1645 ultra
1029 1615 1133 1645 malos
1152 1625 1228 1645 suos
1244 1624 1355 1645 mores
1373 1614 1539 1644 abstinuit

832 1675 931 1706 quam
945 1665 1073 1704 primus
1087 1668 1196 1694 terror
1211 1664 1425 1701 externavit;
1450 1663 1539 1694 redit

833 1726 910 1746 mox
928 1716 970 1745 ad
988 1715 1266 1746 consuetudinem
1283 1714 1484 1751 facinorum,
1504 1717 1540 1744 et

834 1766 890 1806 qui
907 1766 987 1796 vitae
1006 1765 1105 1795 modo
1123 1765 1275 1795 incertus
1297 1769 1383 1802 erat,
1405 1763 1477 1802 jam
1495 1762 1539 1793 de

834 1816 984 1857 Imperio
1010 1815 1200 1846 invadendo
1229 1814 1427 1854 Principem
1456 1813 1539 1844 allo-

835 1868 958 1908 quitur.
998 1866 1099 1896 Idem.

878 1916 941 1946 Sed
970 1915 1051 1946 redit
1084 1915 1116 1945 iu
1148 1913 1280 1955 rabiem]
1326 1915 1380 1945 Sic
1412 1914 1539 1954 Isingr.

836 1967 976 2006 Gyrald.
993 1966 1090 2006 prim.
1108 1965 1266 1995 vatican.
1284 1970 1319 1996 et
1346 1971 1479 2005 septem
1497 1973 1539 1995 ex

836 2017 973 2047 nostris.
1013 2016 1140 2047 Caeteri
1159 2025 1234 2047 cuni
1249 2017 1394 2056 vulgatis
1403 2016 1541 2053 jue-iem:

837 2068 896 2098 uisi
909 2067 1001 2108 quod
1016 2067 1139 2107 Regius
1149 2065 1298 2103 fucinus:
1321 2067 1423 2096 etiam
1441 2066 1540 2096 bene.

837 2118 1019 2158 Vulgatam
1049 2118 1254 2157 scripturam
1283 2118 1309 2147 si
1338 2118 1410 2158 quis
1425 2117 1540 2148 invitis

838 2168 1032 2199 melioribus
1044 2168 1248 2198 membranis
1267 2168 1541 2208 amplectendam

838 2225 969 2256 censet,
999 2218 1101 2249 adeat
1128 2228 1188 2257 pro
1212 2228 1252 2248 ea
1277 2229 1340 2249 non
1357 2218 1543 2250 infeliciter

839 2268 1081 2309 (ligladiantein
1102 2269 1291 2299 Barthiuin.
1338 2270 1381 2299 D.
1399 2269 1512 2300 Heius.

883 2322 943 2350 142
970 2319 1149 2359 Ingenium]
1177 2319 1370 2360 ingenitum
1393 2329 1541 2351 amorem

838 2371 1001 2401 malorum
1019 2380 1159 2400 morum.

847 2413 849 2415 ¹
882 2422 1050 2460 Suc-rusque
1072 2420 1161 2457 fores
1181 2420 1360 2459 proediritis
1387 2420 1464 2450 ‹mla›
1489 2420 1542 2450 In-

838 2469 918 2509 trat]
946 2471 1083 2510 Magum
1102 2470 1265 2510 potentiae
1293 2470 1465 2509 indicium,
1495 2470 1542 2499 in-

840 2528 931 2552 trare
948 2531 1023 2551 cum
1043 2520 1135 2551 lubet
1154 2521 1195 2550 ad
1222 2520 1423 2560 principem.
1470 2520 1542 2550 Cae-

840 2577 951 2603 terum
976 2572 1151 2611 epitheton
1179 2570 1268 2600 istud
1296 2570 1394 2607 aulae,
1416 2578 1480 2599 vox
1495 2568 1542 2598 ni-

839 2623 959 2652 mirum
974 2622 1161 2661 proedt'ritis,
1179 2620 1256 2651 mihi
1275 2621 1336 2650 hoc
1355 2620 1427 2648 loco
1444 2617 1542 2648 valde

840 2678 999 2714 suspecta
1023 2678 1088 2712 est,
1117 2672 1198 2702 licet
1230 2671 1395 2701 neminem
1418 2669 1540 2699 librum

840 2723 971 2754 videam
988 2723 1044 2764 qui
1061 2733 1134 2753 eam
1150 2726 1270 2751 mutet.
1314 2720 1435 2750 Putem
1452 2718 1542 2748 iuter

840 2773 951 2804 onmia
975 2771 1121 2804 maxime
1144 2770 1315 2801 excellens
1332 2767 1447 2807 Regiae
1463 2775 1542 2798 cou-
