1851 3213
316 214 429 256 1096
755 227 831 257 cr..
864 224 1147 257 ehAUDIANl
1182 224 1342 255 XLVH.

935 400 1158 449 XLVII·

860 552 903 591 4.
964 550 1008 592 Ν
1028 550 1051 591 I
1069 550 1107 591 L
1124 549 1167 590 U
1185 548 1232 590 S.

869 698 1223 731 ARGUMENTUM.

361 774 639 806 CELEBRANTUR
661 774 817 815 AEgyptii
835 775 907 805 sine
926 775 1041 815 pluvia
1060 774 1192 815 felices,
1217 774 1260 805 ob
1288 774 1403 805 Nilum
1420 783 1528 813 suum,
1552 772 1649 813 cujus
1667 771 1783 803 adum·

318 828 438 859 bratur
453 837 521 859 non
538 833 608 859 tam
624 828 732 868 origo,
750 838 849 869 quarn
863 838 981 859 cursus
995 831 1030 859 et
1043 827 1222 859 inundatio
1239 827 1459 860 admirabilis.

319 992 405 1050 FE
415 1021 517 1061 mx,
541 1010 614 1064 qui
631 1010 816 1051 Pharias
835 1012 1081 1065 proscindit
1102 1025 1274 1053 vomere
1293 1015 1442 1054 terras.

321 1077 491 1119 Nubila
510 1091 596 1119 non
621 1083 770 1131 sperat
790 1081 983 1121 tenebris
1005 1081 1238 1121 condentia
1258 1080 1447 1132 coelum3

320 1144 420 1186 Nec
441 1146 628 1198 graviter
647 1147 800 1188 flantes
823 1147 1011 1200 pluviali
1031 1148 1189 1202 frigore
1209 1147 1353 1188 Coros

322 1212 524 1263 Invocat,
547 1217 623 1254 aut
644 1227 793 1255 arcum
814 1215 988 1256 variata
1008 1216 1107 1256 luce
1128 1215 1366 1256 rubentem.

327 1278 539 1334 AEgyptos
561 1281 654 1322 sine
675 1283 790 1322 nube
811 1282 952 1332 ferax,
974 1283 1219 1336 imbresque
1241 1293 1415 1322 serenos
1760 1280 1788 1320 5

368 1389 400 1421 F
399 1392 562 1420 ortunatus
578 1389 649 1430 ille,
664 1390 716 1430 qui
724 1390 854 1429 frangit
869 1393 975 1421 aratro
989 1400 1109 1430 campos
1125 1390 1305 1430 AEgyptios.
1352 1389 1425 1419 Non
1440 1391 1584 1428 expectat
1598 1387 1692 1419 nubes
1704 1398 1791 1423 oeca-

316 1435 431 1473 pantes
447 1433 554 1462 coelum
569 1442 629 1463 sua
653 1433 853 1472 obscuritate,
879 1443 974 1473 neque
995 1433 1147 1473 supplicat
1165 1432 1256 1462 Coris
1278 1431 1467 1472 spirantibus
1481 1431 1686 1470 vehementer,
1710 1440 1788 1463 cum

310 1474 438 1514 frigore
450 1475 577 1514 pluvio:
601 1486 661 1506 non
675 1476 846 1516 supplicat
873 1476 960 1506 arcui
984 1475 1158 1507 rubescenti
1184 1475 1299 1506 lumine
1324 1475 1453 1505 diverso.
1498 1475 1657 1514 AEgyptus
1667 1473 1792 1512 fertilis

324 1522 377 1549 est
392 1518 458 1549 sine
479 1519 598 1558 pluvia,
622 1522 651 1550 et
667 1520 730 1550 sola
753 1519 891 1559 possidet
906 1529 1002 1559 aquas
1015 1528 1149 1559 serenas,
1179 1528 1238 1549 non
1252 1518 1375 1549 solicita
1391 1518 1433 1548 de
1455 1517 1540 1557 coelo,
1562 1527 1622 1548 non
1645 1517 1791 1557 indigem

950 1601 1166 1614 eeeeeeeeee

366 1656 408 1687 In
423 1657 505 1687 Exc.
520 1657 667 1688 Lucem.
682 1666 733 1698 pr.
751 1662 787 1689 et
802 1656 926 1688 Sched.
953 1656 1043 1688 Gud.
1078 1657 1172 1687 Nilus
1187 1657 1251 1687 hoc
1271 1666 1408 1688 carmen
1426 1656 1634 1688 inscribitur.
1658 1655 1693 1686 in
1708 1657 1789 1689 Vat.
1850 1648 1851 1651 Ἴ

324 1709 377 1739 pr.
395 1703 430 1730 et
447 1699 572 1730 Moret.
590 1710 641 1739 pr.
655 1704 731 1731 erat
748 1701 843 1731 Nilus
858 1700 981 1740 incipit.
1026 1700 1083 1730 De
1102 1700 1177 1730 Nilo
1191 1699 1258 1731 vid.
1285 1699 1501 1730 Ammianum
1517 1700 1539 1730 l.
1556 1708 1648 1730 xxn.

323 1744 401 1817 ΞΠ.
415 1743 488 1815 238.
506 1746 541 1773 et
557 1747 627 1774 not.
648 1743 879 1785 Lindenbrog.
897 1754 931 1784 p.
948 1745 1022 1774 119.
1036 1746 1071 1773 et
1087 1752 1181 1784 seqq.
1210 1743 1335 1774 Lucan.
1353 1743 1428 1774 Lib.
1446 1752 1483 1774 x.
1510 1747 1545 1774 et
1568 1743 1689 1774 Senec.
1708 1742 1790 1774 Nat.

359 1794 428 1815 uaes
450 1808 457 1815 .

369 1830 386 1858 1
408 1828 581 1868 proscindis
591 1829 721 1860 Buslid.
743 1829 900 1870 proscindi
916 1829 1043 1859 Moret.
1059 1831 1174 1869 pr.—2
1191 1838 1245 1859 nec
1257 1832 1361 1868 sperat
1378 1827 1472 1860 Med.
1487 1832 1600 1870 quart.
1616 1828 1697 1859 Put.
1708 1828 1791 1860 Var.

326 1870 394 1902 LL.
411 1869 463 1901 ed.
480 1869 585 1902 Antv.
610 1881 695 1903 nosse
709 1875 802 1912 parat
817 1873 896 1902 Vat.
914 1881 982 1902 sec.
1009 1872 1115 1903 Oisel.
1131 1871 1226 1902 Med.
1243 1881 1308 1902 sec.
1326 1872 1449 1902 Petav.
1462 1881 1529 1902 sec.
1556 1871 1687 1902 Buslid.
1704 1870 1792 1903 Cod.

325 1912 444 1953 Epigr.
463 1913 645 1945 Aml›r.—3
673 1916 751 1946 Cum
764 1915 908 1954 graviter
921 1914 1018 1945 Med.
1047 1924 1115 1945 sce.
1132 1913 1263 1945 Buslid.
1291 1914 1424 1956 flamine
1442 1924 1502 1955 pro
1519 1913 1646 1953 frigore
1662 1914 1792 1944 Moret-

324 1959 445 1996 pr.—4
468 1966 559 1987 arcus
573 1968 601 1988 υ.
623 1958 687 1988 luce
702 1957 849 1988 ruberent
868 1957 1064 1989 Buslid.—5
1090 1958 1249 1998 AEgyptus
1264 1961 1334 1989 tres
1348 1958 1443 1988 Vatt.
1467 1957 1544 1988 Pal.
1562 1957 1662 1988 Rott.
1680 1956 1792 1988 Oisel.

326 1999 483 2039 AEgyptos
510 1999 615 2031 Hafu.
641 2000 735 2032 Med.
759 2010 826 2033 sec.
843 2000 964 2031 Petav.
982 2010 1050 2032 sec.
1076 1999 1194 2032 Ambr.
1212 2004 1293 2032 tert.
1319 1999 1405 2032 Cod.
1430 2000 1546 2041 Epigr.
1564 1999 1683 2031 Ambr.
1701 1998 1792 2037 ferat

990 2096 1130 2128 NOTAE

371 2173 387 2201 1
414 2171 564 2212 Pharias]
587 2171 779 2213 AEgypfias,
805 2182 824 2203 a
844 2172 958 2204 Pharo
982 2172 1032 2203 in-

327 2222 401 2252 sula
416 2222 493 2252 olim
512 2222 595 2253 Nili.

1087 2171 1197 2202 Arida
1226 2181 1291 2203 nec
1328 2171 1444 2213 pluvio
1481 2170 1651 2212 supplicat
1683 2169 1793 2203 herba

1085 2223 1188 2257 Jovi?

1664 1709 1698 1740 p.
1715 1701 1790 1732 246.
1850 1705 1851 1713 ’

370 2273 390 2303 2
416 2271 533 2303 Nubila
558 2283 616 2304 non
643 2273 764 2314 sperat]
802 2274 957 2305 Lucanus
986 2273 1032 2305 de

325 2320 477 2362 AEgypto
490 2333 497 2353 z
512 2324 520 2339 ‘
538 2323 647 2353 Tei-ra
663 2324 730 2354 suis
745 2328 908 2355 contenta
922 2324 1032 2362 bonis,

329 2372 412 2403 nihil
427 2372 542 2413 indiga
557 2374 692 2412 mercis,
710 2373 778 2405 Aut
791 2374 906 2406 Jovis:
932 2375 965 2406 in
981 2384 1032 2406 so-

328 2422 361 2454 lo
377 2426 473 2453 tanta
489 2427 542 2454 est
555 2422 679 2454 fiducia
695 2425 797 2456 Nilo.'

373 2476 392 2504 3
420 2472 531 2512 Coros]
566 2473 672 2504 Corus
690 2484 748 2505 seu
765 2476 895 2506 Caurus
911 2480 1032 2507 ventus

330 2527 384 2554 est
400 2521 484 2554 flans
509 2523 551 2554 ab
574 2533 698 2556 occasu
723 2526 908 2565 solstitiali,
937 2527 1034 2568 isque

330 2572 483 2614 frigidus.
510 2574 691 2614 Virgilius:
717 2576 726 2592 ‘
744 2576 888 2617 Semper
905 2578 1035 2618 hyems,

334 2634 468 2665 semper
485 2625 652 2665 spirantes
670 2625 798 2666 frigora
816 2628 941 2660 Cauri!

376 2678 396 2706 4
413 2674 554 2715 Invocat]
578 2676 656 2707 Non
673 2676 812 2709 invocat
829 2678 961 2717 pluvias
978 2685 1036 2711 aut

336 2730 465 2757 ventos.
510 2726 612 2758 Unde
637 2726 813 2758 Tibullus:
837 2729 846 2744 ⁶
861 2728 912 2758 Te
937 2738 1037 2769 prop·

335 2783 388 2808 tei·
404 2777 511 2809 nullos
526 2778 626 2809 tellus
654 2782 711 2809 tua
728 2778 877 2818 postulat
902 2778 1037 2819 imbros,

1129 2275 1263 2314 Arcum]
1289 2274 1413 2305 Arcum
1430 2272 1544 2313 Iridis,
1566 2283 1641 2314 quae
1660 2272 1794 2304 nuntiat

1087 2335 1203 2366 aquas,
1227 2325 1392 2356 Ovidius:
1405 2324 1414 2341 ‘
1427 2323 1586 2364 Concipit
1598 2324 1663 2355 Iris
1675 2333 1792 2365 aquas,

1087 2375 1318 2416 alimentaque
1334 2375 1480 2406 nubibus
1494 2373 1617 2406 affert!

1130 2430 1148 2456 5
1174 2426 1249 2456 Sine
1262 2425 1354 2465 nube]
1389 2426 1467 2456 Sine
1486 2425 1611 2465 pluvia,
1627 2434 1701 2466 quae
1719 2434 1796 2456 nas·

1088 2476 1178 2508 citur
1194 2486 1237 2507 ex
1261 2476 1420 2515 nubibus,
1445 2476 1568 2507 fruitur
1584 2475 1732 2510 imbribus
1746 2485 1793 2507 se-

1087 2527 1182 2567 renis,
1196 2527 1327 2558 scilicet
1345 2528 1440 2569 aquis
1459 2527 1531 2558 Nili
1555 2526 1605 2556 sui
1621 2526 1794 2557 exundan-

1089 2579 1147 2619 tis,
1162 2579 1221 2610 sed
1238 2578 1365 2618 aerem,
1386 2588 1446 2609 seu
1470 2577 1601 2608 Coelum
1625 2586 1793 2617 serenum,

1089 2639 1155 2660 non
1182 2628 1377 2660 inficientis.
1422 2627 1586 2668 Bullayus
1615 2631 1730 2658 tamen
1757 2626 1794 2658 in
1836 2651 1837 2654 ,

1090 2679 1156 2710 suis
1183 2677 1512 2719 peregrinationibus
1540 2677 1589 2708 ait
1610 2677 1793 2718 AEgyptum
1836 2683 1837 2687 ’

1092 2730 1214 2771 pluviis
1231 2728 1423 2771 aliquando,
1444 2732 1479 2758 et
1496 2727 1621 2768 saepius
1639 2736 1714 2759 rore
1738 2734 1794 2758 co-

1092 2781 1188 2821 pioso
1205 2779 1348 2820 irrigari.
