1851 3213
238 204 352 247 14:38

239 310 371 350 Largirz'
387 311 466 341 olim
482 310 717 351 conjiciebam,
733 310 822 351 quod
840 310 872 340 in
888 319 947 339 sex

240 361 416 392 codicibus
448 365 570 401 postea
611 360 835 401 deprehendi,
865 369 948 400 quos

239 412 331 444 inter
350 412 541 451 Palatinus,
567 411 709 442 Barthio
737 420 871 451 quoque
900 410 948 440 in-

240 468 391 503 spectus,
407 473 469 494 nec
493 463 691 492 intellectus
718 462 779 492 lioc
806 462 882 492 loco
902 466 948 492 ta-

240 523 338 544 men:
365 523 448 544 unus
471 512 628 552 Largiris.
660 513 791 552 egimus
816 512 857 542 de
885 513 947 543 lioc

239 563 316 594 loco
342 572 401 593 111.
426 564 527 593 Cous.
554 561 645 593 Hon.
662 571 710 591 vs.
728 564 779 593 88.
807 561 948 592 Vatica-

238 623 301 644 nus
326 613 474 654 optimus
499 623 517 643 a
547 622 648 642 manu
677 613 785 652 prima
811 612 948 651 Largior

239 666 280 694 et.
306 674 380 705 quae
398 663 501 695 lectio
516 663 549 694 in
567 663 736 694 nonnullis
755 663 826 693 aliis
843 663 948 694 etiam

240 715 391 746 occurrit
406 714 622 745 membranis.
652 715 696 744 D.
716 713 827 744 Heius.

282 764 449 804 Largitur]
465 765 541 795 Vox
556 764 759 804 peculiarem
776 763 948 803 magnani-

237 814 393 845 mitatem
410 814 523 844 dantis
542 813 709 844 indicans.

284 864 477 904 Comitatur]
500 863 624 894 Comes
647 867 729 893 nota
757 861 947 894 felicitatis.

238 914 396 947 Secundo
411 913 704 953 Stilichoniarum,
718 913 846 954 pariter
864 913 948 953 ejus-

239 965 316 996 dem
331 965 458 996 Herois
471 964 654 995 decoribus
668 969 848 995 accenset:
865 964 873 980 ‘
886 973 949 994 nec

238 1024 404 1056 prospera
416 1014 516 1046 flatus
532 1014 710 1046 Attollunt
722 1015 854 1053 nimios,
867 1014 948 1055 quin

238 1066 315 1106 ipsa
339 1065 497 1106 superbia
522 1066 591 1096 late
620 1065 805 1104 Discessit,
830 1065 948 1096 vitium

239 1116 341 1147 rebus
369 1117 519 1147 solemne
556 1116 728 1155 secundm
756 1117 950 1146 Virtutum-

239 1177 306 1209 que
323 1167 456 1207 ingrata
473 1165 607 1197 comes.'

282 1219 344 1248 245
378 1217 481 1247 Frons
512 1217 640 1256 privata
666 1214 784 1254 manet]
820 1215 949 1246 Eadem

238 1276 374 1308 prorsus
390 1266 577 1296 laudatam
595 1266 794 1296 Stilichone.
833 1265 950 1296 Barth.

281 1319 345 1348 246
371 1316 434 1351 Qui
459 1315 590 1346 crevisse
615 1316 723 1356 putat]
750 1315 950 1355 Sapientem

238 1376 306 1398 non
323 1366 451 1398 debere
468 1370 603 1398 tantum
623 1365 775 1397 tribuere
791 1365 951 1406 for-tunm,

238 1423 277 1450 ut
291 1419 363 1459 ejus
378 1418 475 1449 bonis
498 1427 597 1459 posse
623 1428 698 1449 sese
719 1427 874 1449 crescere
899 1427 949 1448 ar-

237 1469 398 1501 bitretur.
430 1470 507 1501 Uno
534 1474 655 1500 tenore
685 1468 786 1499 animi
817 1478 949 1499 omnem

237 1520 343 1552 vitam
357 1520 550 1551 obeundam
568 1520 665 1551 dicit.
690 1520 787 1550 Idem.

285 1571 349 1607 Qui
364 1571 496 1603 crevisse
506 1570 616 1611 putat]
650 1570 770 1602 Delrio
795 1570 859 1610 leg.
876 1580 950 1610 quo.-

237 1622 302 1653 hoc
318 1631 438 1653 sensu:
465 1621 596 1653 fatetur
612 1631 646 1653 se
663 1631 703 1652 ea
718 1621 888 1662 dignitate
903 1620 951 1651 in-

239 1672 395 1712 dignum,
408 1682 471 1713 qna
490 1672 532 1703 ad
549 1672 651 1703 altius
669 1670 816 1702 fortunae
831 1675 865 1701 et
880 1670 951 1710 dig-

240 1721 357 1752 nitatis
372 1720 547 1762 fastigium
565 1725 705 1752 evectus
719 1726 782 1752 est.

283 1776 346 1805 247
370 1773 515 1804 dunanda
531 1772 662 1812 remoto]
699 1772 841 1802 Modesto
867 1770 952 1801 Isin·

239 1822 326 1863 grin.
350 1821 473 1860 Aldus,
486 1826 523 1852 et
539 1821 644 1862 aliqui
658 1830 700 1851 ex
714 1821 839 1851 nostris
850 1829 952 1850 mem-

239 1873 367 1905 branis.
382 1871 506 1910 fastum
521 1872 691 1902 modestum
705 1871 879 1910 eleganter
895 1880 951 1901 vo-

240 1927 299 1955 cat
314 1922 442 1964 aliquid
460 1922 643 1962 temperati
666 1922 836 1962 mediique
862 1921 953 1952 inter

237 1973 364 2005 fastum
381 1978 416 2005 et
430 1973 645 2004 modestiam.
662 1982 740 2003 mox
754 1981 815 2012 pro
829 1971 953 2002 insania

239 2024 441 2056 Pricaeanus
458 2023 603 2054 vaesania.
628 2024 674 2053 D.
694 2022 814 2054 Heins.

282 2077 347 2106 248
384 2075 463 2111 Quae
489 2085 549 2105 non
573 2073 701 2113 seditio]
733 2071 952 2104 Adscribitur

238 2125 321 2157 viris
335 2125 453 2157 solidae
470 2124 607 2156 virtutis
625 2125 656 2155 in
675 2124 795 2164 vulgus
818 2132 858 2154 ea
873 2133 951 2154 auc-

240 2177 373 2217 toritas,
416 2181 454 2208 ut
492 2177 658 2207 tumultus
698 2175 951 2215 seditionesque

241 2228 451 2268 prodeuntes
481 2227 516 2258 in
547 2226 720 2258 confertos
753 2225 950 2256 turbatores

240 2277 434 2309 confutent.
469 2278 581 2317 Maro,
592 2277 725 2308 AEneid.
745 2286 767 2307 1.
790 2277 799 2292 ⁴
817 2276 844 2307 si
861 2274 950 2306 forte

240 2332 359 2359 coorta
385 2332 437 2358 est
463 2328 605 2366 seditio,
633 2328 801 2368 saevitque
832 2327 951 2357 animis

239 2376 392 2418 ignobile
404 2377 524 2416 vulgus
540 2387 549 2414 ;
561 2377 650 2407 Tum
662 2377 800 2407 Pietate
812 2386 950 2417 gravem

241 2433 278 2458 et
294 2426 422 2458 meritis
448 2426 475 2456 si
495 2425 586 2457 forte
614 2427 723 2457 virum
748 2436 847 2467 quem
865 2427 951 2457 Con-

243 2486 403 2518 spexere,
429 2477 546 2515 silent,
576 2476 789 2518 arrectisque
815 2476 951 2507 auribus

243 2527 380 2560 astant?
411 2528 524 2559 Barth.

285 2580 349 2609 250
370 2578 539 2609 Barburies
550 2577 665 2617 media]
683 2578 793 2608 Locus
810 2587 950 2618 corrup-

241 2633 308 2661 tus,
354 2628 538 2665 Livineius,
554 2628 664 2659 Media
678 2628 846 2659 harbaries.
869 2628 948 2658 Sca-

241 2678 330 2720 liger
356 2679 529 2710 Barbaries
550 2679 657 2710 Medo.
681 2689 767 2710 unus
793 2678 881 2709 liber
906 2687 949 2709 ex

242 2728 382 2769 nostris,
414 2730 526 2768 medio,
564 2729 648 2760 alius
677 2729 822 2760 mediam.
860 2727 949 2769 quod

242 2778 384 2811 Barthio
401 2779 572 2821 placebat.
605 2779 815 2821 Pricaeanus,
829 2779 950 2820 mediis,

468 215 610 245 NOTAE
644 215 910 245 VARIORUM
946 214 998 243 IN
1035 214 1108 243 CL·
1142 214 1327 244 CLAUD-
1361 214 1489 244 XVII.

1001 308 1054 339 vel
1090 309 1231 340 mediam.
1291 307 1536 338 Ambrosianus
1565 304 1712 347 optimus

999 359 1107 398 medii,
1124 369 1214 390 vere.
1242 358 1410 399 quomodo
1439 357 1473 388 in
1498 357 1627 388 Electis
1644 357 1714 397 pri-

999 418 1074 439 mus
1092 409 1242 440 restituit
1260 410 1310 440 el.
1328 407 1526 439 Gevartius.
1560 408 1638 438 vide
1654 416 1712 438 no-

1000 463 1053 489 tas
1069 459 1126 491 lib.
1143 469 1183 490 11.
1203 460 1236 490 in
1262 458 1372 490 Rufin.
1399 469 1446 489 vs.
1464 460 1540 489 309.
1588 457 1712 498 Neque

1001 510 1101 540 aliter
1119 510 1291 541 Claverius
1309 509 1430 549 edidit,
1446 509 1534 540 haud
1547 509 1651 540 dubie
1669 518 1712 539 ex

1003 559 1196 599 anacianis
1224 560 1331 598 libris,
1361 568 1505 600 eamque
1529 558 1713 589 lectionem

999 610 1161 642 Bartbius
1189 621 1324 652 quoque
1356 620 1417 651 pro
1448 610 1596 650 genuina
1622 609 1713 640 curis

1000 661 1157 691 secundis
1174 666 1227 692 est
1245 662 1432 702 amplexus.
1457 661 1504 692 D.
1523 660 1639 691 Heius.

1043 711 1146 742 Medii
1163 722 1252 751 quam
1274 722 1335 742 uon
1358 711 1548 751 reverentia]
1585 710 1713 741 Medius

1000 760 1090 791 idem
1110 761 1166 800 qui
1180 761 1351 801 Mediator,
1363 761 1493 792 duobus
1511 761 1715 792 dissentien-

1000 810 1092 841 tibus
1117 811 1361 842 interveniens.
1408 812 1578 851 Lucanus,
1604 811 1662 844 lib.
1688 821 1713 842 1.

1001 863 1009 878 ‘
1030 862 1170 893 Crassus
1203 866 1276 892 erat
1309 862 1391 892 belli
1428 862 1559 892 medius
1597 871 1713 900 mora3

1001 913 1148 953 qualiter
1166 913 1296 952 undas,’
1320 914 1384 943 ἃς.
1432 911 1535 942 Medii
1563 916 1631 943 tam
1656 912 1715 942 ho-

1001 962 1144 993 norifica
1168 962 1358 1003 appellatio
1383 963 1528 993 oriunda
1552 972 1628 993 esse
1656 972 1716 1003 po-

1002 1017 1070 1045 test
1084 1024 1125 1044 ex
1143 1015 1209 1045 loci
1222 1014 1405 1054 dignitate,
1423 1023 1498 1054 quae
1513 1013 1604 1054 apud
1622 1018 1716 1044 vete-

1001 1074 1055 1096 res
1073 1065 1180 1105 prima
1195 1069 1270 1096 erat
1285 1064 1400 1095 trium.

1044 1116 1248 1156 Reverentia]
1273 1114 1330 1146 Ob
1354 1113 1557 1145 eruditionis
1574 1112 1715 1145 claritu-

1001 1164 1128 1201 dinem,
1146 1175 1223 1207 quae
1251 1165 1387 1206 quidem
1416 1164 1494 1195 talis
1512 1168 1577 1203 est,
1596 1168 1634 1194 ut
1651 1163 1716 1204 ipsi

1002 1217 1105 1247 etiam
1122 1217 1235 1246 hostes
1252 1226 1326 1246 eam
1342 1220 1562 1247 venerentur.
1597 1215 1716 1246 Barth.

1045 1269 1106 1297 251
1144 1266 1279 1305 Sitiens]
1317 1265 1432 1296 Animi
1462 1266 1550 1296 enim
1587 1266 1715 1306 pabula

1003 1322 1083 1348 sunt
1098 1316 1200 1348 fiores
1225 1316 1451 1357 Eloquentiae.
1497 1314 1687 1347 Athenaeus
1706 1326 1713 1347 :

1002 1366 1117 1408 τροφαὶ
1132 1367 1194 1408 ’γὰρ
1204 1369 1266 1398 τῶν
1276 1369 1384 1407 ψυχῶν
1401 1367 1429 1398 οἱ
1444 1366 1536 1398 καλοὶ
1551 1366 1654 1407 λόγοι.

1046 1419 1205 1450 Sermonis
1216 1419 1306 1449 mella
1316 1418 1424 1458 politi]
1446 1419 1716 1459 Elegantissima

1004 1469 1216 1510 comparatio
1234 1469 1359 1511 eloquii
1376 1479 1452 1500 cum
1469 1469 1581 1509 melle,
1596 1473 1716 1501 necta-

1003 1530 1054 1560 re,
1073 1525 1109 1551 et
1125 1519 1159 1550 id
1172 1529 1276 1561 genus
1289 1519 1469 1558 (lulcibus3
1493 1518 1716 1560 frequentata

1003 1570 1239 1611 scriptoribus.

1003 1631 1095 1652 mum
1112 1620 1274 1661 succinge
1290 1620 1397 1658 bonis,
1411 1621 1457 1652 sic
1471 1620 1608 1652 flumine
1623 1621 1717 1661 largo

1002 1672 1142 1711 Plenus,
1161 1671 1278 1702 Pierio
1294 1670 1462 1703 defundes
1481 1676 1624 1703 nectare
1640 1681 1715 1703 ver-

1002 1721 1069 1752 ba.'

1045 1773 1109 1802 252
1126 1771 1260 1802 Deserat
1277 1771 1429 1811 Orpheos]
1446 1772 1556 1803 Locus
1570 1772 1714 1805 Barthio

1002 1820 1118 1851 mendi
1143 1826 1336 1861 suspectus,
1362 1822 1419 1862 qui
1446 1821 1581 1860 Deferat
1608 1824 1716 1855 malit.

1005 1872 1154 1902 Disceret
1181 1871 1287 1902 editio
1314 1872 1496 1903 Camertis.
1541 1874 1615 1913 Ego
1633 1874 1715 1905 nihil

1003 1926 1131 1953 temere
1149 1922 1337 1953 immutem.
1384 1923 1482 1962 Quis,
1509 1924 1633 1964 iuquit,
1652 1924 1717 1955 Or-

1003 1973 1108 2013 pheos
1125 1977 1247 2003 cantus
1265 1982 1330 2003 non
1348 1972 1484 2004 deserat
1502 1974 1649 2014 auditor,
1665 1974 1716 2005 tui

1004 2022 1129 2064 eloquii
1161 2023 1262 2053 melle
1287 2022 1473 2054 delinitus?
1507 2023 1619 2055 blanda
1644 2024 1716 2062 for-

1003 2073 1120 2104 midine
1152 2073 1300 2112 optimus
1330 2073 1520 2104 Vaticanus
1558 2084 1578 2104 a
1612 2084 1715 2105 manu

1004 2124 1124 2164 prima.
1149 2124 1193 2154 D.
1214 2123 1325 2154 Heins.

1044 2174 1180 2205 Deserat
1221 2173 1375 2214 Orpheos]
1420 2174 1606 2215 Relinquat
1650 2174 1717 2206 Or-

1003 2224 1139 2265 pheum,
1156 2228 1191 2254 et
1208 2224 1260 2254 isti
1276 2223 1436 2255 accedat.
1486 2223 1715 2256 TestudoPoe-

1001 2276 1050 2305 sin
1077 2278 1190 2314 notat,
1210 2284 1251 2304 ex
1280 2284 1374 2305 more
1404 2274 1548 2306 Musicae
1575 2274 1712 2315 priscae‚

1002 2336 1076 2366 quae
1118 2325 1333 2366 jungebatur
1381 2325 1532 2356 versibus
1576 2324 1716 2356 vocalis.

1002 2376 1121 2406 Barth.

1044 2430 1107 2458 253
1135 2427 1245 2458 Tenerz'
1258 2426 1431 2466 primordia
1449 2425 1571 2465 mundi]
1605 2426 1713 2467 Egre-

1002 2478 1094 2518 gium
1119 2487 1204 2517 opus
1230 2476 1405 2507 Theodori
1434 2476 1496 2506 hoc
1522 2476 1651 2506 utinam
1668 2475 1711 2507 ad

1000 2537 1060 2559 nos
1085 2526 1320 2568 pervenisset!
1362 2526 1607 2557 placiditatem
1642 2537 1712 2559 mo-

1002 2588 1088 2618 rum,
1106 2578 1267 2617 vitaeque,
1289 2586 1364 2607 cum
1390 2577 1500 2616 gratia
1527 2577 1710 2608 carminum

1001 2632 1036 2659 et
1060 2627 1225 2658 doctrinae
1251 2627 1506 2667 conspirantem
1534 2628 1713 2668 praedicat.

1001 2679 1103 2710 Idem.

1043 2732 1107 2761 255
1132 2728 1276 2769 Pagina]
1301 2728 1406 2760 Libri.
1431 2729 1531 2760 Idem.

1043 2782 1107 2812 256
1140 2779 1284 2820 Augusto
1301 2779 1414 2819 judice
1447 2777 1577 2820 merces]
1615 2778 1711 2811 Prae-

1287 1570 1494 1602 Petronius:
1529 1571 1538 1588 ‘
1554 1570 1619 1601 His
1650 1571 1719 1601 ani-
