1851 3213
254 249 361 292 [430

251 353 348 386 πύλαι
363 352 516 384 Homero
532 355 567 382 et
579 346 840 389 Tragicis‚loca.
872 341 959 374 Che·

474 256 617 287 NOTAE
652 249 918 284 VARIORUM
952 247 1002 277 IN
1038 245 1113 276 CL.
1146 243 1331 274 CLAUD.
1364 241 1492 272 XVII.

1008 339 1150 371 toritate
1163 337 1350 370 eorundem
1363 335 1532 368 codicum.
1557 333 1601 365 D.
1617 332 1716 364 Hein-

252 406 301 437 las
325 403 436 435 noctis
464 399 646 442 dispendia
674 404 836 438 reparare
865 393 962 433 dicit,
1006 391 1081 423 sias.

254 456 345 498 quod
365 455 445 486 Sole
463 454 496 483 in
514 462 553 483 ea
569 451 746 491 gradiente
772 446 846 478 fere
863 453 963 487 pares

253 507 313 538 lux
329 511 363 538 et
383 504 546 536 tenebrae.
573 500 687 532 Barth.

299 559 361 588 120
380 551 675 592 Noctisdispendia]
693 547 964 586 Damnum‚luce

258 607 456 648 ampliorem
476 609 608 644 partem
627 601 817 631 obtinente.
843 597 942 628 Idem.

300 659 360 688 12l
387 656 461 686 Pax
471 652 578 683 avibus
589 658 776 691 quacumque
786 647 884 686 volat]
905 646 965 676 Vis

257 711 292 739 et
320 707 383 740 Jus
412 704 602 736 contraria:
637 702 670 732 in
698 700 790 730 Pace
827 698 902 736 Jus,
933 697 966 727 iu

257 758 357 789 Bello
373 756 446 794 Vis,
472 754 562 785 uude
579 751 731 784 Justitiae
753 749 862 779 amica
880 748 965 778 Pax.

258 807 335 839 Hac
351 807 385 837 in
411 805 510 836 terris
539 805 702 842 regnante
731 798 844 830 omnia
871 800 969 827 erant

257 862 393 898 pacata,
423 853 533 885 omnia
560 860 621 892 per
648 859 684 880 se
708 846 970 889 proveniebant,

258 906 405 937 omnium
423 912 547 940 rerum,
565 900 706 932 exclusa
721 897 850 929 invidia
865 902 968 938 atque

259 955 414 992 avaritia,
432 951 617 984 communis
632 955 708 982 erat
721 949 866 980 fructus.

308 1007 413 1047 Volat]
437 1005 511 1036 Alis
526 1003 616 1034 enim
634 1001 782 1043 praedita
795 999 947 1040 fingitur.

305 1056 493 1096 Rabiemque
501 1054 674 1093 frementes
685 1053 863 1093 Deposuere
869 1050 968 1091 seroe]

260 1106 395 1138 Alludit
412 1105 559 1136 officinm
583 1109 618 1134 et
643 1098 846 1135 beneficium
862 1101 971 1134 Justi-

263 1158 340 1196 tiae;
364 1157 418 1187 cui
436 1156 595 1186 nimirum
613 1154 674 1185 soli
699 1153 868 1184 debeatur
891 1161 970 1182 con-

257 1207 396 1248 junctio
411 1206 566 1236 humanae
591 1203 781 1242 societatis,
804 1212 880 1233 cum
899 1201 971 1231 sine

262 1257 332 1297 illa,
358 1258 512 1296 citraque
540 1255 611 1295 ejus
636 1253 835 1293 Imperium,
864 1251 972 1282 omnis

265 1308 332 1339 vita
350 1306 459 1337 ferino
476 1315 568 1335 more
586 1304 772 1335 coleretur.
797 1302 914 1333 Barth.

309 1360 369 1388 122
393 1357 539 1388 Laetatur
563 1359 648 1386 terra
671 1364 792 1385 reverso
822 1351 976 1392 Numine]

265 1407 411 1447 Insignis
423 1406 625 1447 hyperbole.
651 1405 726 1436 Hac
740 1404 829 1435 enirn
844 1403 975 1434 ratione

265 1458 328 1489 sub
344 1457 442 1491 Jovis
459 1456 602 1497 imperio
624 1465 724 1486 nemo
741 1464 890 1496 unquam
905 1452 976 1484 fue-

267 1509 439 1549 ritjustus
457 1508 639 1547 Princeps,
656 1506 721 1537 isto
739 1506 874 1536 deinum
891 1504 977 1535 Con-

265 1562 337 1592 sule
352 1559 495 1593 Justitia
510 1559 545 1590 in
562 1564 671 1589 terras
688 1566 838 1588 reversa.
880 1556 976 1586 Idem.

311 1613 372 1642 123
398 1609 502 1641 Prisci
517 1609 603 1649 auri]
626 1608 742 1639 Aurea
769 1612 852 1638 aetas
881 1610 977 1636 natu-

269 1662 331 1693 rali
348 1661 512 1702 aequitate
529 1660 635 1691 vitam
652 1660 780 1690 colens.
805 1658 902 1689 Idem.

313 1714 374 1743 124
399 1712 556 1750 Ligurum
565 1720 597 1741 se
608 1709 758 1741 moenz'bus
767 1708 881 1749 infert]
902 1707 977 1738 Vas-

269 1763 311 1793 tis
325 1772 356 1793 se
373 1761 522 1792 moem'bus
538 1761 636 1801 prim.
652 1760 767 1791 Vatic.
802 1759 848 1789 D.
866 1758 979 1789 Heius.

312 1812 468 1852 Ligurum
483 1820 514 1841 se
529 1810 680 1841 moenz'bus
700 1808 813 1848 infert]
846 1808 980 1839 Medio-

269 1865 383 1894 lanum
401 1862 493 1893 dicit.
539 1862 623 1892 Eam
651 1860 740 1891 enim
767 1858 979 1890 Theodosius

270 1914 419 1954 Magnus
437 1912 591 1952 elegerat
608 1911 694 1942 aulae
720 1909 850 1948 sedem,
874 1912 910 1939 et
925 1918 980 1939 ve-

272 1966 336 1997 teri
372 1966 489 1996 Romae
533 1963 788 2005 quodammodo
828 1962 981 1994 succida-

270 2027 382 2048 neam.
410 2015 526 2047 Barth.

315 2070 376 2098 125
403 2067 512 2097 Custos
529 2063 678 2105 Penates]
703 2064 782 2095 Non
797 2063 887 2094 enim
901 2062 983 2094 alios

272 2126 396 2148 numen
414 2115 497 2147 illud
523 2114 753 2156 aequissimum
778 2113 982 2144 intraverit:

272 2179 347 2200 cum
360 2167 511 2200 Justitiae
523 2167 578 2197 vel
591 2166 701 2206 prima
716 2164 835 2204 regula
847 2164 892 2195 sit
905 2163 984 2194 alie-

272 2228 315 2249 uo
332 2223 406 2249 toro
428 2216 589 2258 omnique
615 2216 748 2247 incesta
770 2214 912 2246 libidine
931 2213 985 2245 ab·

272 2269 412 2300 stinere.

320 2319 431 2349 Custos
444 2317 584 2357 ingressa
601 2315 751 2356 Penates]
785 2316 914 2347 Contra
935 2314 986 2345 fu-

273 2371 323 2412 git
336 2369 652 2401 consceleratorum
664 2367 837 2399 hominum
853 2366 987 2398 habita-

275 2421 363 2460 cula,
379 2424 417 2451 ut
432 2423 534 2450 aetate
546 2419 616 2458 jam
632 2422 806 2458 corrupta.
832 2417 951 2448 Barth.

319 2469 453 2502 Levibus
461 2468 593 2509 plantis]
617 2469 751 2508 Utpote
765 2468 883 2499 d-i-vina
894 2478 988 2508 aura,

276 2523 363 2563 ignis
390 2521 564 2552 aetherius.
620 2520 732 2551 Quam
759 2518 987 2550 substantiam

274 2574 348 2604 Diis
365 2572 433 2603 suis
449 2580 525 2602 cum
542 2568 655 2611 effigie
670 2569 825 2610 ejusdem
839 2569 988 2600 humana

275 2621 521 2654 adtribuebant
537 2620 712 2660 sapientes
728 2619 845 2659 prisci.

320 2672 456 2705 Levibus
468 2670 601 2712 plantis]
625 2670 703 2701 Non
717 2669 870 2710 plaustris
886 2669 987 2709 pleri-

278 2733 343 2766 que
359 2724 497 2755 codices
512 2733 519 2752 :
545 2730 610 2752 nec
624 2720 876 2752 admittendum
889 2721 989 2751 claus-

279 2776 358 2806 tris.-
390 2773 481 2816 quod
508 2771 669 2804 Barthius
692 2775 901 2802 commentus
925 2775 989 2803 est.

277 2824 444 2867 Sequenti
456 2832 555 2856 versu
565 2821 603 2854 τὸ
616 2822 649 2854 in
660 2820 844 2853 delendum
857 2831 899 2852 ex
912 2830 989 2853 auc-

1055 445 1119 473 126
1143 440 1264 472 Invenit
1281 436 1442 477 aetherios]
1479 434 1718 467 Nobilissimas

1010 493 1187 532 scientias,
1214 489 1467 522 Astronomiam
1506 491 1543 518 et
1576 485 1721 517 Geome-

1012 545 1114 576 triam
1132 543 1235 574 tradit
1250 542 1280 572 in
1298 550 1417 572 manus
1438 537 1582 576 Manlio,
1598 539 1721 576 utpote

1013 594 1147 626 homine
1171 593 1313 624 cordato
1335 589 1558 631 dignissimas.
1603 586 1722 618 Astro-

1014 644 1105 684 logia
1120 644 1208 674 enim
1233 643 1326 673 velut
1349 641 1447 671 scalae
1462 638 1641 680 quaepiam,
1655 646 1721 668 coe-

1015 694 1156 725 lestibus
1170 692 1420 724 iuscendendis.

1059 743 1261 783 signantem]
1309 742 1569 772 Delineautem:
1620 738 1725 779 Signa

1019 794 1107 824 enim
1125 794 1309 831 elementa,
1325 792 1432 832 prima
1449 791 1651 821 rudimenta.

1065 842 1213 882 Pulvere]
1235 843 1324 873 Usus
1349 845 1502 872 veterum
1527 840 1569 870 ad
1593 839 1726 870 Mathe-

1018 901 1145 925 matum
1176 893 1284 924 lineas
1324 891 1534 923 subtilissimi
1564 889 1727 931 pulveris.

1019 945 1137 977 Barth.

1065 998 1126 1027 127
1153 996 1239 1031 Quos
1251 994 1322 1035 pia]
1347 992 1463 1025 Cultui
1480 991 1653 1022 numinum
1671 989 1729 1021 de-

1021 1047 1114 1079 dita:
1140 1051 1252 1077 mater
1275 1050 1311 1076 et
1335 1044 1450 1075 nutrix
1466 1041 1730 1074 Mathematica·

1021 1108 1094 1129 rum
1116 1096 1384 1137 disciplinarum.

1063 1148 1203 1179 Sollicito
1214 1149 1337 1189 pollice]
1360 1147 1500 1179 Curiosa
1517 1156 1632 1188 opera.

1065 1198 1258 1239 Deprendit]
1297 1198 1420 1229 Curam
1446 1197 1611 1237 intelligit
1638 1196 1733 1227 velut

1024 1249 1207 1290 fugientes.
1255 1250 1303 1280 Ut
1331 1250 1364 1278 in
1392 1249 1470 1279 illo:
1506 1249 1514 1265 ‘
1533 1246 1734 1288 Deprendit

1027 1301 1140 1332 tacitis
1178 1299 1391 1331 dominantia
1434 1298 1568 1339 legibus
1618 1295 1735 1330 astra!

1025 1352 1144 1426 Balrgg·
1166 1395 1245 1430 Quae
1270 1396 1411 1425 moveant
1438 1396 1592 1424 momenta
1614 1390 1735 1433 polum]

1028 1445 1245 1477 Pendentem
1261 1444 1358 1476 velut
1373 1444 1407 1474 in
1425 1443 1628 1485 aequilibrio.
1663 1442 1737 1473 Mo-

1027 1501 1143 1538 menta,
1156 1502 1266 1529 motus
1282 1497 1360 1528 hinc
1373 1495 1452 1527 inde
1470 1496 1636 1527 ducentes
1651 1504 1736 1535 pon-

1029 1551 1124 1588 dera,
1153 1549 1262 1580 donec
1278 1551 1461 1585 constent;
1485 1550 1522 1577 et
1549 1546 1624 1586 ipse
1639 1544 1737 1576 stilus

1028 1601 1170 1639 ferrem,
1186 1599 1340 1630 indicans
1356 1597 1598 1639 aequationem.

1076 1652 1154 1687 Quae
1170 1653 1309 1681 moveant
1334 1652 1487 1680 momenta
1508 1647 1626 1689 polum]
1651 1647 1737 1679 Cum

1030 1705 1183 1733 momenta
1199 1711 1218 1732 a
1241 1700 1410 1732 movendo
1427 1700 1654 1738 deducantur,
1676 1697 1738 1730 du·

1031 1753 1099 1783 rius
1115 1752 1253 1783 videtur
1268 1754 1410 1782 moveant
1423 1752 1592 1781 momenta:
1607 1749 1740 1788 foveant

1030 1803 1196 1845 putabam
1215 1801 1408 1843 aliquando.
1434 1801 1477 1832 D.
1497 1801 1608 1832 Heins.

1076 1854 1190 1884 Certus
1204 1853 1237 1883 in
1252 1853 1348 1883 astris
1364 1852 1480 1892 Error]
1503 1852 1620 1893 Vagus
1637 1856 1673 1883 et
1690 1862 1742 1883 ra-

1031 1910 1086 1937 tus
1103 1903 1282 1936 circuitus.
1306 1903 1423 1934 Barth.

1076 1958 1139 1986 129
1165 1954 1245 1990 Quis
1255 1952 1398 1984 tenebras
1411 1951 1506 1993 Solis]
1523 1952 1601 1992 Soli,
1613 1956 1649 1983 et
1661 1962 1741 1984 mox

1034 2005 1201 2044 Desectam
1217 2004 1348 2043 indicat,
1373 2013 1441 2035 non
1457 2004 1561 2034 videat
1578 2007 1636 2033 aut
1651 2003 1741 2034 indu-

1034 2060 1097 2093 cat,
1119 2065 1195 2087 cum
1217 2055 1357 2096 optimis
1378 2054 1475 2085 libris
1498 2052 1740 2084 scribendum:

1035 2106 1113 2138 vide
1143 2110 1240 2137 notas
1267 2104 1310 2135 ad
1338 2104 1466 2136 bellum
1494 2102 1586 2134 Gild.
1611 2112 1662 2134 vs.
1689 2105 1742 2135 16.

1035 2159 1211 2190 Minucius
1231 2157 1325 2188 Felix
1341 2168 1348 2187 :
1379 2157 1389 2173 ‘
1405 2154 1645 2195 Relinquenda
1661 2162 1743 2185 vero

1035 2207 1226 2248 Astrologis
1242 2206 1376 2248 prolixa
1389 2205 1432 2236 de
1442 2203 1610 2236 sideribus
1625 2203 1746 2242 oratio,

1037 2260 1089 2291 vel
1117 2258 1208 2300 quod
1237 2261 1360 2297 regant
1387 2265 1523 2287 cursum
1549 2254 1746 2295 navigandi,

1037 2312 1089 2342 vel
1108 2309 1196 2351 quod
1221 2307 1341 2340 arandi
1358 2306 1579 2347 metendique
1606 2309 1743 2345 tempus

1036 2359 1218 2392 indicant!
1258 2357 1428 2399 quomodo
1459 2361 1496 2388 et
1533 2354 1621 2386 festa
1650 2354 1743 2395 apud

1038 2412 1208 2442 Romanos
1219 2407 1472 2446 indicebantur,
1480 2415 1556 2446 quae
1567 2414 1634 2435 non
1645 2409 1745 2437 erant

1038 2466 1148 2492 stata:
1187 2459 1276 2490 male
1306 2467 1369 2498 pro
1403 2456 1542 2496 vulgata
1573 2454 1745 2495 scriptura

1038 2515 1171 2552 pugnat
1186 2508 1359 2540 Barthius.
1404 2505 1495 2536 Vide
1520 2515 1597 2546 quae
1622 2504 1665 2536 de
1679 2505 1744 2536 hoc

1038 2560 1201 2602 loquendi
1226 2558 1327 2589 modo
1351 2556 1393 2587 ad
1421 2555 1560 2586 Seneeae
1581 2554 1745 2596 OEdipum

1040 2611 1203 2643 observat
1218 2607 1455 2640 exactissimus
1472 2605 1680 2645 Gronovius,
1693 2615 1745 2637 vs.

1040 2665 1091 2694 17.
1129 2659 1307 2699 Lucensis,
1319 2657 1486 2694 Desectam
1496 2657 1622 2696 signet.-
1644 2657 1746 2696 paulo

1041 2716 1117 2753 post
1144 2713 1309 2742 veneratas
1330 2718 1393 2750 pro
1414 2711 1580 2739 veneratur
1600 2707 1745 2748 scripti:

1040 2763 1127 2795 vidit
1144 2760 1409 2802 Rapheiengius.
1432 2760 1477 2791 D.
1494 2758 1609 2790 Heius.

1086 2812 1255 2853 Causisque
1269 2810 1436 2851 meantem]
1469 2810 1550 2842 Non
1571 2818 1633 2850 pro
1648 2807 1749 2840 mina-
