1852 3182
553 204 604 234 IN
641 204 932 236 EU'PRoPiUM
970 206 1064 235 [AB.
1096 207 1125 237 Ι.

109 295 229 338 opinor
244 296 311 338 legi
329 297 455 328 debere
470 308 478 328 :
501 307 572 327 uam
588 308 656 337 quae
671 300 736 329 lam
752 298 812 330 bel·

107 348 138 378 la
151 351 303 387 gerantur
320 348 470 379 Mollibus
484 348 645 390 auspiciis,
661 358 720 389 pro
728 349 809 388 jam.

109 398 152 429 D.
170 398 289 430 Heius.

151 452 213 481 491
241 449 339 480 Omne
350 449 428 490 quod
439 447 536 479 ambit
556 448 707 488 Oceanus]
732 449 811 480 Aru-

108 498 193 530 bitio
209 499 373 531 Romana.
398 499 513 530 Barth.

1449 197 1468 238 1
1478 199 1562 240 475

863 298 1006 330 tabant?
1027 308 1170 340 quarum
1186 308 1265 340 nna,
1281 310 1354 341 quae
1371 301 1563 343 concipien-

862 349 897 380 di
923 349 1036 381 studio
1062 354 1217 386 venerat,
1239 359 1314 381 cuin
1333 351 1562 382 Alexandrum

862 400 1039 439 salutaret,
1055 400 1181 432 donata
1202 400 1354 439 tibicine,
1380 407 1417 432 ut
1442 411 1564 442 niagno

863 451 1190 491 munere‚gratulata
1201 450 1378 482 discessit.’
1396 451 1441 482 D.
1452 452 1563 483 Heius.

907 504 969 531 500
995 503 1080 537 Quid
1105 503 1225 532 vincere
1247 501 1373 542 differt]
1407 501 1480 533 Imo
1505 502 1568 541 dif-

152 551 216 581 493
241 549 381 589 Calcari]
414 549 548 590 sperni,
571 550 742 590 projectui
759 551 814 581 lia·
857 549 927 588 fers
943 560 1018 581 cum
1040 551 1156 583 libris:
1181 552 1268 583 vidit
1295 552 1463 584 Barthius.
1507 554 1567 584 Se-

110 599 198 631 beri.
235 599 279 629 D.
308 600 447 630 Hieron.
493 600 576 630 Vita
607 599 812 631 Hilarionis:

108 654 117 666 ·
137 658 203 689 ego
218 649 298 679 nihil
323 649 371 680 ita
390 655 527 689 stupeo,
553 659 652 690 quam
676 650 815 689 gloriam

109 699 206 730 illum
232 704 266 730 et
295 700 454 730 bonorem
483 701 616 731 calcare
643 700 814 740 potuisse!

114 748 214 780 Idem.

153 799 245 830 Bella
258 800 420 839 geramus]
441 800 517 831 Non
525 800 680 840 feramus,
697 801 816 839 scripti

114 850 285 890 potiores:
311 860 388 880 mox
407 860 467 890 pro
490 854 543 881 aut
567 861 633 890 (ματ
654 851 817 890 connubia,

112 900 222 931 Vatic.
239 911 306 940 quae
319 901 400 938 jam,
417 911 492 931 cum
511 901 618 932 tribus
636 902 708 932 aliis
726 913 733 932 ε
763 902 817 932 de-

111 949 191 981 inde
208 951 252 980 vel
270 949 400 989 frugem
422 960 482 991 pro
498 954 552 982 aut
568 952 669 982 iidem
684 953 817 992 scripti,

113 1005 150 1032 et
165 1001 269 1031 latura
290 1010 375 1039 seges
398 1000 521 1041 Isingr.
545 1002 644 1041 prim.
658 1002 817 1033 vatican.

112 1056 147 1081 et
164 1050 324 1081 Mazarin.
350 1056 526 1091 utsupra:
551 1053 560 1068 ‘
579 1053 671 1082 nulla
698 1054 818 1084 colono

115 1102 335 1142 Responsura
352 1106 473 1143 seges)
494 1104 540 1134 D.
556 1104 668 1135 Heius.

155 1154 219 1183 494
243 1152 391 1182 Mollibus
405 1152 569 1193 auspiciis]
607 1154 726 1184 Ductu
755 1154 820 1184 En-

113 1200 311 1233 nuchorum.
347 1202 470 1241 Molles,
482 1208 561 1234 sunt
575 1203 745 1243 Eunuchi,
762 1209 821 1235 aut

114 1251 231 1292 turpia
248 1251 430 1292 patientes.
454 1252 573 1284 Barth.

155 1304 220 1334 496
254 1302 403 1342 Plenum]
445 1303 637 1343 Maturum,
667 1303 822 1344 frugibus

114 1352 158 1384 ad
180 1362 277 1384 usum
303 1352 433 1384 idoneis
457 1354 607 1394 plenum,
632 1355 821 1395 gravidum.

115 1402 170 1434 Sic
208 1402 349 1443 implere
389 1408 442 1435 est
477 1403 655 1444 gravidum
692 1403 822 1436 facere.

116 1452 262 1484 Ovidius
290 1453 332 1484 de
360 1454 466 1485 Peleo
494 1459 528 1485 et
554 1454 721 1486 Thetide:
747 1456 756 1472 ‘
774 1455 823 1486 in-

117 1504 277 1545 gentique
293 1505 413 1546 implet
431 1505 590 1537 Achille.'
612 1507 711 1538 Idem.

158 1557 222 1587 499
245 1555 413 1586 Amazonio
428 1556 509 1596 ritu]
539 1557 738 1588 Promiscue
754 1566 824 1588 mu·

117 1604 259 1637 neribus
274 1605 357 1636 viris
371 1605 636 1638 dominantibus.
661 1607 758 1640 Idem.

161 1656 332 1687 Amazonio
349 1656 473 1695 confusa
488 1657 615 1688 licentia
637 1657 719 1698 ritu]
753 1658 826 1698 Gy-

118 1705 207 1737 rald.
224 1710 260 1737 et
274 1707 416 1738 Lucens.
426 1707 538 1739 sistro:
556 1707 705 1748 optime3
724 1717 827 1749 quan-

117 1765 220 1797 quam
252 1757 421 1797 vulgatam
448 1757 632 1788 lectionem
659 1757 727 1787 ista
752 1758 826 1788 Sta-

119 1806 214 1837 tiana
239 1816 282 1837 ex
309 1805 432 1838 Achill.
457 1815 496 1838 11.
521 1806 680 1837 videntur
707 1806 828 1837 confir-

117 1866 233 1888 mare:
267 1857 277 1874 ‘
295 1865 477 1897 arcumque
507 1856 656 1886 animosa
685 1856 827 1896 petebat

119 1906 239 1945 Ferre,
257 1910 292 1937 et
308 1905 492 1937 Amazonio
514 1906 684 1937 connubia
699 1907 826 1947 pellere

120 1956 213 1988 ritu!
258 1956 326 1987 Sed
351 1966 417 1987 non
445 1957 578 1997 dubito,
605 1958 686 1998 quin
718 1959 827 1989 altera

119 2007 288 2049 scriptura
311 2008 356 2038 sit
378 2017 397 2038 a
421 2008 571 2039 secunda
597 2017 697 2039 manu
723 2008 826 2049 ipsius

122 2057 314 2090 Claudiani.
360 2056 550 2088 Amazonas
566 2058 675 2088 sistris
692 2058 724 2089 in
739 2058 827 2089 bello

122 2117 198 2139 usas
227 2108 284 2149 qui
315 2112 452 2138 moneat
487 2117 554 2138 non
593 2108 674 2146 scio,
702 2114 828 2149 praeter

122 2167 224 2189 unum
255 2157 425 2188 Isidorum
459 2156 559 2198 Orig.
587 2166 626 2188 11.
650 2160 704 2189 21.
739 2159 830 2189 ‘Sis-

124 2213 213 2240 trum
241 2208 282 2239 ab
317 2207 506 2239 inventrice
541 2212 710 2239 vocaturn.
766 2208 830 2239 isis

124 2258 214 2290 enim
243 2258 485 2299 AEgyptiorum
516 2258 633 2298 regina
662 2258 696 2288 id
726 2267 834 2299 genus

124 2308 294 2340 invenisse
318 2308 530 2349 perhibetur.
584 2308 670 2339 Inde
703 2313 738 2339 et
769 2309 831 2340 hoc

124 2360 284 2391 mulieres
312 2360 526 2400 percutiunt,
554 2360 633 2400 quia
659 2359 831 2390 inventrix

124 2409 225 2449 liujus
253 2410 389 2450 generis
416 2414 469 2440 est
493 2410 626 2440 mulier.
672 2410 773 2441 Unde
797 2414 833 2440 et

124 2459 216 2500 apud
234 2459 423 2491 Amazonas
449 2460 550 2491 sistro
573 2459 614 2490 ad
633 2460 756 2491 belluni
774 2458 831 2490 foe-

125 2509 291 2540 minarum
300 2510 469 2541 exercitus
478 2510 687 2541 vocabatur!
709 2509 833 2550 AEgyp-

127 2558 193 2590 tios
208 2559 344 2600 quidem
371 2560 478 2591 sistris
501 2560 535 2591 in
561 2559 652 2591 bello
677 2569 752 2591 usos
776 2569 833 2590 no-

128 2613 211 2641 tum.
226 2608 306 2640 hinc
318 2609 400 2640 illud
413 2611 565 2642 Maronis
575 2611 616 2641 de
628 2611 831 2651 Cleopatra:

126 2658 136 2675 ‘
153 2658 265 2698 patrio
288 2663 390 2689 vocat
416 2659 551 2699 agmina
579 2660 679 2691 sistro
692 2660 712 2690 :’
741 2661 831 2691 Mar-

127 2707 245 2740 cianus
277 2708 430 2748 Capella,
456 2708 513 2739 lib.
534 2718 585 2741 tx.
614 2711 748 2740 calamos
772 2710 833 2741 dat

129 2756 370 2798 Amazonibus,
384 2767 451 2789 non
465 2758 574 2790 sistra.
596 2760 607 2776 ‘
624 2759 715 2792 Quid
733 2758 833 2790 Ama-

129 2809 247 2841 zones?
270 2817 384 2840 nonne
409 2807 453 2839 ad
473 2808 620 2841 calamos
635 2818 729 2840 arma
744 2812 832 2840 trac-

416 2916 431 2932 δ

866 601 983 639 quenti
999 610 1110 639 versu,
1126 611 1186 642 pro
1203 606 1322 633 certare
1341 604 1446 642 pudet,
1467 603 1565 643 prim.

866 649 980 681 vatic.
997 650 1102 680 oisel.
1120 655 1154 680 et
1176 651 1304 682 Mazar.
1321 652 1435 690 sugis.-
1459 658 1566 684 recte.

868 699 1205 740 Rottendorpliianus
1224 699 1343 739 fugas:
1366 700 1471 731 iufra:
1496 703 1505 718 ‘
1521 703 1567 734 Et

868 754 901 779 te
927 758 1015 779 nunc
1040 750 1174 788 inopem
1203 749 1298 779 dives
1315 759 1427 780 amare
1443 749 1530 791 fugit
1547 750 1568 782 :’

867 799 915 829 sic
947 799 1106 839 scriptus,
1152 799 1254 829 Ovid.
1286 800 1350 839 Ep.
1384 800 1568 841 Deianirae,

870 860 917 879 vs.
945 852 997 879 75.
1031 851 1038 866 ⁶
1062 849 1138 879 Non
1165 848 1265 889 fugis,
1292 849 1427 888 Alcide,
1456 851 1570 882 victri-

868 910 942 930 ceni
961 900 1050 930 mille
1067 899 1218 930 laborum
1242 900 1413 931 Rasilibus
1429 901 1571 932 calathis

868 951 1071 990 imposuisse
1097 953 1266 980 manumz'
1299 961 1374 991 quae
1404 951 1571 982 membra-

869 1010 987 1030 narum
1006 1001 1125 1030 lectio:
1148 1000 1201 1030 ubi
1218 1002 1330 1040 plura:
1349 1002 1449 1041 vulgo
1459 1002 1550 1041 pudet
1564 1013 1574 1032 .·

868 1051 914 1081 sic
931 1052 939 1068 ‘
958 1050 1039 1090 fuge
1053 1051 1219 1092 quaerere’
1233 1057 1270 1082 et
1284 1052 1292 1067 ‘
1307 1051 1386 1092 fuge
1398 1051 1570 1092 suspicari'

871 1102 962 1141 apud
981 1101 1174 1132 Horatium.
1199 1102 1297 1132 Idem.

914 1153 974 1180 501
1000 1150 1087 1181 Dum
1098 1149 1210 1191 pudet]
1242 1150 1347 1182 Paria
1362 1150 1405 1181 de
1424 1149 1573 1182 Gildone

872 1205 906 1231 et
936 1200 1104 1240 Honorio,
1134 1200 1232 1231 Bello
1258 1200 1352 1232 Gild.
1387 1202 1396 1218 ‘
1414 1200 1576 1233 decurret

872 1250 1045 1281 Honorius
1062 1248 1151 1289 inde,
1167 1249 1259 1280 Hinc
1273 1249 1377 1281 Gildo
1391 1249 1414 1280 θ’
1437 1249 1553 1282 Barth.

915 1303 977 1331 507
997 1301 1126 1331 Conscia
1138 1299 1243 1340 terga]
1265 1300 1429 1331 Salustius
1442 1308 1466 1331 1.
1482 1299 1576 1332 Hist.

873 1351 881 1367 ‘
901 1350 1035 1381 abunde
1059 1351 1254 1382 libertatem
1280 1351 1344 1382 rati
1369 1350 1448 1392 quia
1469 1351 1576 1392 tergis

875 1401 1089 1434 abstinetur!
1114 1402 1211 1433 Idem.

917 1455 979 1484 508
1007 1453 1051 1483 Ut
1066 1451 1197 1492 Scytha]
1221 1452 1273 1482 De
1286 1450 1420 1492 Scythis
1436 1450 1577 1492 pulchre

875 1507 953 1544 post
969 1502 1053 1533 alios
1070 1502 1284 1542 Nicephorius
1301 1501 1484 1541 Gregoras,
1507 1509 1577 1531 om-

873 1554 967 1584 nium
994 1553 1187 1594 sequiorum
1211 1552 1410 1584 Graecitatis
1434 1552 1581 1592 scripto-

875 1614 948 1636 rum
964 1604 1226 1636 cordatissimus.
1273 1602 1460 1634 Historiam
1476 1601 1579 1632 istam

875 1656 969 1696 legas
980 1653 1070 1695 apud
1080 1654 1250 1687 Justinum
1260 1662 1301 1684 11.
1315 1651 1482 1683 Herodot.
1494 1651 1517 1682 l.
1527 1659 1581 1682 iv.

877 1708 942 1737 ἃς.
969 1706 1068 1736 Idem.

919 1757 983 1786 509
1006 1754 1136 1785 Sei-vilis
1155 1752 1264 1793 pubes]
1300 1752 1445 1783 Consule
1472 1750 1582 1784 Justi-

878 1815 956 1835 num
973 1809 1009 1835 et
1026 1805 1176 1834 Florum.
1582 1801 1586 1804 ⁴

922 1857 984 1885 512
1010 1854 1112 1884 Notus
1134 1851 1257 1891 horror]
1283 1850 1337 1882 Ab
1354 1850 1435 1891 ipsis
1451 1850 1582 1882 scilicet

879 1903 1066 1935 cunabulis.
1111 1903 1236 1943 Flagra
1251 1901 1340 1932 enim
1358 1910 1466 1942 poenae
1479 1901 1584 1933 servi-

877 1955 934 1986 les.
958 1954 1073 1985 Barth.

920 2007 982 2034 513
1008 2003 1186 2034 Adstrictus
1196 2002 1251 2033 sub
1265 2001 1388 2033 verbere
1403 2001 1522 2041 torpuit
1533 2011 1583 2032 en-

878 2054 934 2094 sis]
976 2054 1028 2085 Ita
1052 2059 1120 2085 tres
1148 2053 1238 2084 libri.
1284 2052 1388 2084 Ovid.
1416 2053 1507 2083 Fast.
1536 2061 1583 2082 iv.

880 2106 888 2122 ‘
906 2105 1020 2146 Atque
1052 2104 1171 2145 aliquis
1201 2104 1343 2143 cupiens
1372 2102 1495 2142 vagina
1525 2101 1583 2132 du-

880 2165 958 2186 cere
975 2154 1102 2185 ferrum
1115 2153 1327 2184 Adstrictum
1342 2153 1441 2192 longa
1457 2151 1584 2182 sentiat

881 2215 952 2237 esse
981 2203 1096 2236 mora?
1141 2204 1230 2235 Stat.
1249 2202 1353 2234 Theb.
1369 2211 1426 2233 ιιι.
1449 2203 1458 2219 ‘
1475 2208 1583 2232 motos

881 2255 1009 2296 capulis
1025 2254 1254 2295 adstringeret
1270 2252 1389 2284 enses.’
1425 2252 1585 2293 Isingrini

883 2310 995 2336 tamen
1019 2305 1127 2336 codex
1156 2310 1190 2335 et
1217 2309 1296 2336 octo
1323 2304 1392 2342 alii,
1417 2305 1585 2334 adductus.-

882 2356 984 2386 etiam
1011 2355 1132 2396 probe,
1159 2360 1329 2385 annuente
1357 2359 1391 2385 ct
1419 2353 1580 2385 Bai-thio:

883 2405 1050 2447 quomodo
1062 2409 1097 2436 et
1113 2404 1241 2446 primus
1256 2404 1442 2435 Vaticanus
1458 2411 1518 2443 pro
1535 2402 1584 2432 di-

884 2464 980 2486 versa
993 2454 1162 2492 lectione;
1187 2455 1245 2495 qui
1270 2454 1302 2484 in
1326 2453 1398 2493 ipso
1423 2456 1583 2483 contextu

883 2505 1037 2536 addictis:
1068 2504 1166 2536 multi
1191 2504 1349 2534 abductus.
1396 2502 1585 2534 Oiselianus

883 2556 1009 2587 addicta
1022 2556 1077 2586 sub
1091 2555 1213 2586 cerbere
1226 2553 1341 2583 corruit
1353 2552 1443 2582 ensis.
1481 2551 1585 2583 Educ·

883 2610 934 2638 tus
957 2606 1085 2637 frustra
1111 2615 1130 2635 a
1159 2603 1278 2634 Delrio
1304 2601 1509 2641 castigatur:
1534 2600 1585 2631 sie

883 2659 1024 2689 adaucta:
1039 2655 1177 2691 habam,
1196 2654 1284 2693 apud
1303 2652 1433 2692 poetas.
1479 2650 1584 2683 Ovid.

882 2707 892 2724 ‘
910 2707 1125 2746 adductaque
1148 2704 1245 2734 clava
1261 2701 1404 2733 trinodis
1419 2701 1489 2732 Ter
1505 2710 1586 2742 qua—

886 2761 940 2787 ter
956 2754 1089 2785 adversi
1105 2753 1195 2784 sedit
1210 2753 1244 2783 in
1259 2761 1319 2783 ore
1336 2750 1423 2782 viri.'
1465 2750 1583 2782 Clave-

887 2805 956 2836 rius
972 2804 1116 2835 addictus
1138 2802 1235 2834 malit
1255 2811 1317 2844 pro
1332 2801 1469 2840 servili3
1494 2800 1583 2844 quod
