1852 3182
664 234 923 263 ΕιιηίωΑ.
1408 227 1523 267 1109

77 332 235 374 Nonne
255 346 354 373 reus
374 331 517 371 Musis
534 330 694 382 pariter
717 328 1023 382 Nymphisque
1044 329 1236 377 tenebor,

134 401 181 440 Si
203 401 359 440 tacitus
382 397 466 437 soli
487 401 747 449 praetereare
771 395 906 435 mihi?

76 466 289 506 Indictum
311 476 451 516 neque
471 464 581 503 euim
605 462 671 503 fas
693 466 758 502 est
780 476 806 502 a
826 465 926 502 vate
948 461 1128 514 relinqui

133 533 263 573 Hunc
283 533 357 584 qui
378 535 441 571 tot
462 530 633 583 populis
656 534 863 582 provocat
885 541 977 577 ora,
1000 529 1162 568 locum.
1470 528 1526 567 10

73 599 180 640 Alto
202 599 313 639 colle
334 599 484 647 minor,
506 598 648 651 planis
669 597 852 637 erectior
872 596 1004 643 arvis,

129 665 384 719 Conspieuo
407 667 548 706 chvus
566 664 753 705 molliter
774 664 876 704 orbe
899 666 1046 703 tumet.

72 732 275 774 Ardentis
298 733 527 773 foecundus
550 744 694 784 aquae,
716 742 989 785 quacumque
1013 742 1223 770 cavernas

128 799 345 850 Perforat‚
367 801 533 842 offenso
554 799 738 840 truditur
757 799 869 850 igne,
889 798 1026 838 latex.

68 940 254 982 significent,
266 944 368 979 gratae
385 941 583 978 existentes,
597 941 747 972 desideria
763 950 821 971 sua
836 940 975 980 impleta,
991 951 1030 971 an
1044 951 1101 971 non
1115 940 1237 971 videbor
1249 948 1356 971 nocens
1369 938 1402 969 in
1416 937 1525 968 Musas

67 984 211 1014 similiter
236 988 265 1014 et
296 984 466 1024 Nymphas,
488 985 515 1014 si
535 984 667 1014 indictus
686 984 843 1013 omitturis
867 993 886 1013 a
902 993 948 1014 me
966 982 1049 1014 uno?
1074 984 1182 1023 Neque
1203 984 1283 1013 enim
1300 983 1371 1013 licet
1395 982 1524 1021 praeter-

69 1026 153 1056 mitti
172 1027 352 1057 illaudatum
379 1031 408 1056 et
424 1026 649 1057 ‘incelebratum
675 1036 742 1056 eum
766 1026 876 1064 locum,
902 1027 953 1064 qui
968 1029 1101 1063 rugatur
1117 1036 1174 1065 per
1193 1029 1237 1056 tot
1259 1034 1408 1055 sermones
1428 1022 1525 1053 homi-

69 1079 152 1099 num.
201 1070 309 1099 Clivus
325 1068 460 1109 quidam
486 1068 615 1105 inferior
631 1069 704 1098 colle
723 1070 852 1106 excelso,
874 1068 982 1098 elatior
997 1069 1084 1106 agris
1107 1068 1224 1107 patulis
1239 1071 1343 1106 turget
1359 1068 1470 1096 leniter
1491 1065 1525 1094 in

67 1111 146 1142 clivo
161 1110 332 1149 manifesto.
379 1111 492 1141 Clivus
514 1110 671 1141 abundans
686 1120 765 1151 aqua
776 1111 906 1147 calente,
930 1121 1004 1151 quae
1022 1121 1100 1150 aqua
1116 1109 1398 1150 quacunquefiudie
1420 1110 1524 1145 antra,

673 1194 869 1206 OOOOOOOOOO
873 1194 909 1206 00

70 1252 214 1282 Testatur
227 1251 304 1281 Vat.
318 1259 384 1282 sec.
418 1253 535 1281 veteres
550 1251 628 1281 Vat.
645 1260 695 1291 pr.
712 1251 795 1282 Exc.
811 1250 890 1281 Pat.
917 1258 985 1281 rec.
1003 1259 1047 1280 lu.
1066 1257 1134 1279 see.
1151 1248 1206 1279 ed.
1231 1247 1344 1278 Parni.
1377 1255 1525 1276 memores

66 1294 148 1325 Var.
165 1294 234 1325 LL.
252 1303 269 1323 e
283 1303 386 1333 marg.
402 1293 514 1324 Parin.
539 1293 615 1325 Deoe
629 1303 690 1334 pro
704 1297 783 1324 notoe
796 1293 860 1324 inc.
875 1292 1062 1323 Heins.--7
1089 1291 1209 1322 Faunis
1222 1300 1281 1330 pro
1296 1289 1400 1320 Musis
1414 1288 1522 1319 Oisel.

67 1336 222 1377 Nymphis
245 1337 424 1376 pur-iterque
452 1336 573 1367 Ambr.
591 1346 642 1376 pr.
660 1335 791 1367 Busud.
825 1339 948 1376 partem
964 1344 1024 1375 pro
1046 1335 1167 1374 puriter
1191 1333 1286 1364 Med.
1313 1342 1364 1371 pr.
1399 1330 1523 1362 videbor

65 1380 143 1410 Vat.
161 1389 229 1410 sec.
245 1378 329 1410 eod.
346 1379 600 1409 Bartholin.—9
614 1380 770 1409 Indictum
786 1388 882 1418 neque
895 1378 976 1408 euim
986 1376 1041 1414 fas
1057 1380 1101 1407 est
1116 1387 1134 1407 ιι
1150 1379 1219 1407 rate
1237 1381 1303 1406 vet.
1321 1375 1405 1414 Gyr.
1429 1374 1526 1404 Ludi-

65 1422 166 1452 brium
182 1422 254 1462 quid
270 1421 415 1458 enimsas
430 1425 475 1451 est
491 1421 681 1460 tacitumque
699 1422 777 1451 Vat.
796 1421 904 1451 Livin.
931 1420 1087 1450 ludicrum
1107 1429 1201 1459 neque
1217 1418 1295 1448 enim
1310 1417 1367 1454 fus
1384 1420 1428 1447 est
1445 1417 1522 1446 taci-

68 1469 191 1504 tumque
204 1464 336 1503 relinqui
352 1465 429 1494 Vat.
448 1473 498 1503 pr.
517 1464 589 1493 Pal.
608 1464 673 1493 duo
693 1464 785 1494 Med.
805 1462 920 1493 Ambr.
939 1471 987 1502 pr.
1005 1463 1086 1492 Exc.
1104 1461 1183 1491 Pat.
1200 1470 1269 1491 rec.
1287 1471 1330 1490 in.
1348 1469 1397 1498 pr.
1415 1458 1520 1490 Gesn.

66 1514 99 1538 et
117 1507 172 1538 ed.
191 1507 329 1547 Bipont.
365 1506 550 1536 Ludibrium
576 1506 650 1544 quid
677 1508 755 1536 enim
775 1505 832 1543 fus
857 1509 901 1535 cst
927 1515 945 1534 α
972 1508 1041 1534 vate
1066 1503 1197 1543 relinqui
1225 1508 1295 1533 tres
1311 1503 1407 1531 vVatt.
1426 1501 1522 1532 Rott.

66 1550 173 1580 Oisel.
191 1549 272 1579 (lod.
292 1549 479 1579 Bartholiu.
495 1548 559 1577 inc.
579 1548 794 1578 Heins.1’ut.
812 1548 933 1577 Petav.
949 1556 998 1586 pr.
1016 1547 1146 1576 Bouou.
1165 1545 1278 1576 Ambr.
1295 1548 1375 1575 tert.
1392 1542 1522 1573 Buslid.

66 1592 150 1623 Cod.
168 1591 285 1631 Epigr.
303 1590 422 1621 Ambr.
439 1590 523 1620 Exc.
539 1589 616 1619 Pat.
631 1599 698 1620 rec.
713 1599 756 1620 m.
771 1598 840 1619 sec.
856 1589 1272 1627 L11cens.p=-.va=·.LL.e
1284 1596 1390 1621 maret.
1408 1586 1522 1617 I'arm.

63 1640 98 1666 et
115 1634 168 1664 ed.
185 1633 287 1664 Autv.
312 1632 385 1673 quid
401 1633 481 1663 enim
490 1632 547 1670 sas
559 1637 603 1662 est
616 1642 634 1662 α
650 1636 720 1662 vate
733 1632 886 1662 Florem.
901 1630 995 1661 Med.
1012 1640 1077 1660 sec.
1094 1630 1205 1660 Oxou.
1219 1632 1374 1660 sem—10
1395 1629 1523 1667 populos

60 1680 202 1718 provocat
215 1686 265 1707 ore
281 1676 364 1716 loqui
381 1675 446 1705 inc.
466 1674 584 1706 Heius.
617 1675 737 1714 populis
751 1676 895 1714 provocat
915 1682 969 1702 ora
984 1672 1068 1712 loqui
1086 1672 1198 1702 Oxou.
1216 1681 1283 1702 sec.
1315 1671 1455 1711 prm-alat
1470 1680 1522 1701 ore

63 1720 144 1760 loqui
157 1724 224 1750 vet.
240 1719 324 1758 Gyr.
356 1721 500 1758 provocat
516 1727 569 1748 ora
584 1718 681 1747 locum
696 1717 777 1748 Vat.
794 1716 904 1747 Livin.
929 1715 982 1745 ed.
1000 1715 1139 1754 Bipout.
1171 1715 1308 1754 pervolat
1323 1722 1410 1743 omne
1425 1713 1522 1743 locum

61 1763 140 1793 Vat.
156 1766 236 1793 tert.
252 1762 349 1792 Rott.
380 1761 529 1792 Florent.
565 1761 701 1800 pervolat
716 1770 802 1790 omne
818 1758 900 1798 loqui
917 1758 999 1788 Put.
1031 1761 1177 1797 provocat
1193 1767 1279 1787 omne
1294 1756 1375 1795 loqui
1392 1755 1522 1786 Busud.

58 1808 203 1846 provocat
218 1814 273 1835 ora
288 1805 370 1844 loqui
393 1804 459 1834 duo
481 1803 576 1834 Med.
594 1802 673 1833 Vat.
691 1812 741 1843 pr.
766 1806 800 1832 et
825 1805 937 1842 quart.
955 1800 1028 1831 Pal.
1046 1799 1166 1830 Petav.
1185 1809 1234 1839 pr.
1259 1799 1387 1829 Bonon.
1405 1797 1522 1829 Ambr.

60 1857 110 1888 pr.
124 1847 212 1879 Exc.
230 1848 306 1879 Pat.
326 1857 394 1878 ree.
415 1846 553 1887 pervolat
571 1846 642 1875 orbe
665 1846 761 1876 locum
777 1845 857 1875 Vat.
875 1852 942 1874 sec.
958 1843 1097 1884 provolat
1113 1852 1164 1873 ore
1177 1843 1274 1872 locum
1299 1840 1419 1872 Ambr.
1435 1844 1518 1870 tert.

62 1890 146 1922 Cod.
172 1890 290 1931 Epigr.
308 1889 426 1920 Ambr.
456 1890 542 1919 Exc.
570 1888 714 1919 Lucens.
743 1897 792 1928 pr.
808 1887 892 1916 Var.
910 1886 977 1917 LL.
1005 1895 1023 1916 e
1039 1894 1144 1924 marg.
1172 1885 1284 1915 Parm.
1316 1884 1453 1923 pervolat
1470 1891 1521 1913 ore

59 1933 156 1964 Iocum
171 1932 278 1964 Oisel.
294 1932 379 1964 Cod.
396 1931 585 1963 Bartholin.
621 1931 760 1971 pervolat
785 1939 848 1961 esse
863 1929 960 1959 locum
977 1928 1072 1959 Med.
1090 1937 1157 1957 sec.
1178 1928 1320 1968 pervolat
1335 1935 1422 1956 omne
1439 1925 1522 1964 loqui

61 1976 115 2006 vel
140 1976 278 2015 pert-elac
293 1985 344 2006 ore
360 1975 455 2005 locum
471 1974 552 2005 Var.
570 1974 637 2004 LL.
662 1974 716 2004 ed.
741 1973 847 2003 Antv.
879 1974 1026 2011 provocat
1042 1980 1095 2000 ora
1111 1970 1207 2000 Iocum
1225 1970 1279 2000 vel
1302 1968 1438 2008 pert-ola!
1467 1977 1521 1998 ora

60 2018 157 2048 locum
173 2019 376 2059 conjiciebat
393 2017 569 2056 Heinsius,
595 2017 652 2057 qui
671 2016 891 2055 ascripserat,
917 2014 965 2044 sic
990 2014 998 2030 ‘
1018 2013 1131 2043 venire
1149 2013 1181 2042 iu
1198 2022 1258 2043 ora
1273 2010 1410 2052 populi'
1436 2009 1518 2040 Pas-

62 2066 164 2090 =erat.
190 2061 223 2090 iu
244 2061 398 2100 Propert.
415 2070 448 2099 p.
465 2062 538 2090 2⁵14.
571 2060 709 2099 pervolat
731 2068 784 2089 ora
803 2059 901 2087 locum
917 2056 1106 2087 Gesn.—ll
1141 2055 1219 2086 Alta
1232 2056 1296 2085 cole
1322 2054 1450 2084 Moret-
1468 2061 1520 2092 pr.

56 2103 159 2142 planis
181 2103 260 2134 Vat.
292 2111 357 2133 =‹ec.
385 2101 501 2132 Ambr.
533 2107 613 2132 tert.
645 2101 729 2133 Cod.
763 2100 880 2140 Epigr.
911 2099 1030 2130 Ambr.
1058 2099 1139 2128 var.
1165 2098 1231 2128 LL.
1247 2108 1266 2128 e
1282 2105 1388 2136 marg.
1405 2095 1520 2126 Parm-

56 2146 163 2185 parcis
180 2150 248 2175 tres
261 2146 358 2176 Vatt.
373 2144 448 2174 Pal.
479 2145 573 2174 Rott.
590 2143 698 2174 Oisel.
714 2143 798 2174 Cod.
816 2142 1007 2173 Bartholin.
1043 2141 1177 2180 ereptior
1198 2141 1282 2171 Exc.
1307 2140 1447 2170 anens.
1465 2146 1520 2177 pr.

59 2188 194 2219 etrucior
216 2187 433 2218 Buslid.—12
459 2187 620 2226 Conspicit)
649 2185 694 2216 id.
726 2185 856 2216 Buslid.
892 2184 980 2214 clivis
1006 2183 1080 2214 Pal.
1107 2184 1238 2213 Bonon.
1269 2181 1400 2213 Buslid.
1439 2179 1521 2210 divis

59 2230 126 2261 duo
141 2230 323 2261 Med.—13
347 2230 482 2260 Ardenti
513 2228 619 2260 Oisel.
658 2229 745 2268 aquis
775 2228 858 2258 Exc.
883 2227 1027 2257 Lucens.
1053 2235 1103 2266 pr.
1141 2234 1326 2265 quocumque
1341 2224 1422 2254 Vat.
1438 2227 1521 2254 tert.

60 2273 210 2304 Florem.
230 2273 325 2303 Med.
342 2281 408 2303 sec.
447 2281 644 2312 qucecumque
674 2272 750 2301 Vat.
777 2273 888 2311 quart.
911 2268 1040 2300 Buslid.
1071 2269 1211 2299 cavernis
1226 2268 1292 2298 duo
1307 2267 1404 2298 Vatt.
1422 2266 1519 2296 Rott.

61 2315 166 2347 Oisel.
193 2316 260 2347 inc.
285 2315 404 2346 Heius.
427 2315 550 2345 Petav.
576 2323 626 2354 pr.
655 2313 790 2344 Bonon.
814 2313 940 2343 Moret.
971 2321 1021 2352 pr.
1047 2310 1162 2342 Oxou.
1194 2319 1262 2342 sec.
1286 2308 1416 2340 Buslid.
1435 2306 1518 2338 Cod.

58 2357 176 2399 Epigr.
193 2357 310 2389 Ambr.
325 2358 408 2388 Exc.
426 2357 505 2388 Pat.
523 2366 590 2387 rec.
614 2356 697 2386 Var.
725 2355 798 2386 LL.
826 2355 880 2385 ed.
905 2354 1097 2385 Antv.—-l4
1124 2352 1272 2390 Proferat
1304 2352 1387 2383 Var.
1411 2351 1478 2382 LL.
1497 2359 1515 2379 e

59 2409 163 2442 marg.
177 2401 293 2432 Parm.
332 2399 467 2441 offensus
482 2400 566 2430 Var.
581 2399 650 2430 LL.
667 2408 686 2429 e
703 2408 809 2439 marg.
825 2398 941 2428 Parni.
959 2396 1035 2428 Am.
1070 2396 1209 2427 traditur
1221 2396 1371 2427 Florent.
1388 2391 1518 2425 Buslid.

716 2503 856 2536 NOTAE

60 2592 123 2613 non
140 2586 269 2623 gratus,
297 2587 333 2614 et
359 2591 488 2613 memor
513 2580 757 2613 beneficiorum
814 2578 984 2621 quendum
1001 2577 1142 2608 excitat.

60 2638 205 2671 tuorum,
233 2637 382 2664 testetur
409 2636 489 2663 vota
513 2642 585 2671 sua,
611 2641 670 2662 seu
697 2641 759 2662 sua
854 2632 893 2660 11
921 2627 1030 2659 planis
1044 2626 1144 2666 arvis]
1167 2625 1324 2657 Erectior
1341 2623 1494 2665 planitie.

60 2682 229 2714 desideria
244 2693 407 2724 prospere
424 2687 460 2714 et
475 2681 625 2714 feliciter
639 2682 765 2723 imple·¹
855 2683 896 2711 12
923 2679 1047 2719 Tumet]
1075 2678 1176 2710 Unde
1203 2681 1239 2708 et
1261 2675 1408 2708 tumulus
1433 2672 1514 2704 dici-

63 2738 108 2771 ια,
125 2737 302 2773 postquam
318 2743 361 2765 ex
378 2733 473 2775 aquis
493 2733 559 2764 tuis
576 2732 672 2764 bibit.
813 2735 883 2773 tur,
900 2730 956 2772 qui
971 2735 1024 2762 est
1041 2739 1164 2771 parvus
1181 2732 1283 2759 terrae
1301 2730 1422 2757 tumor.

106 2785 144 2814 10
167 2782 334 2823 Provocat]
367 2783 444 2816 Hoc
474 2788 540 2825 est,
566 2783 622 2824 qui
646 2782 688 2814 ad
714 2783 760 2814 lo·
