1851 3213
280 199 394 241 1340

276 313 353 334 cum
375 303 443 335 sint
465 303 598 341 κινήσεις
615 305 718 344 ψυχῆς
732 303 816 344 παρὰ
825 303 930 343 φύσιν,
949 308 986 334 ut

278 355 495 386 vocanturin
514 355 641 386 Stobaei
665 355 796 386 Etliicis
821 355 987 385 Collecta-

278 404 362 442 neis,
379 415 445 446 quo
473 406 547 436 loco
566 408 697 445 plenam
721 404 986 445 explicationem

281 464 397 486 eorum
416 455 583 486 offendes.

322 505 516 545 Plan-averit]
539 505 763 535 oblatrantes
786 505 877 535 velut
893 504 987 535 obni-

279 558 474 597 tentesque.
500 556 618 586 Barth.

321 608 382 637 227
408 606 601 645 Ambagilms
623 606 704 646 itur]
741 607 987 647 Cognoscenda

277 656 366 687 enim
379 667 487 687 rerum
506 662 639 696 natura,
652 657 835 688 scrutanda
848 658 987 688 numina

278 707 444 747 Deorum,
463 708 583 738 animm
609 708 697 738 ratio
721 708 934 748 inquirenda,
950 713 988 738 ut

278 759 358 799 quid
386 760 535 790 universi
561 759 682 796 ordini,
711 759 780 789 Dei
805 759 988 797 voluntati,

276 808 479 839 humanitati
509 809 691 847 communi,
717 818 853 848 sumque
868 809 987 847 menti,

278 859 422 899 quisque
441 859 577 897 debeat,
602 859 709 898 possit
736 859 852 888 statui.
900 858 986 890 Inde

276 908 454 939 felicitatis
483 909 612 949 agnitio
634 909 782 939 animum
811 919 872 939 sua
899 914 989 940 tran-

277 958 452 999 quillitate
469 961 763 1000 componetintuS,
780 960 986 1002 docebitque

273 1014 374 1041 extra
389 1011 550 1051 prodesse
565 1013 613 1043 rei
624 1013 807 1052 communi,
818 1014 826 1030 ‘
840 1014 985 1045 humana

279 1071 347 1102 qua
366 1067 465 1101 parte
478 1063 609 1094 locatus
627 1063 671 1094 sit
689 1063 721 1094 in
738 1063 797 1095 re.'
823 1064 919 1095 Idem.

320 1115 383 1143 228
403 1113 499 1144 Disce
512 1114 593 1153 orbi]
610 1115 834 1154 Dempslerus
847 1116 913 1156 leg.
926 1116 986 1146 Di-

277 1164 397 1193 scordis
411 1164 490 1203 quod
504 1164 642 1204 quisque,
655 1165 707 1203 &a
752 1165 863 1195 Variis
879 1166 985 1205 parti-

278 1214 353 1253 bus,
376 1214 477 1245 morti
497 1215 652 1246 obnoxiis
670 1220 705 1246 et
725 1216 984 1254 immortalibus,

281 1266 507 1305 compositus.

320 1316 416 1346 Disce
446 1316 526 1354 orbi,
555 1318 632 1356 quod
662 1318 787 1357 quisque
810 1317 887 1357 sibi]
910 1318 985 1348 Pri-

276 1375 350 1395 mus
387 1366 433 1395 sic
481 1367 661 1406 legendum
691 1368 777 1399 vidit
815 1368 984 1400 Antonius

276 1416 504 1456 Quaerengus,
521 1421 610 1448 teste
624 1419 808 1449 Vincentio
821 1419 984 1450 Contare-

274 1476 318 1497 no
333 1466 367 1496 in
382 1467 496 1497 Variis
522 1468 756 1509 Lectionibus,
785 1475 821 1500 ut
851 1470 984 1501 Grono-

275 1517 348 1548 vius
366 1522 480 1548 noster
507 1518 654 1550 Observ.
680 1520 737 1551 lib.
756 1530 793 1551 11.
814 1523 886 1552 121.
910 1521 983 1561 jam

275 1569 428 1599 monuit:
469 1579 530 1601 uec
561 1570 661 1601 aliter
690 1572 782 1610 prior
820 1571 917 1602 Leid.
949 1577 984 1603 et

280 1618 430 1660 quinque
446 1621 514 1650 alii.
539 1621 652 1661 Vulgo
669 1621 874 1653 01·bis.unde
890 1623 983 1654 mirae

282 1669 493 1709 conjecturae
511 1676 612 1702 natae.
638 1672 723 1704 Quae
740 1673 892 1712 privatus
910 1673 985 1711 sibi,

278 1728 320 1749 ea
346 1719 433 1750 Orbi
457 1721 560 1751 discit
587 1722 791 1762 Imperator.
840 1724 984 1755 Faciunt

274 1770 339 1800 huc
363 1770 429 1801 ista
450 1771 616 1802 Hadriani
645 1772 736 1812 apud
753 1773 983 1813 Spartiauum,

276 1822 284 1837 ‘
305 1821 421 1851 Facile
440 1821 503 1851 ista
532 1822 616 1852 (licis
646 1826 694 1861 tu,
715 1823 771 1863 qui
790 1824 983 1863 patrimonii

275 1870 338 1909 tui,
353 1880 420 1901 non
435 1872 633 1912 reipublicae
647 1873 818 1903 haeredem
833 1874 984 1914 quau-is!

275 1921 435 1952 Bau-thim
453 1922 675 1962 amplectitur
693 1923 863 1954 Francisci
882 1925 984 1956 Zizaei

276 1973 514 2012 conjecturam
563 1974 777 2013 cori-igentiS‚
817 1974 984 2007 Discat-dis

275 2024 354 2062 quod
375 2025 501 2063 quisque
523 2023 595 2056 sibi.
624 2025 728 2055 nolim
755 2024 895 2057 factum.
943 2026 983 2057 In

276 2072 594 2113 Hellnaesmliensi,
633 2075 729 2106 Disce
770 2076 857 2107 orbes
903 2079 983 2118 quod

275 2123 407 2164 quinque
420 2125 491 2155 sibi.
518 2125 558 2155 D.
577 2125 695 2156 Heius.

318 2176 382 2205 229
405 2175 560 2206 AEtlzerz'is
581 2177 709 2207 miscens
734 2178 872 2218 terrena]
910 2179 984 2209 Coe-

275 2224 419 2255 lestibus
435 2227 622 2266 terrestria,
650 2227 871 2259 elementaria
887 2234 984 2260 aeter-

275 2275 338 2306 nis.

318 2326 490 2367 AEtherz'is]
530 2328 663 2359 Divinae
687 2339 810 2369 nempe
836 2331 984 2370 particu-

277 2377 343 2407 lam
356 2387 456 2407 aurae.
494 2376 650 2408 Animam
668 2380 848 2410 humanam
869 2391 911 2411 ex
929 2390 984 2411 eo-

276 2425 353 2457 dem
367 2437 442 2457 cum
462 2427 534 2457 Diis
551 2428 827 2470 daomonibusque
851 2436 983 2462 cratere

274 2476 430 2507 haustam
448 2477 640 2508 sciscebant
659 2478 868 2519 Philosophi.

321 2526 474 2567 Terrena]
507 2527 641 2559 Lutum.
691 2529 861 2560 Hesiodus
877 2536 983 2561 mate-

276 2577 358 2608 riem
373 2577 516 2608 hominis
536 2579 712 2617 pulverem
737 2589 824 2620 aqua
840 2581 981 2612 mixtum

277 2629 443 2669 agnoscit.

322 2679 538 2720 Prometheus]
573 2680 753 2712 Platonica
767 2681 983 2723 Philosophia

278 2731 521 2762 Prometheum
550 2731 799 2772 providentiam
818 2738 983 2772 autumat,

277 2781 393 2814 mundi
421 2781 709 2823 gubernatricem,
737 2783 827 2815 unde
853 2783 923 2816 vita
947 2788 983 2817 et

511 210 654 240 NOTAE
688 210 954 242 VARIORUM
989 210 1046 240 IN.
1077 210 1152 241 CL.
1184 209 1369 240 CLAUD.
1403 211 1512 241 VIll.

1034 303 1172 344 spiritus
1186 304 1397 337 mortalibus.
1432 305 1547 337 Barth.

1076 358 1138 386 230
1155 356 1317 387 Sinceram
1329 355 1449 396 patrio]
1467 357 1544 387 Non
1554 355 1653 396 patri,
1665 365 1742 387 cum

1035 406 1206 447 Isingrino
1243 406 1508 447 Raphelengius.
1545 411 1651 438 recte.
1687 415 1745 438 ne-

1006 479 1010 483 .
1035 466 1100 497 que
1117 457 1217 488 aliter
1232 457 1431 488 Prieaeanus
1446 467 1487 487 ex
1503 457 1625 488 nostris
1641 466 1659 487 a
1674 465 1744 488 ma-

1035 517 1077 537 nu
1094 508 1256 538 secunda.
1302 508 1356 538 Sic
1385 508 1393 523 ‘
1410 506 1584 548 patriique
1608 506 1745 546 expirat

1036 557 1164 588 Averni
1196 557 1342 589 Halitus'
1370 557 1460 598 apud
1484 558 1602 588 Valer.
1629 556 1743 588 Flacc.

1040 616 1090 638 ιν.
1120 609 1162 639 D.
1181 609 1292 640 Heius.

1078 658 1241 689 Sinceram
1278 660 1424 701 mentem]
1468 658 1626 689 Animam
1664 656 1746 688 rati-

1038 710 1182 746 onalem,
1214 711 1401 750 coelestem,
1440 709 1630 740 divinitatis
1653 718 1745 740 com-

1038 765 1168 799 potem,
1187 771 1287 801 quam
1306 761 1448 792 aetherei
1475 761 1561 801 ignis
1579 759 1745 791 vocabulo

1039 810 1158 841 Poetae
1176 816 1328 851 censent,
1344 822 1420 842 cum
1439 812 1545 851 ipsum
1566 812 1681 842 Deum
1698 809 1746 840 in-

1039 859 1252 899 telligentem
1293 861 1405 900 ignem
1433 861 1618 901 Theologia
1648 865 1746 891 vetus

1038 907 1157 940 faciat.
1203 909 1291 940 Vide
1309 910 1562 950 Cassiodorum,
1581 920 1612 941 c.
1631 914 1682 941 10.
1700 910 1744 942 de

1037 958 1175 992 Anima,
1206 961 1319 991 Barth.

1081 1011 1237 1052 Mentem]
1270 1011 1431 1043 Animum
1447 1012 1588 1044 rationis
1606 1011 1747 1053 partici-

1041 1072 1130 1104 pem.

1080 1113 1233 1153 Furnius]
1263 1114 1437 1144 Fabellam
1452 1112 1605 1144 Poeticis
1629 1113 1748 1144 colori-

1036 1163 1098 1194 bus
1115 1163 1267 1194 fucatam
1292 1169 1411 1195 uarrat
1439 1163 1653 1203 Fulgentius,
1669 1163 1747 1203 My-

1038 1213 1165 1254 tholog.
1184 1224 1224 1245 11.
1242 1217 1273 1245 9.
1307 1214 1422 1245 Barth.

1079 1269 1140 1296 231
1162 1267 1329 1303 Claustris,
1341 1265 1575 1305 indignantem]
1596 1265 1745 1296 earcere

1039 1317 1143 1351 velut,
1161 1321 1199 1347 ut
1217 1316 1336 1347 nobilis
1354 1315 1396 1346 ab
1423 1315 1626 1355 ignobilibus
1642 1325 1746 1346 mem-

1038 1365 1108 1396 bris
1137 1366 1169 1396 in
1197 1366 1269 1397 vita
1288 1365 1517 1396 contineatur.
1563 1365 1649 1397 Quae
1667 1364 1747 1396 doc-

1037 1417 1126 1448 trina
1151 1417 1344 1458 sapientum
1372 1422 1435 1448 est.
1482 1417 1580 1447 Maro
1612 1415 1669 1447 lib.
1695 1425 1746 1448 VI.

1037 1468 1190 1509 ‘Igneus
1218 1473 1271 1499 est
1296 1467 1370 1498 ollis
1399 1468 1507 1508 vigor,
1531 1471 1568 1498 et
1594 1466 1745 1498 coelestis

1036 1519 1131 1559 origo
1146 1518 1353 1557 Seminibus,
1380 1522 1542 1559 quantum
1559 1527 1626 1548 non
1643 1517 1747 1549 noxia

1037 1578 1180 1609 corpora
1197 1569 1336 1600 tardant
1356 1569 1564 1610 Terrenique
1581 1568 1747 1600 hebetant

1036 1624 1154 1659 artus,'
1171 1625 1237 1652 &a
1264 1621 1361 1651 Idem.

1079 1674 1141 1702 233
1179 1671 1340 1709 Adiunxit
1367 1671 1525 1710 geminas]
1582 1670 1746 1711 Virgilius

1037 1725 1107 1752 tres
1134 1722 1263 1752 animas
1288 1722 1409 1751 Herilo
1435 1720 1571 1758 tribuit,
1599 1725 1637 1751 ut
1661 1721 1746 1752 indi-

1037 1777 1132 1803 caret
1169 1772 1314 1802 hominis
1350 1771 1438 1801 illius
1482 1770 1745 1811 perfectionem.

1038 1824 1159 1853 Clarer.

1081 1872 1245 1912 Geminus]
1283 1873 1347 1903 llla
1374 1882 1449 1913 quae
1478 1872 1596 1913 sentit,
1624 1877 1660 1905 et
1686 1873 1745 1904 illa

1035 1935 1110 1966 quae
1127 1928 1281 1964 vegetat.
1307 1923 1426 1954 Delrio.

1077 1975 1204 2015 Lapsoe]
1240 1974 1428 2013 Obeuntes,
1459 1973 1493 2004 in
1520 1973 1660 2005 nihilum
1692 1984 1744 2005 re-

1035 2027 1158 2057 dactae.
1182 2025 1298 2056 Barth.

1076 2079 1139 2107 234
1164 2076 1323 2115 Bastoqne
1344 2078 1498 2116 superstes
1514 2075 1644 2115 Evolat]
1676 2076 1743 2107 Lu-

1036 2136 1110 2158 can.
1127 2126 1185 2156 lib.
1204 2135 1255 2156 lx.
1273 2125 1315 2156 de
1331 2125 1516 2165 Pompeio:
1546 2126 1554 2142 ‘
1576 2125 1744 2158 Prosiluit

1036 2178 1148 2216 busto,
1164 2186 1364 2217 semesaque
1378 2177 1743 2218 membrarelinquens,

1035 2230 1324 2269 Degeneremque
1343 2237 1473 2268 rogum,
1495 2227 1649 2268 sequitur
1663 2236 1742 2258 con-

1035 2290 1123 2311 vexa
1138 2279 1322 2310 Tonantis!

1076 2333 1138 2361 235
1165 2328 1446 2368 Capitissundavit
1462 2329 1495 2358 in
1518 2329 1603 2369 arce]
1639 2328 1742 2369 Caput

1034 2380 1239 2421 principium
1258 2379 1392 2409 humani
1411 2378 1573 2418 corporis.
1619 2378 1660 2409 In
1687 2389 1741 2411 ca-

1035 2432 1107 2471 pite
1123 2430 1299 2470 sapleutiae
1317 2434 1370 2460 est
1392 2438 1564 2468 organum,
1589 2430 1680 2470 quod
1705 2435 1742 2462 et

1034 2481 1210 2512 cerebrum
1230 2481 1365 2519 dicitur,
1390 2480 1479 2510 unde
1500 2484 1535 2510 et
1557 2487 1661 2520 caput
1680 2481 1740 2512 ho-

1034 2533 1217 2563 norabilius
1244 2532 1331 2562 omni
1356 2537 1408 2562 est
1425 2541 1581 2571 corpore.
1628 2532 1742 2563 Minu-

1035 2583 1100 2613 tius
1126 2583 1235 2620 Felix,
1261 2581 1433 2612 Octavio:
1459 2582 1467 2597 ‘
1485 2582 1585 2613 Oculi
1604 2583 1637 2613 in
1654 2592 1742 2613 sum-

1034 2643 1100 2672 mo,
1125 2633 1217 2663 velut
1243 2633 1276 2663 in
1303 2632 1452 2672 specula,
1480 2633 1672 2672 constituti,
1704 2637 1741 2665 et

1034 2693 1149 2713 omnes
1164 2683 1282 2713 caeteri
1298 2692 1416 2714 seusus
1430 2683 1522 2724 quasi
1537 2684 1570 2715 in
1583 2693 1661 2715 arce
1675 2683 1741 2715 dis-

1035 2733 1160 2776 positi.’
1192 2734 1307 2765 Barth.

1078 2787 1141 2818 236
1165 2784 1397 2816 Mandatricem
1410 2783 1550 2826 operum]
1578 2783 1740 2816 Rationa-
