1851 3213
314 213 429 254 1328

314 318 562 359 Audi-agauno,
593 318 627 348 in
658 317 784 348 lectica
815 316 929 356 specie
968 314 1018 345 Fl.

313 369 476 402 Maximae
514 368 723 400 Constantiae
758 366 847 407 Aug.
886 365 1020 404 latenti,

312 421 444 452 occisus
461 423 525 450 est.

360 469 513 510 Uterque]
553 467 725 499 Maximus
752 470 788 497 et
818 466 1015 505 Eugenius:

311 521 366 553 hic
381 531 462 552 vero
478 518 689 559 Arbogastis‚
710 517 767 547 ille
794 515 1020 556 Andragatliii

311 582 412 603 manu
444 581 522 601 usus
556 574 605 599 est
633 569 665 598 in
698 567 895 608 parricidio.
951 566 1019 598 Sed

311 626 458 663 uterque
483 619 620 651 sceleris
645 618 802 649 minister
825 617 888 648 sibi
914 618 1018 649 vitam

313 672 451 703 ademit.
499 671 622 701 Claver.

356 723 526 763 Respcrsus
547 718 688 760 uterque]
711 719 791 749 Pari
809 717 949 749 crimine
962 718 1017 757 ju-

311 781 414 804 venes
442 772 674 811 Imperatores
702 768 911 804 exstinxere,
930 767 1017 797 Gra-

311 823 440 854 tianum
458 821 641 856 iN'Iaximns,
657 817 933 847 Valentinianum
952 816 1018 845 Eu-

312 873 443 913 genius.
468 870 536 901 Hic
551 867 753 907 Arbogastis
768 866 888 904 cliens,
904 869 939 895 et
955 865 1017 895 sub

313 932 353 953 eo
369 922 584 961 Imperator;
610 918 667 948 ille
686 916 803 947 domus
813 915 1019 947 Theodosia—

311 981 365 1003 nae
381 980 497 1002 verna.
543 968 659 999 Barth.

354 1025 397 1053 76
421 1020 558 1052 Insontis
576 1017 704 1058 jugulo]
735 1017 863 1058 Jugulo
888 1017 1018 1049 caedem

311 1071 480 1111 intellige,
494 1070 704 1110 sanguinem.
738 1068 908 1106 Sedulius,
932 1069 954 1099 l.
969 1077 1018 1099 lv.

311 1123 320 1139 ‘
340 1130 419 1152 cum
435 1120 589 1160 praesidis
613 1124 692 1149 ante
716 1118 865 1148 tribunal
893 1118 1020 1158 Staret,

311 1176 350 1203 nt
366 1171 410 1202 ad
430 1170 588 1211 jugulum
605 1169 729 1199 ductus
748 1168 945 1199 mitissimus
962 1178 1018 1208 ag-

312 1221 398 1253 nus.'
436 1222 491 1251 De
509 1220 669 1251 Gratiani
690 1218 886 1249 innocentia
908 1218 1019 1249 Auso-

312 1273 388 1304 nius
422 1269 660 1310 Panegyric03
699 1269 742 1298 de
784 1268 1019 1299 Valentiniani

312 1321 514 1353 Ambrosius
530 1320 695 1349 Sermone
712 1318 782 1358 ejus
795 1317 954 1348 Funebri.

357 1371 491 1402 Novitas
521 1369 633 1399 audere
667 1368 784 1407 priori]
831 1367 1018 1398 Maximum

313 1422 473 1452 Fortunae
504 1419 670 1457 novitate,
703 1419 766 1448 hoc
793 1423 858 1457 est,
888 1427 1020 1449 succes·

311 1481 407 1504 suum
419 1469 612 1502 incredibili
625 1469 817 1508 celeritate,
828 1469 1020 1508 Eugenium

312 1523 402 1554 illius
425 1521 619 1562 exemplum
649 1520 824 1560 mitigasse
851 1518 948 1557 dicit,
976 1518 1020 1549 ad

312 1582 413 1615 quem
429 1572 632 1603 transissent
661 1570 795 1601 scilicet
817 1573 867 1600 tot
892 1568 1020 1600 exerci-

313 1630 381 1663 tus,
408 1628 460 1654 tot
475 1623 634 1653 civitates
658 1631 734 1652 cum
756 1620 929 1661 opulentis
945 1629 1021 1660 pro·

311 1673 433 1703 vinciis
450 1671 668 1702 defecissent.
698 1671 813 1701 Possis
830 1670 1019 1700 novitatem

313 1722 417 1754 etiam
431 1722 562 1762 generis
580 1722 751 1752 vilitatem
768 1730 906 1760 capere,
922 1721 1018 1760 cujus

313 1782 393 1814 ergo
407 1772 558 1803 Pacatus
576 1770 717 1802 mirifice
737 1770 888 1801 traducit
908 1771 1019 1801 Maxi-

313 1833 426 1863 mum;
479 1827 514 1853 et
549 1822 754 1862 armigerum
784 1821 886 1852 lixam
916 1820 1020 1852 fuisse

312 1878 474 1905 testatur.
517 1873 634 1903 Barth.

356 1926 398 1954 77
435 1924 625 1963 Tantumque
652 1921 768 1953 dabant
805 1923 946 1963 exempla
975 1932 1020 1953 se-

313 1974 435 2015 quenti]
462 1974 644 2015 Sequentem
662 1974 779 2014 scripti
804 1973 876 2005 fere
892 1984 1019 2005 omnes.

314 2027 344 2056 «1.
361 2035 386 2056 e.
410 2029 593 2065 sequentem.
640 2024 801 2055 Lucensis
825 2029 861 2055 et
888 2030 1020 2065 septem

315 2077 382 2115 alii,
395 2079 577 2116 cautumque
591 2077 621 2106 d.
633 2085 658 2106 e.
670 2078 858 2115 sequentem:
879 2075 1020 2116 optime.

315 2129 464 2168 Vulgata
476 2128 578 2159 lectio
596 2138 730 2158 sensum
744 2137 811 2158 non
829 2127 944 2158 habet.
960 2128 1020 2158 Sn-

315 2188 376 2220 pra
406 2179 503 2209 initio
530 2179 626 2219 hujus
653 2178 752 2208 libri:
788 2179 797 2194 ‘
823 2178 933 2208 Cauto
957 2187 1020 2208 nec.

314 2227 442 2270 profuit
467 2229 556 2259 hosti
582 2228 726 2259 Munitis
749 2228 885 2258 haesisse
912 2228 1021 2259 loeis.'

316 2279 373 2310 Ita
399 2283 435 2309 et
457 2279 546 2309 curis
573 2278 730 2309 secundis
754 2277 921 2309 divinavit
940 2279 1022 2309 Bar-

315 2328 419 2360 thius:
430 2339 618 2369 quanquam
628 2332 811 2368 cantumque
821 2328 912 2368 apud
927 2328 1021 2359 illum

315 2379 442 2420 legitur
459 2379 666 2420 typographi
689 2387 817 2419 errore,
837 2382 875 2409 ut
890 2378 1021 2419 opinor.

316 2429 362 2461 D.
375 2429 489 2460 Heius.

363 2479 553 2518 Tantumque
585 2476 698 2507 dabant
725 2478 866 2517 exempla
895 2486 1020 2516 sequen-

316 2528 359 2569 ti]
397 2528 476 2559 Hoc
499 2532 565 2565 est,
596 2532 729 2558 tantum
757 2527 887 2557 consilii
913 2533 947 2557 et
964 2536 1020 2557 au-

319 2579 428 2611 daciae
467 2579 572 2609 dabat
626 2578 780 2618 Eugenio
831 2577 1019 2608 Parricidae

318 2629 463 2662 Maximi
489 2629 693 2669 exemplum,
709 2633 873 2669 quantum
890 2627 939 2658 rei
962 2637 1020 2658 no-

318 2681 405 2712 vitas
431 2678 575 2709 dederat
596 2678 659 2718 ipsi
680 2677 847 2708 Maximo.
886 2677 1022 2708 Not-itas

319 2730 473 2762 Maximo
496 2729 588 2768 data,
615 2733 669 2759 est
695 2728 876 2758 inusitatus
902 2732 1022 2767 terror,

320 2791 386 2824 quo
417 2779 582 2822 perculsae
613 2778 773 2810 Gratiani
798 2778 950 2819 legiones
978 2777 1022 2809 ad

547 223 688 253 No'rAE
723 220 988 252 VARIORUM
1023 220 1074 250 IN
1109 220 1184 250 ct..
1217 219 1402 249 CLAUD.
1436 218 1546 249 vlit.

1073 323 1147 345 eum
1179 313 1448 353 transfugerunt,
1479 321 1521 342 ex
1547 310 1669 352 angulo
1696 319 1777 352 que-

1072 364 1148 395 dam
1173 365 1213 395 ad
1239 364 1386 403 Europae
1416 362 1601 402 Imperium
1619 370 1776 402 progres-

1071 424 1156 445 sum.
1201 414 1288 445 Tota
1315 413 1456 454 periodo
1483 412 1628 452 Eugenii
1655 411 1775 444 laudat

1072 464 1334 504 providentiam,
1366 464 1505 493 Maximi
1537 461 1712 492 audaciam
1742 465 1778 492 et

1073 515 1232 545 virtutem
1250 515 1422 551 bellicam,
1446 523 1520 554 qua³
1542 513 1609 543 duo
1624 511 1776 553 junctim

1072 565 1293 605 inTyrannis
1310 565 1417 595 tantis
1435 563 1602 594 devicisse
1624 561 1777 593 Theodo-

1071 616 1169 654 sium,
1198 624 1362 646 summam
1401 616 1473 655 ejus
1504 614 1642 644 laudum
1678 611 1776 645 facit.

1071 665 1187 696 Barth.

1113 717 1154 745 78
1182 714 1245 744 Hic
1270 723 1405 754 quaerere
1424 717 1494 745 tuta
1511 712 1682 753 Providus]
1708 711 1777 742 Eu-

1071 763 1162 803 genii
1175 763 1364 794 doctrinam
1381 764 1597 794 commendat
1609 764 1778 803 Zozimus‚

1071 812 1196 852 quique
1214 812 1440 852 Philosophus
1458 811 1576 844 fuerit.
1621 814 1719 844 Idem.

1114 865 1156 892 80
1180 862 1272 892 Intra
1285 863 1421 892 claustra
1437 862 1596 901 reductus]
1637 863 1716 894 Non
1731 863 1780 894 in-

1071 916 1133 951 ter,
1147 913 1292 943 Lucens.
1308 917 1344 943 et
1361 912 1492 953 aliquot
1505 912 1575 943 alii.
1599 913 1645 943 D.
1663 913 1776 945 Heius.

1116 965 1206 995 Inter
1235 964 1370 994 claustra
1397 962 1558 1003 reductus]
1599 964 1687 996 Quae
1709 973 1780 994 me·

1070 1024 1110 1046 ra
1152 1013 1334 1053 felicitate,
1370 1023 1465 1045 mero
1503 1012 1622 1045 favore
1660 1013 1778 1045 divino

1070 1065 1223 1105 pervasit
1239 1064 1461 1096 Theodosius,
1485 1064 1560 1105 Ego
1575 1074 1658 1095 vero
1671 1064 1779 1105 suspi-

1070 1126 1128 1148 cor
1144 1116 1388 1157 Arbogastem‚
1403 1116 1512 1147 minus
1525 1117 1663 1157 cognita
1679 1116 1780 1148 Prin-

1070 1168 1156 1208 cipis
1169 1168 1387 1206 strenuitate,
1403 1167 1493 1198 ultro
1507 1177 1582 1198 eum
1594 1167 1778 1199 admitten-

1070 1217 1148 1248 dum
1166 1217 1352 1254 censuisse,
1367 1221 1405 1247 ut
1428 1216 1591 1248 videlicet
1613 1226 1672 1248 suo
1688 1227 1779 1249 com-

1070 1267 1170 1297 modo
1183 1267 1257 1296 loca
1268 1266 1409 1296 meliora
1422 1266 1586 1305 insidens,
1599 1267 1670 1307 ojus
1683 1276 1780 1299 exer·

1070 1316 1174 1347 citum
1190 1316 1436 1355 pessumdaret.
1482 1317 1600 1348 Barth.

1114 1369 1153 1397 Sl
1190 1366 1298 1396 Illorle
1319 1365 1425 1406 pares]
1461 1366 1601 1406 Negant
1628 1367 1780 1399 nonnulli

1072 1416 1344 1447 Christianorum
1371 1415 1412 1446 de
1437 1416 1604 1456 Euge-nio,
1619 1417 1676 1458 qui
1699 1417 1778 1450 dnm

1072 1466 1245 1507 supplicat
1261 1465 1468 1506 Theodosio,
1483 1476 1503 1497 a
1518 1466 1625 1497 milite
1640 1467 1780 1498 obtrun-

1071 1522 1185 1548 catum
1203 1515 1370 1547 scribunt.
1416 1516 1469 1547 De
1497 1516 1650 1548 Maximo
1674 1517 1779 1550 etiam

1071 1578 1138 1599 non
1155 1577 1253 1598 nemo
1271 1567 1383 1597 aliter.
1430 1566 1528 1598 Idem.

1113 1621 1154 1649 82
1177 1617 1338 1657 Dedecus]
1362 1616 1391 1648 A
1417 1627 1546 1648 summo
1574 1617 1723 1658 Imperio
1745 1617 1778 1649 in

1070 1669 1219 1701 infimam
1242 1669 1457 1706 servitutem,
1473 1668 1564 1709 quod
1579 1673 1689 1699 morte
1705 1669 1779 1709 ipsa

1070 1720 1219 1751 atrocius
1232 1725 1353 1750 notant
1369 1719 1569 1759 Hieronymi
1584 1719 1700 1749 verba.

1114 1771 1227 1802 Mistis
1242 1769 1328 1809 telis]
1355 1770 1394 1800 In
1412 1769 1498 1807 acie,
1514 1767 1677 1805 conflictu
1692 1769 1779 1800 mili-

1070 1821 1147 1853 tari.
1192 1821 1280 1852 Telo
1310 1820 1399 1851 enim
1432 1818 1611 1851 Carnificis
1641 1818 1778 1851 cecide-

1070 1876 1162 1902 runt.
1187 1871 1304 1902 Barth.

1113 1925 1154 1954 83
1178 1921 1305 1953 Amissa
1335 1920 1448 1960 specie,
1465 1920 1567 1960 raptis
1588 1920 1777 1961 insignibus]

1071 1972 1192 2004 Pacati
1211 1971 1316 2003 verba
1332 1980 1404 2001 rem
1430 1970 1472 2001 ob
1496 1970 1610 2001 oculos
1634 1975 1778 2011 ponunt,

1071 2025 1105 2056 in
1121 2025 1266 2056 Maximi
1282 2033 1363 2054 sane
1379 2021 1573 2054 miseranda
1588 2021 1700 2053 clade.

1115 2075 1231 2116 Raptis
1250 2073 1439 2114 insignibus]
1461 2073 1621 2114 Purpura
1643 2071 1779 2113 Augus-

1071 2125 1145 2165 tali,
1162 2136 1239 2167 quae
1268 2125 1352 2156 adeo
1375 2127 1494 2155 sancta
1517 2127 1604 2162 erat,
1630 2126 1669 2154 ut
1689 2122 1779 2163 prio-

1071 2187 1143 2208 rum
1163 2177 1354 2218 principum
1372 2179 1548 2216 gestarent
1559 2174 1779 2215 posteriores.

1071 2228 1126 2259 Sic
1140 2228 1366 2259 Constantino
1390 2227 1560 2267 quondam
1577 2229 1671 2265 apta,
1685 2224 1780 2255 indu-

1071 2281 1142 2308 tum
1159 2278 1318 2318 auspiciis
1337 2277 1475 2317 Imperii
1491 2275 1718 2307 Theodosium
1736 2284 1779 2306 ex

1070 2327 1179 2368 magis
1195 2327 1315 2368 priscis
1333 2327 1453 2358 scribit
1469 2326 1619 2357 Michael
1638 2326 1778 2366 Glycas.

1114 2376 1309 2416 Insignibus]
1344 2375 1497 2416 Imperii.
1533 2375 1647 2405 Certis
1676 2375 1778 2415 notis,

1071 2427 1192 2469 quibus
1219 2427 1262 2458 ab
1278 2426 1468 2457 hominibus
1489 2425 1640 2456 homines
1652 2425 1778 2457 vdistin-

1070 2483 1228 2518 guantur.
1259 2476 1475 2516 Dignitatem
1488 2476 1717 2507 monstrantia
1732 2475 1780 2507 in-

1070 2527 1172 2567 dicia,
1183 2527 1248 2558 hoc
1266 2526 1400 2556 nomine
1416 2531 1611 2556 censentur.
1648 2526 1779 2565 Florus,

1069 2577 1126 2610 lib.
1143 2587 1165 2608 1.
1181 2577 1191 2593 ‘
1205 2576 1416 2617 Insignibus,
1433 2576 1554 2617 quibus
1583 2575 1681 2616 regni
1703 2575 1777 2617 dig-

1070 2628 1160 2658 nitas
1177 2625 1333 2658 eminet!
1359 2627 1476 2657 Barth.

1111 2680 1152 2708 84
1177 2677 1216 2708 ln
1235 2677 1337 2707 vultus
1361 2677 1480 2707 rediere
1499 2675 1584 2716 suos]
1619 2675 1721 2706 Alter
1742 2674 1778 2706 in

1069 2727 1306 2765 Grammatici,
1320 2731 1358 2757 ut
1381 2726 1475 2757 vides
1491 2727 1525 2757 in
1549 2727 1705 2765 Socrate,
1718 2724 1777 2756 lib.

1071 2788 1105 2810 v.
1116 2781 1169 2811 24.
1193 2777 1294 2809 Alter
1306 2777 1340 2808 in
1358 2786 1483 2817 vernae,
1497 2775 1670 2818 armigeri,
1685 2774 1780 2815 Uxoe,
