1852 3182
600 204 820 234 EPIGRAM
831 204 982 233 MATA.

1406 194 1517 237 1141

693 371 889 420 LXIV.

484 519 555 561 14.
612 519 696 558 ETI
725 519 848 557 ΠΕΡΙ
876 518 1072 559 ΑΥΤΟΥ.

115 637 195 674 Εἶπ’
215 639 286 685 ἄγε
304 654 379 687 μοι,
402 639 620 687 κρύσταλλε,
642 641 732 690 λίθῳ
752 642 1037 688 πεπυκασμένον
1053 637 1159 687 ὕδωρ,

160 701 227 738 Τίς
246 706 380 747 πῆξει’;
411 702 556 751 Βορέης·
586 704 606 747 ἦ
628 706 679 739 τίς
697 704 829 746 ἔλυσε;
858 701 987 739 Νότος.

531 821 708 859 ΕΤΙΑΜ
739 821 812 858 DE
843 820 1050 858 EADEM.

101 926 163 956 Dic
189 935 247 962 age
273 926 360 966 mihi,
380 927 544 967 Crystalle,
567 928 597 957 in
614 925 715 966 lapide
730 926 859 956 densata
875 935 963 964 aqua,
979 924 1049 965 quis
1063 923 1202 955 densat-it
1219 923 1275 954 te?
1303 921 1443 954 Boreas:
1466 924 1521 953 aut

59 969 126 1008 quis
141 969 266 1000 resolvit
285 974 318 1000 te
332 969 344 999 ?
378 971 490 1001 Notus.

718 1031 859 1062 NOTAE

101 1100 114 1128 1
144 1097 346 1138 Κρὺσταλλε]
379 1098 434 1129 Sic
460 1098 522 1128 hoc
541 1098 760 1137 Epigramma

57 1147 209 1179 traduxit
235 1148 415 1179 Barthius:
442 1148 510 1178 Dic
529 1157 588 1186 age
609 1148 651 1177 mi
669 1147 760 1188 Crys-

56 1199 140 1236 talle,
179 1199 263 1229 latex
297 1199 484 1239 lapidescere
514 1199 638 1237 jussus:
681 1200 760 1234 Quis

53 1250 182 1280 strinxit
194 1248 208 1281 ’.ἲ
232 1251 359 1282 Boreas.
407 1251 466 1281 Cui
480 1248 638 1281 resoluta?
664 1251 756 1282 Noto.

55 1300 102 1331 At
118 1299 164 1330 sic
183 1300 378 1332 Chaverius:
417 1301 496 1336 Quis
511 1301 606 1341 lapidi
629 1304 758 1340 cognate

54 1351 139 1382 latex
154 1355 185 1381 te
201 1352 355 1391 stringere
371 1353 469 1391 quirit
487 1352 583 1381 Parte
595 1350 667 1382 sni!
692 1352 756 1382 Bo-

53 1410 132 1431 reas.
157 1401 235 1436 Quis
249 1400 396 1431 soluisse!
423 1401 533 1431 Notus.
567 1400 756 1440 ltanenipe

54 1456 107 1482 est
124 1451 241 1483 Po'tsstae
261 1462 366 1489 nieuw,
396 1457 432 1482 ut
449 1451 541 1482 dicat
558 1452 757 1490 crystallum

54 1511 150 1542 posse
167 1501 318 1533 indurari
336 1507 370 1534 et
386 1503 477 1533 velut
493 1501 706 1542 lapidescere
723 1501 755 1532 vi

813 1096 936 1126 Boreae
962 1095 1056 1126 venti
1081 1094 1293 1135 frigidioris:
1318 1099 1353 1124 et
1378 1093 1519 1134 glaciem

813 1145 917 1185 illam,
949 1146 1038 1176 unde
1068 1144 1141 1176 fieri
1172 1150 1287 1187 potest
1323 1144 1519 1185 crystallus,

814 1205 911 1236 posse
937 1196 1058 1226 resolvi
1075 1206 1094 1226 a
1112 1195 1204 1227 Noto
1227 1201 1329 1227 vento
1354 1195 1466 1226 calido
1483 1200 1519 1226 et

813 1247 971 1286 humido;
996 1256 1060 1277 non
1078 1257 1159 1278 vero
1177 1247 1375 1288 crystallum
1397 1247 1518 1287 ipsam,

813 1298 980 1339 siquidem
1006 1299 1093 1329 dixit
1118 1305 1218 1329 antea
1236 1298 1385 1339 crystalli
1406 1298 1414 1314 ‘
1430 1298 1519 1339 rigo·

813 1359 882 1380 rem
900 1349 1026 1380 solibus
1042 1349 1254 1380 indomitum'
1282 1357 1371 1387 esse,
1386 1357 1425 1379 ac
1442 1357 1518 1388 pro-

812 1399 892 1430 inde
909 1400 1018 1431 minus
1043 1399 1170 1431 domari
1196 1408 1293 1441 posse
1311 1409 1331 1431 a
1346 1399 1440 1430 Noto
1455 1407 1515 1430 seu

812 1450 950 1483 Austro.

704 1665 873 1713 LXV.

524 1790 594 1832 15.

655 1787 793 1827 ΠΡΟΣ
828 1786 1036 1826 ΦΟῙΒΟΝ.

99 1901 226 1940 ’Ἱλαθί
244 1917 318 1952 μοι,
339 1901 426 1952 φίλε
445 1899 573 1948 Φοῖβε,
594 1899 638 1937 σὺ
659 1901 731 1948 γὰρ
751 1900 819 1935 θοὰ
838 1900 924 1945 τόξα
943 1902 1118 1936 τιταίνων

105 1965 290 2014 Ἐβλήθης
308 1967 362 2004 ἐπ’
382 1967 510 2016 ἔρωτος
528 1966 587 2002 ὑπ’
605 1965 844 2013 ὠκυπόροισιν
864 1963 1033 2012 ὀΐστροις.

607 2057 665 2094 IN
695 2055 959 2094 PHOEBUM.

467 2130 859 2164 INTERPRETATIO
884 2128 1093 2162 POETICA

334 2198 446 2236 Parce,
469 2207 486 2227 o
510 2196 622 2227 Phoebe
642 2199 750 2236 pater:
773 2195 885 2225 velocia
907 2202 1036 2233 namque
1057 2192 1230 2224 vibrantem

332 2240 406 2271 Tela
430 2240 548 2280 Cupido
562 2239 677 2277 furens
699 2238 791 2269 celeri
813 2241 844 2268 te
866 2237 999 2278 perculit
1022 2239 1125 2268 aestro.

491 2324 881 2358 INTERPRETATIO
907 2322 1066 2355 PROSA

58 2420 61 2422 .
93 2390 144 2421 Sis
169 2389 248 2422 mihi
265 2390 445 2432 propitius,
465 2399 545 2421 care
566 2389 708 2431 Phoebe,
731 2393 770 2421 tu
790 2389 878 2430 enim
894 2388 1026 2420 velocIa
1037 2387 1154 2429 jacula
1169 2385 1312 2418 mittens
1328 2395 1509 2428 percussus

52 2441 87 2464 es
106 2433 148 2465 ab
166 2433 293 2466 Amore
316 2432 488 2465 velocibus
512 2433 659 2474 sagittis.

662 2516 800 2528 eeeeee

802 2515 898 2527 ccccc

348 2565 368 2594 2
391 2561 523 2603 ὂΐστροις
539 2562 660 2594 Heius.
677 2561 792 2593 ὀϊστοῖς
810 2561 915 2593 Gesn.
931 2563 967 2591 et
979 2559 1034 2591 ed.
1051 2558 1193 2600 Bipont.

704 2645 848 2678 NOTAE

94 2711 113 2739 2
137 2707 301 2751 Ἔβλήθης]
333 2712 426 2744 Hinc
450 2711 613 2744 Ovidius:
649 2712 658 2730 ‘
675 2711 751 2743 Pri-

50 2767 123 2791 mus
155 2769 247 2792 amor
273 2761 395 2793 Phoebi
427 2763 575 2805 Daphne
603 2761 748 2803 Peneia,

803 2719 902 2753 quem
915 2719 982 2741 non
991 2709 1075 2740 Fors
1088 2707 1204 2749 ignara
1216 2705 1325 2745 dedit,
1340 2705 1400 2736 sed
1413 2714 1502 2735 saeva

804 2759 982 2802 Cupidinis
1017 2760 1068 2790 ira
1073 2780 1130 2791 .....
1134 2758 1234 2798 Figat
1263 2761 1341 2788 tuus
1380 2754 1503 2796 omnia,
