1851 3213
251 194 368 241 1176
704 206 779 238 cn.

812 205 1097 237 CLAUDIANI
1131 205 1271 236 XCVI.

359 302 438 340 Καὶ
460 303 576 351 γόνον
595 305 867 341 αὖτοτέλεστον
885 302 1128 354 ἂνυμφείιτων
1147 302 1338 353 ὑμεναίων

361 365 517 411 Στήσας,
536 365 743 415 Ἀσσυρίης
763 376 893 414 γενεῆς
913 368 1132 416 ἑτερόφρονα
1152 369 1313 412 λύσσαν,

351 428 497 480 Ὀργια
518 429 546 467 δ’
567 430 733 467 εἰδώλων
752 437 890 467 κενεῶν
910 430 1136 478 ψευδώνυμα
1155 430 1288 476 λύσας,

357 493 518 544 Αἶθέρος
538 493 800 545 ἀμφιβέβηκας
821 495 875 544 ἐφ’
893 495 986 531 ἑπτά

355 557 603 606 Ἀγγελικαῖς
623 558 872 606 πτερύγεσσιν
891 560 932 595 ἐν
951 560 1139 608 ἀῤῥὴνοισι
1159 561 1350 596 θαάσσων·

1018 510 1114 530 ωνον
1132 495 1246 545 ὀχῆα,

1666 557 1722 596 10

351 624 480 663 Ἵλαθι
500 627 746 674 παγγενέταο
766 624 864 663 Θεοῦ
883 624 1091 674 πρεσβήϊον
1112 626 1230 675 ὄμμα,

359 688 497 739 Φρουρὲ
515 689 615 737 βίου,
639 698 753 739 σῶτερ
773 693 958 740 μερόπων,
978 693 1109 728 αἰῶνος
1128 692 1320 726 ἀνάσσων.

672 797 688 826 I
696 794 1064 827 NTERPRETATIO
1090 793 1301 824 POETICA

513 859 577 894 Qui
597 858 768 898 jam-sectam
790 860 824 888 in
847 861 878 888 te
901 860 1053 888 monstras
1074 857 1141 887 sine
1163 857 1294 896 conjuge
1312 857 1451 896 prolem;

514 901 628 931 Gentis
650 905 679 931 et
703 901 845 941 Assyriae
867 900 985 930 rabiem
1009 903 1040 930 et
1062 900 1221 930 contraria
1244 903 1329 939 vota,

516 944 661 984 Iff‘anaque
675 943 831 981 falsorum.
853 944 961 983 procul
983 943 1070 980 ejicis
1091 942 1181 981 orgia
1208 942 1341 981 Dirum,

513 986 660 1017 Invectus
680 986 920 1026 septemgemino
943 996 1034 1026 super
1057 986 1174 1015 oethera
1196 995 1300 1022 curru,

512 1029 740 1069 Angelicasque
762 1039 914 1069 premens,
937 1039 994 1058 non
1011 1028 1115 1066 fanda
1136 1027 1259 1065 sedilia,
1280 1036 1412 1067 pennas,

517 1073 579 1103 Eia
594 1072 682 1110 fare,
706 1072 867 1112 antiquum
890 1073 993 1101 lumen
1018 1071 1129 1101 Patris
1150 1070 1382 1110 omniparentis,

515 1115 627 1145 Custos
649 1115 734 1153 rim,
759 1115 972 1154 hominumque
995 1114 1091 1151 salus,
1114 1117 1206 1153 atque
1229 1113 1348 1143 arbiter
1363 1112 1433 1143 oevi.

701 1205 717 1235 Ι
725 1204 1088 1236 NTERPRETATIO
1120 1204 1241 1235 PROS
1248 1203 1277 1234 A

258 1269 337 1300 dum
368 1278 466 1308 onus,
501 1274 537 1299 et
571 1269 703 1309 prolem
734 1269 767 1299 in
800 1278 834 1299 se
871 1268 1062 1309 perfectam
1102 1268 1246 1308 virginei
1272 1267 1481 1298 matrimonii
1507 1266 1732 1308 constituisti,

257 1312 410 1352 Assyriae
429 1312 539 1352 gentis
556 1313 655 1342 aliter
680 1312 886 1342 sentientem
905 1311 1045 1349 rabiem,
1068 1316 1103 1341 et
1130 1321 1227 1341 sacra
1255 1310 1431 1341 Idolorum
1456 1319 1620 1341 vanorum
1644 1310 1730 1343 falsa

258 1355 461 1393 dissolvens,
486 1355 571 1385 Coeli
589 1355 777 1385 ascendisti
800 1354 841 1384 ad
859 1354 1163 1394 septemgeminam
1180 1358 1330 1393 portam,
1353 1353 1386 1382 in
1408 1352 1584 1392 Angelicis
1600 1354 1662 1385 alis
1678 1354 1728 1384 in·

256 1397 405 1428 numeris
421 1408 500 1428 mmc
517 1397 660 1428 sedens:
688 1396 778 1436 fave,
791 1407 808 1426 o
832 1396 1080 1439 omniparentis
1099 1395 1169 1426 Dei
1186 1396 1345 1436 antiquus
1362 1396 1493 1436 oculus,
1509 1400 1623 1426 custos
1638 1396 1731 1437 vitaz,

258 1444 412 1472 servator
427 1440 634 1479 mortalium,
658 1440 860 1471 saeculorum
886 1449 958 1470 rex.

924 1525 1069 1557 NOTAE

256 1589 364 1629 glum!
390 1588 510 1627 Isaias,
544 1590 553 1605 ‘
568 1588 680 1620 Dabit
703 1589 870 1620 Dominus
893 1589 967 1630 ipse

257 1640 354 1671 vobis
370 1638 526 1679 signum.'

301 1693 321 1720 6
345 1688 562 1729 Ἀνυμφεύτων
579 1688 741 1729 ὑμεναίων]
769 1690 968 1721 [Matrimonii

258 1740 395 1779 virginei
407 1751 417 1771 .·
443 1741 549 1780 Virgo
566 1740 655 1770 enim
671 1741 802 1780 Joseph
818 1740 968 1771 habebat

260 1791 452 1831 conjugem,
477 1791 537 1821 sed
563 1795 638 1821 erat
662 1791 755 1831 quasi
785 1790 858 1821 sine
889 1800 968 1821 con-

255 1841 352 1881 juge,
386 1840 552 1881 siquidem
576 1840 585 1856 ‘
602 1841 707 1871 virum
731 1850 800 1871 non
826 1849 968 1880 coguos-

259 1891 357 1922 cebat
369 1891 388 1922 :⁵
406 1896 440 1921 et
454 1893 462 1908 ‘
474 1891 578 1932 Virgo
589 1892 753 1932 concepit
764 1896 799 1922 et
813 1891 970 1932 peperit.’

302 1944 321 1972 7
337 1940 515 1982 Ἀσσυρίης]
532 1942 650 1973 Ionice
664 1952 725 1982 pro
738 1941 911 1983 Ἀσσυρίας.
928 1942 971 1972 In

260 1994 370 2024 veteri
388 1994 608 2024 Testamento
625 1993 757 2033 Assyrii
777 1994 904 2034 passim
921 1993 971 2024 di-

260 2047 385 2074 cuntur
400 2043 515 2074 hostes
534 2044 648 2084 populi
670 2044 749 2082 Dei,
763 2049 868 2085 atque
885 2043 971 2074 adeo

259 2093 469 2125 Idololatrae.
496 2093 670 2133 Ieremias,
687 2095 696 2110 ‘
710 2094 802 2128 Quid
816 2094 878 2126 tibi
893 2104 969 2125 cum

263 2144 317 2175 via
334 2143 576 2185 Ass)·1·i0rum‚’
592 2146 654 2176 &e.

305 2198 325 2225 8
342 2194 471 2235 Ὄργια]
499 2196 554 2226 De
570 2195 621 2226 his
638 2205 753 2235 supra.

303 2249 323 2277 9
333 2245 530 2286 Ἑπτάζωνον
545 2246 642 2288 ὀχῆα]
653 2246 779 2288 Ὀχεὺς,
795 2246 898 2288 ὀχέος,
916 2248 969 2279 vel

261 2296 368 2336 ὂχῆος,
392 2298 606 2337 retinaculum,
630 2299 740 2338 lorum,
763 2303 799 2329 et
822 2298 871 2330 sic
888 2309 970 2340 quo·

261 2349 443 2381 dammodo
459 2351 617 2391 usurpari
642 2355 758 2391 potest
782 2361 843 2391 pro
867 2361 971 2391 curru,

262 2410 340 2442 pars
370 2410 432 2442 pro
456 2405 529 2432 toto
543 2411 550 2431 :
585 2402 641 2432 vel
668 2399 761 2441 ὀχεὺς
787 2406 840 2432 est
862 2401 970 2440 vecti&

262 2452 404 2493 pessulus
426 2455 540 2492 portoe,
564 2455 599 2482 et
617 2451 665 2482 sic
682 2461 743 2492 pro
760 2457 860 2492 porta
876 2451 970 2492 poui-

263 2507 332 2542 tur,
349 2512 428 2544 pars
443 2502 545 2533 etiam
561 2512 623 2542 pro
640 2506 723 2533 toto.
770 2501 860 2532 Hinc
884 2501 971 2532 bifa-

263 2553 344 2585 riam
361 2554 472 2584 locum
490 2553 579 2583 hunc
595 2552 807 2593 explicamus
824 2563 831 2583 :
857 2552 971 2583 Ascen-

262 2604 312 2635 dis
323 2605 363 2635 ad
379 2607 502 2643 portam
519 2603 598 2634 Coelz'
616 2602 902 2643 septemgeminam,
917 2602 972 2633 vel

264 2653 520 2686 circumambulas
533 2664 588 2694 per
605 2654 722 2684 Coelum
737 2662 832 2684 curru
845 2655 974 2692 septem-

262 2706 396 2745 gemino.
453 2704 495 2735 Id
526 2704 616 2746 quod
646 2703 773 2735 dieitur
801 2713 821 2734 a
849 2702 972 2742 Poeta,

266 2755 357 2797 quod
373 2765 530 2787 numerus
548 2755 605 2786 ille
621 2753 835 2796 septenarius
856 2753 970 2794 magni

1021 1588 1083 1619 fiat
1100 1588 1133 1618 in
1148 1588 1251 1619 Sacra
1267 1587 1462 1628 Scriptura.
1508 1586 1631 1618 Mundi
1642 1596 1734 1618 crea-

1024 1639 1107 1671 tioni
1128 1638 1230 1670 finem
1249 1638 1412 1680 imposuit
1429 1639 1538 1677 Deus,
1561 1637 1570 1655 ‘
1585 1637 1640 1669 die
1657 1646 1734 1678 sep-

1023 1691 1123 1721 timo:
1149 1689 1258 1721 Jacob
1276 1689 1395 1720 serviit
1411 1693 1542 1729 septem
1559 1689 1654 1720 annis
1672 1697 1733 1729 pro

1024 1740 1169 1770 Rachel:
1199 1739 1371 1770 Abraham
1390 1740 1513 1771 statuit
1528 1744 1660 1780 septem
1678 1748 1736 1780 ag-

1022 1799 1106 1821 nos:
1130 1794 1262 1830 septem
1280 1789 1384 1820 millia
1405 1789 1568 1830 assignati
1590 1789 1626 1820 in
1652 1788 1734 1820 bea-

1023 1840 1144 1871 titate:
1169 1840 1257 1870 oculi
1275 1840 1350 1880 ejus
1369 1844 1449 1870 sunt
1474 1834 1734 1879 septemplices:

1023 1895 1156 1932 septem
1186 1891 1298 1931 plagae
1328 1896 1464 1931 septem
1494 1888 1733 1931 Angelorum,'

1025 1943 1090 1973 διο.
1135 1941 1202 1972 Sed
1217 1945 1253 1972 et
1269 1951 1332 1982 per
1348 1939 1526 1980 ἑπτάζωνον
1540 1940 1737 1980 intelligun-

1027 1997 1083 2023 tur
1100 1996 1231 2033 septem
1250 1991 1399 2032 cingula‚
1421 1996 1553 2032 septem
1578 1991 1738 2030 virtutes,

1026 2047 1159 2084 septem
1190 2042 1302 2081 dotes,
1329 2041 1451 2082 quibus
1481 2050 1553 2071 sese
1578 2039 1735 2071 Christus

1026 2094 1144 2125 vestiit
1170 2097 1273 2135 atque
1302 2093 1467 2124 involvit:
1504 2101 1564 2122 seu
1602 2094 1735 2132 septem

1023 2145 1112 2176 dona
1121 2145 1269 2186 Spiritus
1279 2144 1411 2183 Sancti,
1426 2143 1468 2174 de
1481 2142 1602 2185 quibus
1615 2145 1734 2181 antea;

1024 2201 1061 2228 et
1089 2206 1165 2238 quae
1192 2195 1326 2227 faciunt
1358 2202 1395 2226 ut
1424 2194 1582 2226 Ecclesia
1621 2199 1736 2234 canat,

1025 2248 1034 2264 ‘
1050 2247 1100 2278 Tu
1115 2246 1328 2287 septiformis
1352 2243 1518 2276 munere!

1062 2301 1103 2329 10
1114 2298 1318 2336 Ἀ’γὙελικαῖς
1328 2294 1552 2337 πτερύγεσσιν]
1565 2294 1738 2335 Ezechiel,

1025 2350 1034 2366 ‘
1052 2349 1201 2389 Egressa
1221 2353 1275 2380 est
1297 2348 1404 2389 gloria
1429 2346 1569 2378 Domini
1584 2356 1604 2377 a
1617 2345 1736 2377 limine

1026 2399 1160 2440 templi,
1175 2403 1211 2430 et
1228 2399 1328 2430 stetit
1352 2408 1455 2439 super
1472 2397 1676 2437 Cherubim5
1699 2400 1736 2428 et

1026 2449 1198 2480 elevantia
1229 2448 1415 2480 Cherubim
1447 2449 1517 2479 alas
1544 2446 1644 2488 suas,'
1664 2449 1735 2481 ἃς.

1026 2500 1060 2531 S.
1091 2500 1237 2530 Petrus:
1272 2499 1282 2515 ‘
1309 2498 1464 2530 Christus
1493 2497 1669 2539 profectus
1701 2498 1736 2529 in
1792 2514 1793 2517 =

1027 2551 1158 2582 Coelum
1189 2550 1354 2591 subjectis
1383 2550 1446 2581 sibi
1476 2548 1642 2590 Angelis,'
1669 2550 1736 2582 &c.

1026 2600 1096 2632 Sed
1109 2605 1147 2631 et
1162 2601 1317 2632 Christus
1345 2601 1354 2617 ‘
1370 2600 1522 2631 ambulat
1534 2609 1639 2641 super
1655 2610 1738 2642 pen-

1027 2661 1086 2682 nas
1099 2651 1300 2691 ventorum‚’
1317 2661 1360 2682 ex
1377 2651 1513 2683 Davide
1526 2652 1634 2692 Rege.

1072 2704 1110 2733 11
1135 2700 1310 2743 Πρεσβήῖον
1325 2700 1425 2744 ὄμμα]
1458 2701 1615 2734 Christus
1631 2706 1685 2735 est
1699 2712 1735 2734 o-

1025 2753 1122 2786 culus
1149 2753 1323 2795 antiquus,
1352 2752 1407 2785 vel
1437 2752 1552 2793 potius
1581 2755 1734 2785 aeternus
