1851 3213
304 194 419 236 1138
766 205 844 236 cn.
875 204 1157 236 CLAUDIAM
1193 204 1299 234 th.

305 300 424 342 Mira
446 301 571 350 silex,
591 300 813 354 mirusque
835 300 973 348 latex,
996 301 1070 353 qui
1090 299 1269 340 flumina
1288 298 1442 348 vincit,

364 368 463 410 Nec
486 369 602 422 lapis
622 372 689 409 est
709 369 876 417 merito,
900 368 1018 421 quod
1037 369 1146 417 fluit,
1169 371 1212 408 et
1231 367 1346 420 lapis
1368 370 1450 407 est.

301 472 480 511 contrariis,
493 472 544 502 die
557 472 714 502 excitante
723 471 833 509 frigus
848 481 993 502 arcanum
1006 470 1021 503 ζ)
1064 471 1161 510 Lapis
1175 470 1369 501 admirabilis
1388 473 1454 508 est,
1475 472 1505 500 et
1520 469 1618 509 liquor
1633 468 1771 500 admira·

304 515 386 555 bilis,
402 515 454 556 qui
471 515 592 553 colligat
603 514 729 555 fluviae,
744 524 838 555 neque
853 516 963 545 merito
979 524 1070 554 rupes
1084 516 1141 554 est,
1155 513 1316 554 quaefluz't,
1333 516 1362 544 et
1380 518 1494 544 tamen
1508 521 1601 552 rupes
1614 514 1671 542 est.

936 596 1154 607 eeeeeeeeeee

306 652 400 680 cens.
418 652 469 682 pr.
493 642 576 672 diem
594 642 715 673 Petav.
733 644 865 672 sec.—-7
901 641 976 681 quid
993 641 1131 682 flumina
1150 641 1299 672 Florent.
1323 644 1353 671 et
1368 640 1506 681 flumina
1521 639 1602 671 Vat.
1619 647 1671 679 pr.
1687 638 1770 670 Vat.

304 685 414 717 Livin.
432 684 592 715 Heinsius
610 685 752 725 conjicit
791 685 877 715 Mira
890 685 981 722 silex,
996 684 1150 723 mirusque
1165 683 1278 714 latex!
1311 683 1534 723 quodflumina
1549 682 1668 720 vinxit,
1699 680 1774 712 Fert

305 728 418 768 lapidis
434 727 553 758 merito.
572 730 649 767 qnod
666 727 757 767 fluit,
784 731 829 757 est
846 727 1026 757 laticis.—S
1061 725 1122 756 Sed
1140 726 1256 766 lapides
1273 726 1353 756 Vat.
1372 736 1423 764 pr.
1460 726 1504 756 Et
1520 725 1631 756 merito
1656 724 1776 764 lapides

305 771 382 802 Pal.
399 770 464 800 duo
483 769 576 801 Med.
602 771 645 800 Et
659 770 776 810 lapides
792 770 902 799 merito
920 767 1039 798 Amhr.
1056 777 1107 807 pr.
1125 768 1205 798 Vat.
1222 768 1329 798 Livin.
1362 769 1405 798 Et
1421 768 1500 807 lapis
1515 772 1544 798 et
1562 767 1674 798 merito
1690 766 1773 798 Put.

307 813 352 844 Et
366 813 444 852 lapis
459 816 504 842 est
520 813 586 842 duo
602 812 696 842 Vatt.
711 813 804 842 Rott.
823 810 932 841 Oisel.
950 809 1058 840 Hafn.
1074 809 1187 841 Oxon.
1205 819 1273 841 sec.
1307 810 1407 850 liquor
1433 819 1496 851 pro
1513 810 1594 850 lapis
1609 810 1688 840 Var.
1703 809 1774 841 LL.

307 856 361 886 ed.
381 856 486 885 Antv.
501 864 545 885 m.
562 864 628 885 sec.
652 853 804 894 quoefluz't
820 852 941 884 Ambr.
961 856 1043 883 tert.

973 936 1112 968 NOTAE

307 1014 379 1036 ram
397 1008 533 1044 sugunt,
550 1003 666 1045 sicque
684 1002 904 1034 deluduntur.
1068 1001 1232 1032 Heinsius
1257 999 1412 1041 conjicit,
1434 1001 1524 1032 Mira
1546 1001 1637 1039 silex,
1667 1000 1784 1031 mirus-

351 1057 369 1085 5
393 1054 472 1094 Iris]
496 1054 538 1084 In
555 1054 718 1094 crystallo
741 1058 887 1093 apparet
911 1051 1013 1083 Iridis
1067 1062 1124 1092 que
1150 1051 1260 1083 latex!
1295 1053 1374 1091 quod
1390 1050 1530 1091 flumina
1557 1050 1676 1089 vinxit,
1700 1051 1778 1083 Fert

307 1104 430 1144 imago,
445 1104 489 1134 ob
506 1104 618 1134 varios
635 1104 777 1134 colores.
1070 1102 1184 1141 lapidis
1212 1101 1343 1132 merito.-
1375 1102 1453 1141 quod
1471 1101 1565 1141 fluit,
1587 1104 1633 1132 est
1663 1101 1778 1133 laticis.

351 1156 372 1184 6
394 1153 577 1184 Solicitante
594 1153 660 1193 die]
683 1153 724 1183 In
750 1153 807 1183 illa
822 1152 925 1183 Iridis
941 1161 1014 1192 spe·
1070 1152 1177 1183 Quasi
1208 1151 1355 1190 diceret,
1387 1151 1476 1192 quod
1505 1161 1626 1192 aquam
1655 1151 1778 1191 vinxit,

308 1204 372 1245 cie,
394 1204 465 1235 dies
494 1205 638 1243 excitat,
664 1204 816 1234 ostendit
832 1204 900 1234 vim
923 1213 1015 1234 arca·
1072 1201 1292 1233 tribuendum
1319 1206 1372 1232 est
1400 1201 1504 1241 lapidi
1537 1202 1582 1231 ila
1609 1202 1779 1241 merenti;

306 1263 385 1285 nam
401 1254 530 1294 hyemis
549 1258 584 1284 et
598 1253 848 1294 f1·ig0=·is,quod
866 1254 1015 1293 glaciem
1071 1251 1160 1292 quod
1198 1250 1286 1290 fluit,
1321 1251 1557 1282 ascribendum
1589 1255 1643 1282 est
1673 1251 1781 1283 latici.

309 1313 368 1335 seu
385 1305 584 1344 crystallum
600 1304 787 1336 induravit.
1072 1303 1104 1333 S.
1123 1302 1336 1341 Augustinus
1354 1301 1387 1331 in
1404 1301 1533 1331 Psalm.
1551 1303 1625 1331 147.
1660 1301 1669 1317 ‘
1687 1301 1779 1333 Quid

355 1357 374 1384 8
399 1355 465 1384 Nec
481 1354 560 1392 lapis
581 1353 640 1393 est]
677 1354 787 1384 Gutta
802 1353 860 1384 illa
876 1353 909 1383 in
927 1362 1019 1392 crys-
1073 1357 1126 1382 est
1152 1362 1233 1391 ergo
1258 1350 1478 1391 crystallum?
1509 1350 1567 1380 nix
1591 1355 1644 1380 est
1671 1351 1781 1391 glacie

309 1404 394 1434 tallo
411 1413 486 1444 quae
502 1402 591 1438 fluit,
606 1412 672 1433 non
690 1407 744 1433 est
758 1403 857 1443 lapis,
873 1407 909 1433 et
933 1402 1019 1442 lapis
1073 1401 1197 1432 durata
1210 1410 1273 1441 per
1285 1401 1408 1431 multos
1425 1410 1544 1440 annos,
1557 1401 1606 1431 ita
1622 1405 1661 1432 ut
1677 1411 1696 1432 a
1709 1402 1781 1433 sole

311 1459 427 1485 tamen
465 1457 531 1494 est,
570 1453 648 1495 quia
685 1453 795 1494 glacie
830 1452 1020 1485 concrevit.
1073 1453 1129 1483 vel
1145 1452 1224 1494 igne
1240 1451 1343 1484 facile
1361 1450 1499 1483 dissolvi
1514 1461 1581 1483 non
1598 1451 1729 1492 possit-³

976 1634 1127 1682 LXI.

850 1775 921 1816 11.
983 1773 1237 1816 ALITER.

314 1882 435 1926 DUM
453 1883 663 1938 crystalla
680 1895 787 1937 puer
806 1883 1049 1935 contingere
1068 1883 1240 1924 lubrica
1258 1883 1434 1937 gaudet,

371 1950 429 1993 Et
449 1951 639 2004 gelidum
663 1955 814 1992 tenero
837 1950 1000 2003 pollice
1021 1954 1168 1991 versat
1187 1964 1321 2003 onus3

311 2019 440 2061 Vidit
459 2019 691 2073 perspicuo
713 2018 955 2072 deprensas
976 2031 1190 2058 marmore
1213 2017 1464 2072 NymphaS,

370 2087 497 2128 Dura
522 2088 680 2139 quibus
702 2086 808 2126 solis
831 2099 1010 2139 parcere
1031 2086 1156 2128 novit
1175 2086 1352 2140 hyems:

329 2188 332 2192 ’
356 2196 445 2227 Dum
458 2206 535 2236 puer
551 2197 677 2226 loetatur
690 2199 820 2234 tangere
841 2197 989 2236 crystalla
997 2196 1151 2236 fragilia,
1165 2199 1195 2227 et
1210 2196 1308 2228 vertit
1319 2198 1438 2237 pondus
1452 2195 1536 2227 illud
1544 2196 1707 2237 frigidum
1719 2200 1784 2239 pol-

317 2238 376 2270 tice
390 2240 511 2278 tenello,
528 2239 638 2278 aspicit
655 2239 796 2279 lymphas
809 2239 942 2270 inclusas
957 2239 989 2270 in
1015 2240 1118 2280 lapide
1134 2240 1263 2280 liquido,
1277 2239 1386 2280 quibus
1400 2240 1471 2270 unis
1487 2239 1592 2280 hyems
1604 2250 1713 2281 aspera
1723 2243 1784 2273 scit

931 2324 947 2333 ι
955 2322 1164 2333 eeeeeeeeeee

357 2378 376 2406 l
400 2377 548 2415 crystalla
564 2376 644 2407 Vat.
662 2386 714 2416 pr.
742 2377 800 2417 qui
828 2381 865 2408 et
892 2377 994 2407 lurida
1012 2386 1074 2417 pro
1098 2376 1215 2407 lubrica
1239 2377 1452 2409 exhibet.—2
1475 2379 1588 2409 elidum
1614 2383 1684 2411 vet.
1698 2380 1784 2413 cod.

315 2416 422 2449 Hafn.
433 2417 524 2448 unde
540 2427 581 2448 m.
595 2428 662 2448 sec.
680 2418 808 2449 factum
824 2419 1070 2450 Heliadum—3
1090 2420 1291 2460 ...perspicuo
1302 2421 1426 2452 omissa
1438 2431 1520 2452 voce
1536 2422 1624 2452 Vidit
1634 2423 1713 2454 Vat.
1731 2432 1784 2463 pr.

310 2460 474 2501 prospicuo
493 2461 563 2490 Pal.
589 2461 653 2491 inc.
670 2461 793 2492 Heius.
811 2462 925 2492 Oxou.
951 2472 1018 2492 sec.
1040 2465 1186 2502 perpetuo
1203 2463 1283 2493 Vat.
1300 2469 1412 2504 quart.
1443 2465 1602 2504 depressas
1619 2465 1700 2497 Var.
1714 2465 1784 2497 LL.

314 2502 369 2534 ed.
385 2502 489 2533 Antv.
513 2505 660 2542 deprenso
680 2504 756 2534 Vat.
774 2509 855 2534 tert.
874 2505 979 2535 Oisel.
997 2505 1150 2536 Florent.
1167 2503 1284 2535 Ambr.
1303 2515 1354 2545 pr.
1371 2506 1493 2537 Petav.
1511 2517 1580 2537 sec.
1604 2509 1785 2547 deprensam

315 2545 411 2577 Med.
429 2555 496 2576 sec.
531 2546 688 2586 deprensae
702 2547 782 2577 Vat.
809 2556 861 2587 pr.
894 2548 1040 2587 daprense
1058 2547 1152 2578 Med.
1181 2557 1250 2578 sec.
1287 2549 1592 2588 deprensoe...mercis
1620 2550 1717 2581 Med.
1732 2559 1783 2590 pr.

976 2631 1120 2664 NOTAE

359 2695 378 2723 3
402 2693 568 2735 Perspicua
592 2694 759 2735 marmore]
781 2695 890 2727 Videt
915 2696 1022 2736 Nym·
1081 2696 1192 2727 clusas
1208 2696 1242 2727 in
1258 2706 1427 2728 marmore
1443 2697 1582 2740 liquido,
1603 2697 1785 2739 pellucido,

317 2743 401 2785 phas
427 2754 487 2777 seu
509 2746 679 2787 Lymphas
701 2745 889 2788 deprensas
913 2751 950 2778 et
971 2747 1021 2778 in·
1075 2746 1140 2780 hoe
1156 2748 1262 2779 estin
1277 2748 1449 2789 crystallo.
