1851 3213
280 202 394 244 1256

327 308 487 349 Tacitique
509 307 656 348 sepultos]
693 306 764 338 Ore
794 307 984 347 conclusos,

280 368 392 401 neque
409 359 487 390 inde
504 359 538 389 in
552 368 650 389 auras
665 358 889 398 prodeuntes.
906 358 984 387 Del-

280 410 341 442 rio.

284 490 288 492 .
322 463 386 491 258
424 458 652 498 Indignarique
680 457 838 496 verentur]
883 458 983 488 Metu

277 512 480 543 delatorum.
526 509 640 540 Metus
664 508 753 538 enim
776 509 874 538 malae
891 508 984 539 necis

277 565 595 601 tormentorumque
608 559 806 590 instantium
825 559 981 590 laetitiam

278 610 407 650 fingere
423 610 526 650 cogit.
550 609 720 641 Caeterum
734 609 981 649 elegantissima

277 660 381 692 etiam
402 661 574 700 scriptura
596 664 660 699 est,
686 669 785 700 quam
808 659 840 689 iu
862 663 980 690 nostro

277 710 406 742 Codice
434 710 582 751 reperio,
611 710 836 750 indignatique.
894 710 980 740 Cum

275 760 366 792 intus
392 761 425 792 in
450 761 519 792 imo
549 765 689 801 pectore
717 760 883 801 indignati
911 759 981 790 fue-

275 811 357 851 rint,
381 811 658 851 circumspiciunt
684 814 719 841 et
745 813 909 840 verentur
939 818 980 839 ne

275 861 349 902 quis
374 861 417 891 sit
444 861 640 891 intimarum
667 861 769 890 etiam
800 858 983 899 cogitatio-

275 920 355 941 num
373 910 518 940 delator.
562 909 679 939 Barth.

529 211 672 243 NOTAE
705 210 974 242 VARIORUM

317 960 544 999 Indignarique
568 959 727 1000 verentur]
756 959 981 1000 Indignatique

275 1010 308 1041 in
325 1010 494 1042 nonnullis
509 1008 684 1040 codicibus
701 1019 708 1038 :
735 1008 823 1050 quod
836 1019 897 1040 cur
910 1011 980 1050 pla-

273 1061 384 1092 cuerit
396 1060 552 1100 Barthio,
569 1069 706 1091 causam
719 1069 785 1090 non
799 1059 907 1091 video.
932 1061 979 1091 D.

275 1111 390 1142 Heins.
667 1146 669 1148 ³

316 1164 380 1192 259
396 1162 441 1192 At
455 1170 516 1191 non
529 1160 736 1201 magnanimi]
761 1161 890 1202 Estque
905 1162 978 1192 haec

274 1213 499 1253 transgressio
515 1212 618 1243 (lucta
634 1222 675 1242 ex
690 1213 843 1252 Lucano,
859 1213 918 1244 lib.
937 1223 978 1245 11.

271 1273 323 1294 vs.
339 1265 414 1294 234.
444 1263 453 1280 ‘
472 1262 520 1293 At
536 1272 601 1292 uon
616 1262 821 1302 magnanimi
842 1272 979 1302 percus-

272 1315 317 1346 sit
333 1319 474 1355 pectora
501 1314 600 1344 Bruti
622 1314 758 1353 Terror,
781 1318 817 1344 et
832 1313 865 1343 in
883 1319 979 1345 tanta

273 1365 388 1405 pavidi
415 1363 594 1394 formidine
617 1367 727 1394 motus
752 1363 839 1393 Pars
860 1364 977 1404 populi

270 1414 420 1454 lugentis
438 1411 538 1443 erat.'·
578 1412 694 1443 Barth.

276 1497 278 1499 ,
319 1464 428 1495 Virtus
436 1461 633 1502 Stilichonis]
646 1461 748 1493 Hunc
759 1461 840 1493 belli
853 1460 977 1493 ducem

270 1517 345 1545 toto
381 1513 463 1544 orbe
503 1511 741 1551 clarissimum,
771 1512 868 1552 cujus
895 1511 976 1543 fidei

270 1564 468 1595 commissus
493 1566 568 1593 erat
592 1561 718 1593 Oriens
739 1566 774 1593 et
804 1562 977 1594 Occidens

268 1624 312 1646 ex
328 1614 446 1646 ultima
465 1613 647 1645 Theodosii
673 1613 858 1654 voluntate,
878 1614 975 1654 cujus

268 1665 329 1696 sub
345 1665 441 1706 quasi
464 1664 575 1696 tutela
595 1664 774 1704 juvenculi
795 1664 907 1705 Impp.
924 1663 976 1695 fu-

268 1720 380 1753 eraut,
396 1714 494 1746 multi
505 1715 539 1745 in
556 1714 684 1746 crimen
702 1724 878 1746 vocavere.
904 1715 976 1746 Cla-

269 1776 333 1797 ver.

311 1818 375 1847 260
408 1814 501 1846 Solus
522 1814 680 1855 medioque
712 1814 747 1845 in
771 1813 896 1845 turbine
928 1825 975 1846 re-

268 1866 354 1906 rum]
393 1866 500 1896 Medio
524 1866 606 1896 solus
637 1866 690 1896 sed
717 1864 839 1896 turbine
871 1876 975 1897 rerum

267 1917 378 1948 Aldus
401 1921 438 1947 et
462 1915 580 1956 scripti
607 1914 765 1956 quidam:
793 1916 891 1955 prim.
905 1917 972 1947 Va-

267 1967 372 1998 tican.
385 1966 464 1997 solus
479 1965 578 1996 medio
592 1966 657 1997 sed.
703 1964 771 1996 Alii
785 1966 885 1996 medio
900 1976 974 1998 sese.

266 2018 394 2048 Primae
412 2016 592 2056 editioneS,
617 2025 680 2046 sese
705 2016 805 2046 medio
828 2017 881 2046 sed
907 2019 974 2047 tur-

266 2068 345 2099 bine.
369 2068 532 2098 Lucensis
548 2068 629 2098 solus
643 2067 742 2098 medio
754 2068 802 2098 de.
827 2067 972 2107 Gyrald.

263 2128 328 2148 sese
344 2117 442 2148 medio
458 2119 515 2148 de:
537 2117 718 2157 legendum
735 2117 870 2157 opinor,
894 2118 974 2149 solus

264 2170 364 2200 medio
380 2169 431 2209 qui
447 2168 568 2200 turbine
581 2178 695 2200 rerum.
726 2168 887 2199 Barthius
901 2169 972 2200 vul-

267 2224 384 2259 gatum
414 2222 539 2257 tuetur,
573 2218 638 2249 nisi
669 2218 760 2259 quod
791 2218 973 2259 distinguit

265 2274 344 2310 post
371 2268 409 2299 τὸ
437 2272 538 2299 metu.-
570 2278 650 2299 mox
675 2271 784 2299 contra
807 2268 973 2309 pestiferos

263 2320 373 2359 rictus,
384 2328 449 2350 non
461 2318 632 2358 lethiferos,
644 2319 772 2359 primus
782 2319 971 2350 Vaticanus

266 2379 328 2410 pro
342 2369 477 2399 diversa
492 2368 651 2399 lectione.
698 2369 744 2399 D.
761 2369 877 2400 Heius.

274 2440 277 2443 Δ
311 2419 444 2451 Turbine
459 2417 576 2458 rerum]
610 2419 724 2458 Bello,
744 2423 803 2449 aut
828 2418 972 2451 infortu-

264 2470 319 2501 nio
334 2469 482 2511 publico.
509 2469 566 2499 Sic
583 2468 704 2499 turbide
719 2478 813 2508 agere
829 2474 881 2500 est
894 2479 971 2501 cum

264 2520 413 2555 tumultu
430 2523 466 2550 et
489 2517 676 2550 offensione
700 2518 794 2560 pacis
811 2520 969 2560 publica).

264 2573 383 2604 Barth.

274 2643 278 2646 -
306 2624 370 2654 262
387 2621 513 2662 Feram]
536 2620 592 2652 Ob
605 2620 755 2652 avaritiae
771 2620 967 2662 ingluviem.

264 2675 365 2705 Idem.

312 2720 467 2762 Volucris]
496 2721 574 2752 Non
603 2720 742 2762 adjutus
771 2722 967 2754 monstrosis

264 2773 360 2816 equis
377 2776 436 2805 aut
448 2772 628 2814 portentis,
652 2776 690 2803 ut
703 2772 854 2804 Deorum
867 2778 965 2805 natos

1013 210 1065 240 IN
1097 210 1170 242 GL.
1202 210 1381 241 CLAUD.
1418 210 1492 241 111.

1035 305 1167 346 fingunt
1184 305 1315 337 Po‘e‘tae.
1361 306 1488 335 Contra
1511 313 1626 335 omnes
1654 304 1739 336 anti-

1037 367 1118 397 quos
1143 357 1276 388 Heroas
1300 356 1524 387 Stilichonem
1553 355 1681 394 laudat,
1703 360 1739 387 et

1034 406 1083 437 ita
1102 416 1166 437 non
1185 407 1288 438 semel
1306 405 1395 436 alibi.
1441 406 1538 435 Idem.

1076 458 1137 487 265
1165 457 1274 487 Turris
1290 456 1372 495 erat]
1397 454 1554 495 Perfugii
1575 454 1669 486 locus
1686 459 1740 487 tu-

1035 512 1109 538 tus:
1135 508 1208 538 Rex
1224 507 1523 547 Psalmographnm,
1541 506 1631 538 Psal.
1647 515 1705 538 Lx.

1075 558 1260 598 porrectus]
1328 558 1504 598 Vibi-atus,
1562 561 1738 590 extensus.

1032 608 1149 640 Barth.

1074 662 1137 690 266
1171 659 1369 700 Adversaque
1399 661 1488 698 signa
1511 658 1633 699 sur-ori]
1671 658 1739 689 Lu-

1033 718 1125 739 cens.
1153 710 1268 740 Oxou.
1296 716 1330 740 et
1354 709 1613 739 Ambrosianum
1637 717 1738 739 unum

1033 759 1141 789 secuti
1161 768 1274 789 sumus
1290 769 1366 789 cum
1385 759 1491 798 primo
1509 758 1623 790 Vatic.
1657 758 1737 789 Vul-

1032 816 1074 847 go
1086 817 1182 846 regna
1193 819 1202 837 .·
1228 807 1310 838 alibi
1326 807 1428 847 dixit,
1442 809 1534 847 signa
1548 809 1615 838 deis
1629 809 1740 838 adrer-

1031 866 1075 888 sa.
1120 857 1361 888 Putean.tela.·
1384 867 1469 888 rmus
1483 858 1605 889 Petav.
1629 859 1739 889 adver-

1030 916 1065 937 sa
1079 906 1129 937 hic
1143 907 1246 946 signa.
1292 908 1337 939 D.
1357 907 1478 938 Heius.

1073 960 1136 988 268
1162 957 1329 998 Haerebat]
1374 958 1547 998 Opposita
1573 958 1739 990 immobili

1031 1008 1130 1040 mole.
1174 1009 1232 1040 Sic
1262 1009 1342 1040 alibi
1366 1009 1374 1025 ‘
1393 1010 1494 1041 nullis
1509 1010 1667 1042 Victoria
1681 1021 1741 1043 no-

1031 1059 1082 1089 dis
1102 1059 1235 1091 Haesit?
1596 1092 1599 1094 ,
1738 1089 1742 1093 .

1072 1112 1136 1140 269
1170 1110 1315 1141 Hiberna
1345 1112 1483 1142 tumidus
1512 1122 1581 1143 cum
1609 1113 1740 1154 vertice]

1030 1160 1105 1191 Nec
1123 1165 1238 1191 tamen
1264 1171 1328 1201 ego
1353 1166 1504 1192 montem
1529 1162 1674 1203 aliquem
1689 1162 1739 1194 hi-

1029 1211 1172 1241 bernum
1189 1212 1256 1242 dici
1281 1212 1340 1242 sed
1356 1211 1496 1243 fluvium
1513 1213 1684 1253 existimo,
1700 1218 1738 1245 et

1030 1260 1208 1291 Claudiani
1244 1261 1449 1301 scripturam
1488 1271 1561 1292 esse
1600 1263 1736 1294 cortice:

1028 1309 1194 1350 χείμαῤῥος
1226 1311 1316 1341 enim
1357 1310 1495 1348 ποταμὸς
1532 1311 1735 1343 Graecorum

1029 1362 1247 1400 describitur,
1264 1367 1399 1393 torrens
1417 1362 1558 1393 hiberna
1575 1363 1684 1403 glacie
1701 1368 1738 1395 et

1028 1421 1197 1443 concursu
1214 1412 1374 1443 nivalium
1392 1422 1556 1453 aquarum
1573 1417 1707 1445 auctus.

1076 1462 1197 1493 Vortice
1213 1462 1348 1502 torrens]
1363 1463 1419 1493 Ita
1429 1462 1657 1503 scribendum,
1669 1472 1737 1495 non

1027 1512 1153 1552 vertice,
1170 1518 1310 1544 monent
1327 1513 1552 1545 Grammatici
1567 1525 1574 1545 :
1598 1524 1662 1546 nec
1679 1515 1737 1546 ali-

1027 1567 1081 1593 ter
1097 1563 1174 1593 libri
1191 1563 1361 1595 meliores.

1068 1615 1130 1643 271
1162 1613 1338 1653 Frangitur
1365 1613 1481 1652 objectu
1510 1614 1642 1655 scopuli]
1679 1615 1734 1646 Ex

1025 1661 1083 1693 illo
1095 1662 1232 1703 Virgilii
1246 1674 1253 1694 :
1270 1665 1278 1680 ‘
1291 1664 1430 1704 objectu
1444 1667 1601 1704 laterum,
1611 1665 1733 1706 quibus

1026 1712 1133 1743 omnis
1150 1713 1192 1744 ab
1208 1714 1276 1744 alto
1300 1715 1498 1755 Frangitur,
1523 1716 1623 1757 inque
1640 1716 1732 1747 sinus

1026 1762 1153 1795 scindit
1167 1772 1242 1794 sese
1259 1764 1351 1795 unda
1365 1765 1551 1797 reductos.’

1069 1816 1132 1844 272
1156 1813 1246 1844 Illisa
1263 1817 1396 1845 montem
1414 1815 1619 1846 circumtonat
1633 1814 1733 1856 unda]

1026 1865 1117 1896 Elisa
1132 1868 1264 1896 montem
1284 1866 1486 1898 circumtonat
1512 1867 1576 1908 pri.
1593 1868 1735 1899 Vatica-

1026 1924 1087 1945 nus
1101 1926 1108 1946 :
1134 1924 1218 1945 cave
1232 1915 1438 1947 circumsonat
1453 1917 1628 1957 admittas,
1640 1918 1732 1958 quod

1024 1964 1059 1995 in
1080 1965 1193 1996 multis
1209 1970 1385 1997 veterum:
1410 1976 1487 1997 mox
1505 1967 1645 1998 humeros
1660 1968 1731 1998 sub-

1015 2014 1131 2053 jeceris
1153 2014 1361 2055 Pricaeanus,
1388 2026 1456 2047 non
1482 2017 1638 2056 objeceris.
1681 2018 1731 2050 D.

1026 2065 1148 2096 Heins.
1543 2093 1546 2096 .

1067 2119 1130 2147 274
1155 2116 1235 2146 Tuos
1256 2115 1414 2156 humeros]
1447 2117 1588 2148 Pariter
1619 2117 1729 2159 primo

1023 2165 1324 2197 Stilichoniarum:
1364 2167 1373 2183 ‘
1398 2166 1580 2208 Ancipites
1617 2178 1730 2200 rerum

1023 2216 1156 2246 ruituro
1181 2216 1329 2247 culmine
1356 2216 1472 2257 lapsus
1497 2217 1633 2259 AEquali
1660 2228 1733 2250 cer·

1024 2266 1098 2298 vice
1115 2267 1231 2298 subis.’
1272 2268 1390 2299 Barth.

1065 2320 1128 2347 275
1166 2319 1231 2348 Ceu
1254 2318 1340 2348 sidus
1366 2319 1469 2359 dulce]
1497 2319 1600 2351 Sidus
1625 2319 1727 2351 dulce

1023 2370 1076 2398 est
1092 2367 1215 2398 Castor
1231 2371 1264 2397 et
1291 2368 1434 2399 Pollux:
1459 2369 1644 2409 auspicium
1671 2378 1730 2400 na-

1023 2417 1216 2458 vigantibus
1232 2417 1476 2458 desideratum,
1495 2419 1585 2459 quod
1609 2420 1729 2461 vulga-

1021 2468 1187 2499 tissimum
1203 2472 1266 2500 est.
1300 2468 1392 2499 Hinc
1407 2468 1531 2500 Horat.
1555 2470 1563 2486 ‘
1582 2479 1726 2509 quorum

1020 2517 1118 2548 simul
1134 2516 1210 2547 alba
1236 2517 1348 2548 nautis
1371 2518 1471 2548 stella
1488 2517 1634 2559 refulsit,
1655 2521 1728 2551 De-

1019 2567 1095 2598 fluit
1109 2568 1199 2598 saxis
1214 2568 1364 2606 agitatus
1381 2568 1510 2609 humor,
1531 2569 1728 2602 Concidunt

1018 2617 1137 2657 venti,'
1153 2619 1219 2648 ὅτε.
1242 2617 1292 2648 At
1308 2627 1370 2657 ego
1388 2625 1471 2659 puto
1486 2629 1584 2660 posse
1599 2621 1726 2662 exponi

1020 2668 1062 2699 de
1078 2669 1224 2706 Helena,
1241 2668 1324 2700 licet
1338 2670 1441 2701 Solin.
1458 2671 1625 2712 Polyliist.
1648 2682 1677 2703 c.
1691 2675 1725 2704 4.

1019 2719 1339 2760 perniciosissimum
1366 2720 1606 2761 navigantibus
1631 2722 1724 2754 sidus

1018 2768 1182 2802 Helenes’
1201 2773 1320 2803 vocet:
1349 2775 1385 2802 et
1401 2771 1492 2803 Plin.
1511 2780 1551 2805 u.
1567 2775 1621 2805 37.
1643 2773 1653 2791 ‘
1672 2772 1722 2805 di-
