1851 3213
296 213 409 255 1260

754 316 912 349 Sidonius
934 316 1000 346 Pa-

748 370 756 385 ‘
779 368 998 407 Ligerimque

297 318 378 350 na'in
397 317 532 358 fregere
548 318 711 359 bipenni.'

296 370 460 411 negyrico
498 369 702 410 Majoriani:

296 420 433 461 bipenni
465 420 625 450 Excisum
662 428 724 458 per
755 417 864 448 frusta
890 416 999 448 bibit!

294 471 389 503 Idem
422 471 636 512 Panegyrico
665 470 771 508 Aviti,
810 468 939 500 ‘flavus
965 471 997 499 in

294 522 430 562 pocula,
452 521 562 553 fracte
580 521 775 559 sicambris,
797 520 916 550 Rhene
947 524 998 551 tu-

294 572 420 603 mensz’
445 573 492 602 sic
510 578 544 602 et
563 572 651 612 apud
669 571 815 602 Statium
834 571 998 610 Protrep-

296 622 365 653 tico
383 623 552 662 Crispini:
579 624 587 638 ‘
604 622 711 652 Rheni
734 620 848 652 fracta
864 620 997 651 natabis

296 671 476 703 Flumina!
523 672 567 703 D.
588 671 700 702 Heius.

298 735 301 738 ¹
338 722 472 752 Maeotin
489 720 622 760 Alanus]
657 720 840 760 sompnus,
851 720 910 750 lib.
931 727 997 749 vu.

296 771 416 803 Halos.
432 782 462 802 c.
477 774 529 801 27.
559 771 720 810 Egesipp.
739 769 794 799 lib.
812 778 844 799 v.
856 778 933 808 cap.
947 772 998 798 50.

293 821 301 838 ‘
317 821 386 852 Per
400 821 491 851 idem
509 825 644 860 tempus
662 819 759 849 Alani
779 828 862 858 gens
878 818 950 848 fera
963 823 1000 849 et

297 871 355 902 diu
381 870 505 901 nostris
532 871 660 909 ignota,
686 868 776 909 quod
799 867 1000 899 interiorum

294 922 446 952 locorum
462 918 666 950 difficultate
679 924 715 950 et
730 919 879 949 claustro
891 922 1000 959 portae

294 968 430 1009 ferreae,
468 979 568 1010 quam
614 969 764 1009 Magnus
802 966 1001 999 Alexander

296 1025 474 1061 praerupto
490 1020 593 1051 Tauri
620 1020 748 1050 Montis
764 1019 926 1059 imposuit
945 1019 1000 1059 jn-

295 1080 350 1111 g0,
366 1080 442 1102 cum
459 1070 593 1102 caeteris
609 1069 692 1100 feris
709 1073 744 1100 et
761 1069 934 1099 indomitis
951 1069 1000 1098 in-

293 1127 441 1152 trorsum
458 1121 618 1162 gentibus
640 1119 899 1150 cohibebantur.
947 1119 1001 1149 In-

295 1171 454 1203 colebant
481 1171 679 1211 Scythicum
711 1170 865 1210 Tanaim,
894 1168 999 1199 finiti-

294 1233 435 1265 masque
462 1223 538 1263 ejus
580 1227 616 1253 et
644 1221 818 1253 Maeotidis
844 1221 1000 1261 paludes,

295 1274 390 1305 velut
406 1273 553 1314 quodam
579 1281 715 1303 carcere
743 1271 850 1302 clausi
875 1281 1000 1302 memo-

295 1323 363 1355 rati
379 1323 483 1363 Regis
512 1322 648 1361 iugenio
666 1326 705 1352 ut
729 1331 804 1352 suas
821 1326 930 1352 terras
945 1332 1001 1352 ex-

295 1378 464 1412 ercerent,
493 1373 620 1402 alienas
653 1381 720 1401 non
757 1371 999 1402 incursarent.'

293 1422 426 1454 Bellica
441 1427 556 1452 autem
571 1421 644 1451 laus
661 1420 761 1461 hujus
786 1420 897 1461 gentis
913 1421 1001 1451 cele-

295 1473 414 1504 bratur
438 1482 459 1502 a
475 1471 663 1503 Claudiano
689 1476 806 1502 nostro
833 1470 914 1501 alibi
934 1480 1001 1501 non

295 1533 360 1554 uno
389 1523 484 1561 loc0;
509 1532 575 1563 quo
605 1521 718 1552 refero
750 1521 839 1562 quod
870 1521 1001 1552 Marius

295 1574 415 1605 Victor
431 1573 523 1605 canit
539 1573 581 1604 ad
605 1573 822 1604 Salmoneum
846 1572 1003 1603 celerita-

295 1630 365 1656 tem
389 1625 463 1665 ejus
491 1624 651 1655 laudans:
675 1623 722 1653 ‘si
747 1623 828 1664 quid
852 1623 1002 1654 vastavit

296 1676 459 1714 Sarmata,
475 1675 502 1705 si
529 1675 607 1715 quid
634 1674 806 1705 Vandalus
834 1673 1001 1713 incendit,

297 1726 462 1766 veloxque
478 1725 622 1755 abduxit
638 1724 787 1755 Alanus.’

338 1778 401 1806 313
428 1776 550 1805 Gaudet
580 1775 720 1815 pinxisse
754 1775 905 1816 Gelonus]
942 1774 1001 1804 vi-

294 1825 368 1857 bius
384 1826 568 1866 Sequester
583 1836 590 1855 :
613 1826 622 1841 ‘
635 1824 760 1856 Geloni
772 1824 929 1855 Thraciae
944 1833 1001 1863 po-

296 1878 365 1918 puli
381 1877 468 1918 picti
486 1876 639 1916 corporis
671 1881 769 1916 parte
783 1875 803 1906 τ’
840 1875 1001 1916 Virgilius

297 1927 426 1967 Georg.
447 1935 486 1957 ιι.
509 1928 517 1943 ‘
532 1927 688 1966 ansque
706 1925 821 1956 domos
837 1924 1002 1965 Arabum,

297 1977 476 2017 pictosque
501 1976 652 2007 Gelonos
666 1975 685 2005 :’
710 1975 857 2015 Servius,
888 1975 1000 2014 ‘Stig-

295 2032 387 2058 mata
403 2026 588 2057 habentes!
631 2026 677 2056 Et
691 2025 724 2055 id
742 2026 834 2056 clare
851 2025 881 2055 ei
907 2025 1002 2065 genti

296 2078 467 2118 peculiare
482 2077 566 2108 facit
582 2077 797 2108 Claudianus.
841 2076 959 2107 Barth.

338 2131 401 2159 314
427 2128 540 2170 Rufino
567 2127 691 2158 collecta
715 2127 839 2167 manus]
879 2128 1002 2158 Collata

296 2179 458 2218 Isingrin.
484 2185 517 2208 et
536 2178 653 2209 decem
668 2187 708 2208 ex
724 2178 859 2208 nostris.
874 2179 1001 2209 Lucan.

296 2229 355 2260 lib.
373 2238 399 2260 1.
423 2229 560 2269 ‘Ipsum
591 2239 691 2259 omne
720 2229 882 2260 auxilium
901 2229 1002 2260 colla-

296 2286 398 2320 taque
428 2279 524 2318 sigua
555 2278 734 2317 ferentem,
764 2279 839 2310 Nec
868 2279 1001 2319 qualem

297 2329 480 2359 meminere
510 2328 655 2359 videntz'
680 2333 795 2359 noster
814 2329 902 2359 bello
930 2329 1002 2360 Gil-

299 2378 440 2410 donico:
466 2379 474 2394 ‘
490 2379 557 2409 Qui
575 2378 686 2416 stetit,
698 2383 855 2418 aequatur
869 2388 1002 2419 campo,

297 2429 489 2469 collataque
516 2429 627 2460 nescit
642 2430 864 2469 Majestatem
888 2430 1001 2460 acies!

299 2481 344 2512 D.
363 2480 474 2510 Heius.

340 2532 454 2572 Rufino
470 2532 595 2561 collecta
612 2530 733 2569 manus]
766 2531 892 2561 Contra
910 2531 999 2561 Stili-

298 2583 441 2613 chonem
469 2592 531 2622 pro
547 2582 699 2612 Honorio
729 2582 908 2612 Orientem
942 2591 991 2612 re-

300 2633 415 2673 cipere
441 2632 648 2671 cupientem,
689 2631 853 2667 Zosimus,
881 2631 938 2662 lib.
960 2641 994 2661 v.

298 2686 414 2714 narrat
430 2682 541 2712 omnia
557 2691 630 2722 quae
646 2682 709 2712 huc
722 2680 863 2711 faciunt.
912 2681 999 2711 Nam

298 2732 553 2765 multitudinem
578 2732 806 2762 Barbarorum
833 2731 923 2761 illam
941 2731 1000 2761 im-

301 2793 447 2816 mensam
465 2781 605 2815 Rufinus
631 2781 799 2814 excivisse
827 2781 1000 2822 scribitur,

539 224 682 255 NOTAE
716 221 982 252 VARIORUM
1017 220 1067 250 IN
1103 219 1179 250 CL.
1212 218 1396 251 anUD.
1430 218 1504 248 ΙΙΙ.

1048 315 1128 346 licet
1144 324 1232 345 mors
1250 315 1319 355 ejus
1350 313 1389 344 ad
1397 316 1533 344 ventum
1548 311 1648 353 hujus
1663 320 1752 353 prae.

1051 366 1202 396 verterit.

1091 420 1151 447 315
1178 416 1370 456 lmzectitque
1386 413 1502 453 moras]
1519 413 1616 445 Idem
1630 413 1695 444 hoc
1708 413 1752 444 de

1049 467 1189 498 Alarico
1207 466 1370 507 objicitur
1388 466 1439 496 vel
1458 465 1646 504 imputatur
1659 463 1753 495 Stili-

1048 519 1145 549 choni
1158 517 1199 549 ab
1217 518 1342 549 Orosio
1360 521 1394 548 et
1411 517 1485 556 ejus
1499 515 1636 546 asseclis
1648 514 1753 546 Chro-

1048 569 1189 609 nologis.
1226 568 1284 599 Me
1312 568 1337 598 si
1370 568 1442 609 quis
1470 565 1677 596 sententiam
1702 574 1755 595 ro-

1049 624 1120 659 get,
1140 618 1248 649 dicam
1265 627 1331 649 non
1344 618 1497 648 credere.
1536 617 1612 647 Non
1625 615 1756 647 occidit

1049 669 1235 707 Alaricum,
1266 678 1331 700 non
1360 668 1489 699 delevit
1521 667 1594 707 ejus
1623 666 1754 707 copias,

1049 719 1109 753 ais.
1139 729 1215 749 cum
1249 719 1391 759 posset?
1434 719 1522 749 Sane
1552 717 1754 758 prudenter.

1050 769 1095 798 Et
1118 773 1238 799 contra
1268 768 1427 799 Rufinum
1451 768 1554 808 enim,
1584 772 1620 798 et
1634 771 1755 798 contra

1050 819 1324 856 Constantinum,
1359 823 1533 858 tyrannos,
1568 817 1757 858 irrumpen-

1051 872 1171 909 tesque
1188 868 1361 905 barbaros,
1373 877 1413 898 eo
1425 869 1475 899 uti
1489 867 1624 898 volebat
1637 879 1647 905 3
1664 866 1754 907 quod

1050 918 1225 949 consilium
1251 917 1326 958 ejus
1350 918 1442 948 clare
1469 921 1614 958 apparet
1629 927 1672 947 ex
1689 917 1753 947 Zo-

1051 968 1145 1000 simo.
1191 969 1276 999 Cum
1303 967 1393 999 enim
1410 976 1526 998 omnes
1551 968 1623 998 fere
1638 965 1757 997 suade·

1052 1024 1130 1050 rent
1161 1018 1251 1049 bello
1282 1017 1458 1049 Alaricum
1490 1017 1661 1058 persequi,
1697 1017 1756 1048 ille

1053 1069 1133 1100 data
1162 1068 1305 1109 pecunia
1331 1067 1536 1108 placandum
1552 1067 1653 1107 dixit,
1678 1076 1756 1098 cum

1052 1119 1281 1160 Radagaisum
1310 1118 1412 1148 modo
1439 1117 1634 1148 delevisset.
1679 1117 1756 1149 Quo

1050 1169 1141 1200 fine?
1195 1169 1244 1200 Ut
1281 1168 1510 1199 molitionibus
1559 1168 1756 1207 ineptorum

1050 1219 1236 1258 hominum,
1271 1217 1394 1249 Rufino
1423 1223 1458 1248 et
1486 1216 1652 1257 Eutropio
1682 1226 1757 1247 suc-

1050 1268 1247 1299 cedentium
1278 1268 1312 1297 in
1354 1267 1506 1298 Arcadio
1533 1266 1756 1305 moderando,

1051 1318 1184 1348 obviam
1199 1318 1278 1356 iret,
1291 1322 1396 1358 utque
1411 1317 1670 1348 Constantinum
1682 1317 1756 1357 jam

1050 1368 1193 1398 Arelate
1220 1372 1420 1408 regnantem
1437 1377 1478 1398 eo
1503 1368 1605 1398 misso
1622 1368 1757 1408 provin·

1051 1419 1104 1450 cia
1122 1419 1321 1459 expelleret,
1337 1422 1373 1449 et
1390 1418 1450 1448 hoc
1462 1418 1597 1459 quidem
1611 1418 1759 1459 urgebat

1052 1480 1128 1500 cum
1146 1474 1297 1500 extrema
1319 1469 1473 1510 pericula
1489 1469 1581 1499 illum
1599 1467 1758 1500 felicitati

1053 1530 1121 1550 suae
1146 1525 1360 1551 exemerunt.
1406 1519 1592 1559 Eucherio,
1616 1519 1675 1557 ais,
1698 1520 1759 1550 irn-

1052 1571 1183 1612 perium
1211 1571 1368 1611 parabat.
1413 1571 1556 1601 Minime
1571 1580 1665 1611 vero,
1681 1581 1758 1602 cum

1051 1622 1201 1652 ethostis
1218 1622 1324 1661 ipsius
1343 1621 1500 1652 Zosimus
1514 1625 1663 1653 testetur
1675 1631 1759 1653 nun-

1052 1682 1152 1713 quam
1164 1671 1305 1702 Tribuni
1320 1671 1540 1702 Notariorum
1551 1671 1756 1712 dignitatem

1051 1723 1100 1753 ilii
1116 1723 1273 1753 altiorem
1292 1721 1485 1758 indulsisse,
1510 1721 1600 1752 unde
1618 1731 1698 1753 sane
1711 1721 1754 1752 ad

1051 1773 1237 1813 Imperium
1255 1772 1366 1802 nullus
1381 1772 1515 1802 omnino
1531 1772 1655 1813 gradus
1671 1776 1758 1804 erat.

1051 1823 1169 1854 Barth.
1538 1832 1541 1839 '

1095 1876 1158 1904 316
1184 1873 1312 1904 Geticas
1339 1873 1503 1904 stravisset
1527 1874 1642 1904 dextra
1657 1876 1757 1904 cater-

1051 1923 1120 1964 vas]
1141 1924 1196 1955 Sic
1215 1924 1396 1954 Lucensis:
1423 1924 1523 1963 vulgo
1538 1925 1670 1955 dextera
1692 1927 1757 1954 tur-

1052 1983 1134 2004 mas:
1160 1972 1249 2004 infra
1278 1973 1335 2004 lib.
1353 1982 1393 2005 11.
1431 1973 1590 2005 ‘Geticis
1619 1975 1760 2015 Europa

1053 2024 1202 2054 catervis
1225 2023 1387 2054 Ludibrio
1403 2023 1600 2064 praedaeque
1623 2023 1725 2054 datur
1737 2023 1758 2054 ς’

1054 2073 1088 2103 in
1105 2073 1355 2113 Epigrammat.
1387 2074 1395 2088 ‘
1411 2073 1468 2104 Sic
1485 2073 1627 2104 Geticas
1653 2073 1759 2105 ultrix

1054 2123 1158 2155 feriat
1173 2122 1366 2163 rhomphaea
1382 2123 1561 2154 catervas!
1585 2124 1630 2155 D.
1644 2123 1759 2156 Heius.

1097 2176 1158 2204 317
1187 2174 1264 2205 Ulta
1293 2173 1394 2205 Ducis
1421 2174 1496 2204 socii
1523 2173 1656 2214 lethum]
1694 2175 1758 2206 Est

1053 2224 1232 2263 Promotus,
1257 2224 1298 2254 de
1312 2234 1378 2264 quo
1394 2223 1448 2255 hic
1463 2233 1585 2265 sermo,
1597 2225 1676 2256 Dux
1693 2225 1758 2256 rei—

1053 2274 1201 2315 publicae
1216 2275 1426 2314 utilissimus,
1439 2276 1567 2306 scelere
1579 2274 1758 2306 Rufiniim-

1053 2329 1191 2365 pactum
1214 2325 1391 2365 colaphum
1419 2325 1627 2363 ulciscentis,
1653 2325 1758 2355 inter-

1052 2374 1178 2413 fectus,
1196 2385 1259 2406 nou
1277 2376 1379 2405 aliter
1406 2385 1504 2415 quam
1518 2375 1649 2405 Drusus
1663 2379 1756 2414 post-

1053 2435 1152 2466 quam
1191 2425 1323 2465 alapam
1358 2424 1512 2454 duxisset
1549 2424 1687 2464 Sejano,
1718 2429 1756 2456 ut

1051 2476 1171 2508 scribit
1184 2476 1294 2507 Tacit.
1316 2475 1439 2506 Annal.
1465 2484 1512 2505 lv.
1558 2475 1639 2516 Ejus
1654 2475 1759 2507 histo·

1051 2527 1134 2557 riam
1150 2526 1253 2556 habes
1269 2525 1360 2565 apud
1378 2525 1502 2556 Zosim.
1521 2525 1576 2556 lib.
1593 2534 1642 2556 tv.
1681 2529 1690 2543 ‘
1703 2526 1757 2557 Ex

1051 2578 1091 2607 iis
1107 2581 1219 2607 autem
1236 2576 1357 2616 quibus
1382 2580 1481 2606 erant
1506 2575 1674 2606 commissi
1690 2585 1756 2607 ma—

1052 2627 1216 2666 gistratus
1243 2635 1372 2656 summo
1401 2625 1489 2665 apud
1525 2625 1756 2657 Theodosium

1053 2677 1126 2708 loeo
1144 2682 1218 2706 erat
1236 2675 1399 2714 Rufinus,’
1422 2679 1486 2706 &tu
1510 2675 1627 2707 Barth.

1095 2730 1154 2757 321
1182 2726 1373 2756 Hunnorum
1402 2727 1521 2757 loturus
1553 2724 1654 2766 opem]
1698 2725 1756 2757 Ita

1051 2777 1208 2809 meliores
1235 2780 1455 2808 constanter:
1479 2776 1616 2818 quidam
1637 2775 1757 2808 ablata-
