1852 3182
538 240 587 270 IN
624 238 856 270 RUFINUM
897 238 991 269 LIB.
1025 238 1079 268 11.

82 337 159 370 Diis
185 337 372 378 subjunxit.
418 334 543 365 Numen
569 332 658 363 enim
690 332 786 362 velut

83 389 188 419 anima
204 387 370 429 quaepiam
385 384 454 415 Dei
470 383 574 423 ipsius
595 382 785 413 habebatur

84 437 175 477 apud
193 443 337 472 veteres,
363 439 397 465 et
412 435 453 464 ab
471 434 543 464 Deo
562 433 634 473 ipso
652 433 786 472 sejunc-

85 488 146 518 tim
165 487 349 523 colebatur,
375 489 532 524 tanquam
559 483 685 524 aliquid
703 482 787 512 divi·

85 537 173 576 nius,
187 536 341 572 nobilius,
358 534 540 574 potentius.
565 533 682 564 Barth.

128 590 189 618 442
223 586 352 625 Sceptra
378 584 437 615 sibi
461 585 614 623 gestanda
639 581 786 624 parabat]

86 636 221 676 Sceptri
234 635 368 671 sumno,
379 634 616 675 Imperatoriae
627 634 788 664 Potesta-

87 689 131 720 tis
149 687 329 726 usurpatio.
357 687 451 717 Idem.

127 740 191 768 443
218 738 314 775 Cujus
327 747 358 768 se
374 737 466 767 toties
476 735 617 767 submisit
633 736 673 766 ad
689 735 790 765 oscula

86 789 216 828 supplex
248 786 423 826 Nobilitas]
463 787 640 818 Osculatio
671 795 790 816 manus

87 839 315 868 venerationis
330 839 474 876 signum,
501 837 596 877 cujus
613 837 666 867 vel
691 845 792 867 caere-

87 888 213 926 monia,
228 889 280 918 vel
297 894 391 919 certe
410 887 520 918 verbis
539 893 636 917 tenus
654 886 794 923 oblatio,

87 948 193 980 usqne
207 939 292 970 adeo
309 938 397 978 apud
412 948 468 968 eas
484 942 602 977 gentes
616 937 714 967 hodie
727 935 794 966 fre·

89 999 194 1030 quens
207 995 273 1023 est,
284 999 358 1029 qua>
374 999 392 1018 a
404 988 532 1019 Latinis
545 987 710 1018 Barbarie
722 996 796 1026 per-

89 1041 201 1071 mistis
215 1039 440 1076 descendunt,
456 1038 682 1068 Romanorum
697 1036 795 1067 Grae-

91 1100 276 1130 corumque
294 1088 442 1119 moribus
461 1086 698 1126 receptissima
710 1089 796 1123 erat,

91 1149 109 1170 e
125 1148 265 1180 qnorum
284 1136 453 1177 profundo
471 1146 529 1166 usu
547 1135 588 1165 ad
613 1136 687 1165 haec
712 1140 796 1165 tem-

90 1199 175 1230 pora
192 1187 381 1218 descendit.
427 1186 568 1216 Tacitus
584 1185 626 1215 de
644 1185 797 1221 Othone,

91 1238 184 1270 Hist.
202 1247 227 1268 1.
252 1240 260 1254 ‘
283 1238 392 1267 Ruere
411 1236 525 1266 cuncti
540 1235 573 1265 in
586 1239 711 1271 castra,
730 1235 797 1264 lau-

92 1290 174 1321 dare
204 1289 351 1319 militum
379 1287 563 1327 judicium,
605 1285 799 1317 exosculari

93 1340 241 1372 Othonis
258 1338 414 1369 manum.'
449 1336 626 1376 Phaedrus,
649 1335 729 1366 Fab.
747 1338 799 1366 82.

93 1390 102 1407 ‘
122 1390 171 1420 Ut
187 1398 258 1419 mos
272 1394 323 1418 est
343 1387 431 1427 vulgi
446 1386 570 1426 passim
585 1391 618 1416 et
641 1384 800 1416 certatim

93 1440 185 1477 ruit;
210 1439 371 1469 Felieiter
388 1437 602 1467 subclamant
630 1436 694 1475 ipsi
714 1435 801 1474 prin-

99 1491 204 1530 cipes,
220 1489 317 1519 Illam
335 1489 543 1524 osculantur,
569 1497 635 1527 qua
651 1491 729 1517 suut
746 1496 803 1526 op-

99 1540 218 1581 pressi,
235 1538 390 1569 manuni!
416 1539 542 1568 Lucan.
560 1537 618 1567 lib.
636 1546 674 1567 11.
698 1538 706 1553 ‘
726 1547 802 1577 spes

96 1600 164 1621 una
180 1590 299 1620 salutis
315 1589 443 1619 Oscula
458 1588 596 1627 pollutae
611 1587 725 1617 fixisse
739 1592 804 1617 tre-

99 1640 228 1672 mentia
259 1637 414 1669 dextrae.’
474 1637 568 1667 Inter
596 1636 804 1667 Christianos

98 1699 234 1732 quoque
249 1689 367 1719 oscula
382 1696 538 1717 manuum
555 1685 659 1716 fuisse
674 1686 804 1716 clarum

99 1749 142 1770 ex
156 1739 410 1779 Chrysostomo,
426 1736 484 1767 lib.
498 1745 521 1767 1.
538 1736 579 1766 de
592 1734 804 1766 Sacerdotio.

101 1790 200 1821 Idem.

144 1840 297 1872 Submisit
309 1840 348 1870 ad
358 1839 459 1870 oscula
468 1839 611 1879 supplex]
623 1837 710 1869 Nam
725 1836 806 1867 dex-

99 1896 187 1924 tram
213 1891 357 1923 osculari
383 1890 536 1931 obsequii
561 1893 807 1929 argumentum.

101 1943 280 1975 Plutarch.
305 1942 448 1972 Catone.
466 1940 554 1970 Plin.
571 1948 610 1970 11.
627 1942 679 1969 45.
703 1940 711 1955 ⁴
730 1938 810 1968 dex-

102 1997 158 2024 tra
175 1992 297 2023 osculis
311 2000 431 2022 aversa
448 1990 589 2031 petitur,
601 1989 634 2018 in
651 1987 718 2018 fide
736 1996 810 2027 por-

104 2042 250 2084 rigitur.'
273 2042 366 2072 Serv.
384 2050 406 2072 1.
425 2040 554 2071 AEneid.
573 2040 582 2056 ‘
601 2048 661 2069 cur
678 2037 808 2068 dextrae

98 2094 248 2135 jungere
262 2091 419 2122 dextram
435 2090 511 2120 Non
526 2089 626 2119 datur
638 2088 658 2116 ?’
684 2088 809 2118 Lucan.

104 2143 165 2174 lib.
181 2151 222 2173 11.
246 2143 254 2158 ‘
271 2142 358 2181 Spes
377 2150 441 2171 una
455 2140 572 2170 salutis
597 2138 724 2168 Oscula
740 2138 811 2177 pol-

102 2193 188 2224 lutae
202 2191 316 2222 fixisse
332 2191 513 2222 trementia
526 2187 679 2220 dextrae!
697 2187 812 2227 Demp-

106 2245 182 2273 ster.

150 2295 212 2323 445
238 2291 383 2322 feralem
412 2287 578 2330 quaestum]
616 2287 812 2325 Exitialem,

108 2339 378 2372 abominabilem.
425 2339 537 2369 Ferale
561 2341 684 2367 vocant
702 2336 812 2367 Latini

110 2390 273 2432 quicquid
309 2389 527 2427 horrendum,
571 2385 812 2424 abominabile,

108 2444 207 2471 atrox
225 2445 289 2478 est,
305 2445 340 2469 et
359 2441 564 2469 obscoenum.
588 2436 704 2467 Barth.

156 2490 319 2526 Quoestum
331 2488 486 2529 poposcit]
522 2488 648 2518 Feralis
663 2489 813 2526 quaestus

111 2541 154 2572 ad
171 2551 206 2572 se
233 2540 473 2571 inhumandum
499 2543 644 2569 tractum
669 2539 712 2567 ab
729 2537 813 2566 anti-

113 2591 244 2630 quitate
262 2591 435 2627 Romana;
459 2598 535 2619 nam
560 2588 594 2618 iu
619 2588 746 2627 templo
763 2586 816 2617 Li·

113 2638 231 2670 bitinae
247 2650 286 2669 va
301 2640 438 2671 mebant
450 2639 640 2670 necessaria
652 2637 693 2668 ad
704 2636 815 2668 funus.

114 2688 293 2720 Plutarch.
321 2691 354 2720 in
371 2689 589 2731 quaestionib.
613 2689 709 2720 Rom.
731 2687 815 2720 Cael.

115 2739 260 2781 Rhodig.
276 2748 335 2773 xv.
352 2743 405 2775 22.
429 2740 553 2774 Horat.
587 2739 597 2757 ‘
610 2738 818 2771 Autumnus-

1425 226 1539 268 1299

836 340 901 372 que
919 330 1031 370 gravis
1045 328 1205 361 Libitinae
1221 331 1371 369 quaestus
1386 329 1543 361 acerbae!

835 382 982 421 Dempst.

878 435 942 463 446
979 431 1123 471 Aspiciat
1154 429 1276 470 nequis]
1314 429 1462 469 Quisquis
1480 430 1542 460 Lu-

839 484 964 521 censis,
979 483 1101 523 Isingr.
1119 483 1217 521 prim.
1228 480 1340 511 vatic.
1357 485 1392 510 et
1406 489 1545 520 sequen-

839 532 865 563 ti
892 542 990 563 versu
1013 533 1097 572 gerit
1119 531 1234 570 iidem,
1266 539 1331 561 non
1353 533 1456 569 gerat.
1499 530 1545 561 D.

838 582 959 613 Heins.

882 632 1025 662 Nimium
1040 632 1159 662 sublata
1181 631 1340 671 secundis]
1378 632 1439 661 Est
1466 631 1546 661 illud

839 681 1066 722 ὑψαυχενίζειν.
1104 683 1157 712 lta
1175 680 1347 721 ὑψαύχενες
1365 680 1549 720 ὑπερήφανοι

840 733 1014 773 Hesychio
1034 732 1293 773 Lexicographo
1319 735 1549 771 exponuntur.

843 783 959 814 Barth.

885 836 946 865 447
967 833 1086 864 Tririis
1098 832 1275 871 calcandus]
1292 830 1552 871 Projootamina

846 883 1032 924 sordesque
1059 883 1262 913 domesticas
1292 886 1422 911 veteres
1451 881 1553 921 proji-

845 933 981 964 ciebant
1000 934 1031 963 in
1061 933 1174 971 trivia,
1201 933 1255 962 ubi
1285 933 1359 962 loca
1383 937 1481 962 erant
1509 931 1551 962 ad

846 993 885 1013 ea
902 983 1089 1021 destinata,
1111 984 1288 1023 viisjuxta
1306 982 1396 1012 amics
1416 982 1553 1022 aptatis·

847 1034 938 1064 Hinc
956 1044 1065 1064 serrno
1083 1035 1237 1071 trivialis,
1263 1034 1362 1063 homo
1379 1033 1420 1063 (le
1440 1033 1553 1064 trivio.

847 1084 944 1114 Idem.

891 1137 954 1164 448
980 1134 1043 1169 Qui
1069 1134 1129 1164 sihi
1155 1134 1351 1175 pyramidas]
1388 1131 1557 1163 AEdificio-

849 1193 920 1214 rum
939 1183 1195 1224 magnificorum
1218 1184 1368 1214 furorem
1387 1183 1418 1212 iu
1437 1181 1557 1213 Rufino

849 1243 914 1264 non
932 1235 1037 1264 semel
1054 1235 1197 1266 notavit.
1223 1236 1320 1265 Mem.

895 1284 959 1319 Qui
983 1284 1040 1314 sibi
1056 1285 1252 1325 pyramidas]
1277 1283 1478 1324 Pyramidas
1504 1292 1559 1313 ex-

853 1334 979 1365 struxit
992 1335 1192 1375 antiquitas,
1208 1344 1274 1365 non
1289 1339 1422 1365 tantum
1439 1333 1480 1364 ad
1492 1342 1560 1364 ser-

855 1384 1000 1414 vandum
1021 1383 1240 1422 frumentum,
1265 1384 1356 1424 quod
1375 1383 1490 1414 Graeci
1506 1394 1559 1412 vro·

853 1433 905 1473 ρὸν
921 1438 1042 1464 vocant
1057 1444 1064 1472 ;
1088 1434 1146 1464 sed
1162 1435 1264 1464 etiam
1283 1434 1323 1464 avl
1338 1443 1455 1473 rogum
1472 1433 1561 1463 clau-

854 1485 966 1515 denda
983 1485 1162 1515 cadavera.
1196 1484 1334 1522 Strabo,
1351 1483 1407 1514 lib.
1426 1491 1499 1513 xvr.
1516 1483 1559 1512 de

853 1535 903 1565 his
917 1535 1021 1574 Mela,
1039 1544 1063 1565 1.
1079 1539 1109 1566 ὅ.
1135 1534 1224 1565 Pliu.
1242 1542 1372 1564 xxxvi.
1388 1536 1438 1563 12.
1456 1532 1561 1563 Mart.

855 1585 920 1624 Ep.
940 1587 968 1615 1.
1007 1584 1183 1623 Amphith.
1215 1584 1273 1614 lib.
1302 1592 1384 1614 vni.
1417 1583 1480 1622 Ep.
1507 1584 1560 1612 36.

855 1634 983 1665 Lucan.
1006 1634 1063 1664 lib.
1081 1643 1162 1664 x'111.
1197 1634 1205 1650 ‘
1225 1634 1274 1663 Ut
1297 1632 1562 1662 Ptolumaeorum

857 1685 979 1715 Manes
1010 1685 1202 1724 seriemque
1235 1682 1429 1723 pudendam
1456 1682 1563 1721 Pyra-

856 1733 965 1765 mides
983 1733 1168 1765 claudant!
1193 1733 1335 1772 Dempst.

900 1786 964 1814 449
989 1784 1135 1814 Culmina
1157 1782 1275 1822 manes]
1301 1782 1367 1812 Hic
1394 1784 1490 1811 notat
1515 1790 1565 1810 se-

858 1833 1036 1874 pulchrum
1066 1843 1208 1865 vacuum
1238 1832 1366 1869 Rufini,
1383 1831 1473 1872 quod
1502 1830 1566 1861 sibi

859 1885 977 1914 vivens
995 1888 1234 1921 exstruxerat3
1261 1883 1293 1913 id
1311 1881 1411 1912 facile
1428 1890 1566 1921 supera-

859 1933 921 1972 vit,
935 1933 1066 1973 opinor,
1085 1937 1212 1964 caetera
1235 1933 1330 1963 istius
1348 1931 1410 1961 aevi
1430 1931 1567 1960 Mauso·
1611 1930 1613 1932 ’

859 1984 932 2021 lea;
956 1983 989 2013 in
1008 1983 1059 2014 his
1077 1983 1166 2014 enim
1184 1983 1286 2013 rebus
1313 1982 1387 2021 plus
1411 1980 1492 2011 satis
1511 1989 1567 2010 ex-

860 2033 990 2064 celluit.
1026 2033 1149 2063 Clarer.
1230 2034 1234 2036 ’

903 2085 967 2113 450
990 2083 1093 2113 Velari
1108 2081 1258 2121 credidit]
1282 2081 1362 2112 Sese
1379 2079 1569 2110 velandum.

862 2133 978 2163 Barth.

910 2183 1011 2212 Velari
1026 2183 1162 2213 creditus
1176 2181 1273 2221 ostro]
1308 2180 1363 2211 Sic
1386 2179 1478 2220 prior
1494 2179 1570 2209 Mo-

863 2233 943 2270 reti,
971 2233 1084 2263 Oxou.
1114 2237 1150 2262 et
1188 2231 1324 2270 Regius,
1354 2240 1430 2261 cum
1461 2229 1570 2269 primo

864 2282 1032 2312 Vaticano
1071 2287 1175 2322 atque
1216 2281 1403 2312 oiseiiano.
1447 2279 1571 2318 lsingr.

863 2332 1010 2363 creditur.
1034 2331 1160 2371 Vulgo,
1176 2332 1319 2362 credidit.
1342 2331 1571 2369 Dempsterus

853 2384 898 2414 fin
927 2383 1113 2423 Corippum
1143 2381 1388 2413 commentario
1413 2390 1455 2411 ex
1484 2380 1571 2409 Bou-

865 2433 1026 2474 garsianis
1041 2433 1256 2472 membranis,
1277 2433 1286 2449 ‘
1299 2432 1367 2464 Qui
1384 2441 1419 2462 se
1433 2429 1571 2460 Sidonio

867 2484 1044 2515 velandum
1060 2483 1207 2514 credidit
1230 2482 1345 2514 ostro)
1390 2481 1473 2511 Mox
1496 2488 1571 2509 cum

866 2534 954 2565 Aldo
971 2538 1007 2565 et
1025 2533 1221 2564 melioribus
1245 2532 1394 2573 scriptis,
1410 2538 1572 2570 nusquam,

866 2594 933 2615 non
957 2594 1126 2625 nunquam:
1161 2583 1316 2624 quamvis
1341 2584 1373 2612 in
1401 2578 1575 2612 contraria

868 2640 925 2666 eat
953 2634 1170 2666 Clarissimus
1196 2632 1372 2671 Barthius,
1398 2634 1433 2660 et
1459 2628 1572 2667 vulga-

869 2689 941 2716 tum
960 2688 1098 2716 tueatur
1113 2687 1257 2724 utroque
1274 2683 1359 2713 loco.
1396 2680 1442 2709 D.
1457 2677 1570 2708 Heins.

912 2738 975 2769 451
999 2736 1109 2769 Pascit
1121 2733 1207 2776 aves]
1236 2734 1384 2764 Pascere
1400 2737 1492 2770 aveS,
1507 2730 1571 2770 est,
