1852 3182
525 219 576 248 IN
614 217 845 248 RUFlNUM
882 218 976 248 LIB.
1012 218 1064 248 11.

63 320 173 348 turam
200 315 278 346 olei.
321 313 440 346 Jnnxit
461 316 571 342 antem
591 313 702 342 vinum
729 322 762 342 o-

61 369 127 405 lco,
155 366 243 407 quod
268 365 316 395 his
345 363 483 398 duobus,
511 371 598 401 pane
626 362 761 402 quidem

63 417 293 449 adintona-to,
307 418 467 444 contenta
485 412 587 452 possit
603 422 676 442 esse
695 413 763 442 vita

63 469 216 498 humana.
262 464 376 495 Barth.

104 521 165 547 355
196 514 363 547 Velleribus
386 516 541 553 quaeretur
552 513 661 552 honos]
687 513 765 543 Non

62 567 156 597 honor
167 564 305 606 scripti:
331 563 413 604 Reg.
427 568 462 594 et
475 563 588 595 Oxon.
601 563 676 603 ovis,
689 573 766 594 cum

1408 212 1520 254 1267

820 322 884 343 nno
901 313 1014 343 Vatic.
1061 313 1105 342 D.
1125 312 1237 343 Heius.

860 365 921 393 387
952 363 1104 393 Videbunt
1122 363 1250 403 virides]
1273 362 1388 394 Risum
1407 366 1520 398 viridi-

818 413 877 443 bus
894 413 965 452 (lat,
980 413 1058 454 qnia
1075 413 1179 443 oculis
1201 413 1353 443 lnnnanis
1383 414 1409 443 is
1433 417 1523 446 color

818 463 1039 502 gratissimus,
1055 468 1090 494 et
1106 463 1208 493 solius
1233 468 1404 504 praeterea
1419 464 1522 495 homi-

820 513 870 542 nis
884 513 995 544 ridere
1013 517 1076 544 est.
1121 512 1238 545 Barth.

748 904 832 945 IV.

249 1041 323 1088 IN
362 1038 696 1088 RUFINUM
732 1037 873 1084 LIB.
905 1037 977 1082 ΙΙ.
1018 1036 1335 1084 PRAEFAT.

102 1166 220 1198 Secuti
257 1165 498 1196 auctoritatem
523 1164 668 1194 Lucens.
693 1163 765 1204 Gy-

61 1217 143 1248 rald.
174 1222 209 1248 et
248 1217 378 1257 aliquot
413 1216 555 1246 aliorum
594 1214 764 1252 codicum,

61 1267 309 1309 praefationcin,
340 1277 415 1308 quae
457 1266 544 1297 bello
584 1265 766 1297 Gildonico

62 1318 202 1359 praefixa
219 1319 382 1349 hactenns
399 1317 590 1357 legebatur,
603 1316 679 1346 hnic
695 1316 766 1346 loco

62 1368 273 1399 inserendam
292 1367 493 1398 curavimus.
540 1365 698 1395 Bartliius
711 1374 766 1394 ex-

63 1418 191 1448 istimat
216 1417 256 1446 ad
284 1417 429 1457 aliquem
455 1426 495 1446 ex
526 1415 716 1455 deperditis
733 1415 768 1444 li-

64 1469 130 1499 bris
148 1469 330 1509 pertinere.
378 1469 420 1498 1).
440 1467 551 1498 Heius.

105 1522 124 1549 2
144 1519 208 1548 l’so
220 1518 379 1558 pernn'ssis
393 1517 493 1547 choris
508 1525 687 1556 perperam
701 1525 770 1555 per-

64 1569 173 1599 mixtis
201 1574 278 1598 ante
310 1568 484 1607 legebatur
519 1572 636 1597 contra
667 1565 768 1595 fidem

63 1620 238 1651 meliorum
251 1618 422 1649 codicum:
438 1617 596 1655 diximus,
608 1626 656 1647 iv.
670 1616 768 1646 Cous.

66 1670 156 1700 Hon.
172 1680 219 1700 vs,
235 1672 308 1699 61⁸.
324 1668 482 1708 permissis
494 1667 571 1697 rotis
586 1677 646 1706 pro
660 1666 769 1696 diver-

63 1729 99 1750 sa
113 1719 256 1749 lectione
271 1719 368 1758 prim.
381 1718 539 1748 vatican.
557 1716 663 1746 Panlo
676 1720 768 1755 post:

65 1770 108 1801 Et
129 1769 274 1800 Geticam
289 1768 397 1808 sensit,
415 1778 490 1799 cum
510 1767 660 1798 Claverii
682 1765 771 1797 libro

819 1163 976 1193 meliores
1005 1162 1124 1200 nostri,
1150 1171 1216 1192 non
1246 1161 1392 1192 Gildonis
1414 1162 1530 1194 sensit:

822 1213 911 1243 unde
930 1218 1027 1252 patet
1043 1213 1128 1243 lianc
1146 1211 1383 1252 praefationeni
1396 1212 1438 1243 ad
1456 1212 1531 1244 Gil-

823 1263 981 1295 donicum
999 1264 1123 1294 bellum
1139 1273 1202 1293 non
1222 1263 1409 1302 pertinere:
1429 1263 1531 1303 paulo

823 1319 901 1344 ante
928 1324 988 1354 pro
1014 1314 1137 1352 mugitu
1153 1314 1303 1344 deteriore
1326 1317 1423 1351 vetat,
1441 1313 1530 1344 idem

823 1365 919 1404 prim.
937 1364 1096 1395 Vatican.
1115 1373 1175 1403 pro
1200 1363 1333 1394 diversa
1349 1364 1531 1403 scriptura,

822 1418 924 1444 canat.
963 1414 1070 1444 Idem.

868 1468 906 1495 12
934 1465 975 1494 Et
994 1464 1150 1502 Geth-um,
1165 1462 1234 1503 dra]
1258 1462 1414 1503 Imperiti
1430 1463 1533 1494 homi-

824 1524 893 1553 πρε,
917 1515 999 1545 licet
1026 1515 1164 1544 alterius
1180 1513 1306 1552 saean,
1319 1523 1421 1554 quum
1439 1514 1533 1545 vide-

825 1570 900 1596 rent
927 1566 1014 1595 hunc
1033 1565 1154 1595 librum
1186 1564 1227 1594 de
1245 1564 1392 1594 Gildone
1416 1573 1532 1605 agere,

824 1625 945 1646 nomen
960 1615 1117 1645 Gildonis
1130 1614 1335 1643 substituere
1350 1615 1423 1644 ansi
1436 1619 1532 1654 sunt;

824 1665 914 1706 quod
933 1664 998 1695 fuit
1015 1665 1046 1694 in
1063 1673 1174 1702 causa,
1203 1673 1263 1693 cur
1287 1664 1422 1703 elegans
1438 1669 1535 1695 nota-

826 1726 899 1746 rum
911 1716 1059 1754 scriptor
1074 1714 1246 1754 putaverit
1258 1713 1320 1744 hoc
1334 1714 1532 1754 prooeniium

826 1775 892 1796 non
909 1775 982 1796 esse
999 1764 1095 1804 hujus
1112 1763 1189 1795 loci.
1237 1764 1360 1795 Clarer.

772 2101 833 2143 V.

427 2236 504 2285 IN
547 2234 882 2284 RUFINUM
927 2234 1070 2283 LIB.
1101 2233 1175 2284 II.

112 2364 215 2396 Initio
241 2363 339 2404 hujus
363 2363 442 2394 libri
459 2363 613 2395 maximae
633 2374 684 2395 res
703 2373 775 2404 ges-

70 2419 116 2447 tae
145 2414 333 2446 Theodosio
362 2414 589 2455 stringuntur,
615 2415 711 2446 velut
726 2420 775 2455 ty-

70 2475 251 2497 rannorum
281 2464 563 2505 expellendorum
584 2470 619 2495 et
634 2464 775 2505 Imperii

69 2515 146 2548 filiis
162 2516 392 2548 constituendi
410 2516 520 2556 gratia
551 2516 584 2546 in
610 2516 709 2546 terris
725 2514 775 2546 fu—

70 2565 152 2597 isset
168 2567 194 2597 is
208 2566 423 2606 Imperator3
448 2575 514 2607 quo
531 2565 669 2605 negotio
684 2570 774 2596 ntro-

72 2625 138 2656 que
156 2615 312 2648 confecto
328 2616 361 2646 in
375 2616 498 2647 coelnm
515 2615 666 2646 redierit.

116 2667 133 2694 1
156 2665 230 2695 «Iam
256 2669 326 2705 post
349 2666 500 2697 edomitus
531 2665 653 2706 Alpeis]
698 2665 775 2696 Hoc

72 2719 140 2753 est,
171 2723 309 2754 prorsus
333 2717 499 2757 planeque
537 2716 696 2757 domitas,
724 2716 775 2748 uti

68 2765 142 2806 jam
171 2764 262 2795 nulla
287 2765 451 2798 ulteriore
478 2776 592 2809 pugna
614 2776 699 2807 opus
719 2767 777 2797 ha-

830 2363 944 2394 beant.
988 2363 1043 2394 Sic
1072 2363 1105 2393 in
1132 2371 1187 2393 m.
1217 2360 1307 2393 Hon.
1325 2360 1427 2393 Cons.
1443 2361 1453 2379 ‘
1469 2359 1534 2392 Ille

830 2414 936 2446 leveis
950 2415 1091 2446 Mauros
1114 2425 1177 2446 nec
1206 2413 1290 2445 falso
1305 2413 1440 2445 nomine
1456 2413 1535 2444 Pic-

831 2471 882 2497 tos
898 2465 1080 2497 Edomuit.’
1105 2465 1163 2496 lib.
1177 2475 1203 2496 1.
1216 2465 1258 2496 de
1275 2464 1381 2495 Laud.
1399 2462 1534 2494 Stilich.

831 2518 840 2533 ‘
870 2517 1082 2557 totidemque
1111 2516 1230 2547 (liebus
1265 2514 1425 2545 Edomuit
1450 2512 1537 2543 Rhe-

831 2577 908 2598 num
927 2573 1009 2608 qnot
1027 2577 1083 2597 vos
1098 2566 1255 2608 potuistis
1272 2565 1304 2595 in
1321 2563 1439 2594 annis!
1474 2562 1536 2593 Co-

830 2618 961 2658 rippus,
990 2618 1049 2649 lib.
1066 2626 1121 2648 111.
1158 2617 1166 2633 ‘
1185 2615 1254 2646 Sub
1271 2623 1337 2655 qno
1355 2609 1535 2643 Vandalici

831 2668 1035 2699 ceciderunt
1058 2673 1174 2707 strage
1190 2664 1339 2706 tyranni,
1373 2659 1537 2692 Edomiti-

831 2728 898 2760 que
913 2717 1038 2749 Getae.’

875 2767 986 2809 Alpes]
1008 2766 1196 2800 Victoriam
1216 2760 1393 2796 Theodosii
1408 2759 1451 2792 de
1466 2759 1535 2792 Eu·
