1851 3213
291 188 406 230 1212

294 293 410 324 Persae
428 293 554 333 ignem.
578 294 693 324 Barth.

338 343 576 384 Flammigeris]
599 345 684 375 Sunt
705 344 761 385 qui
779 345 846 385 leg.
861 344 1002 385 flammi-

287 393 392 432 feris:
422 394 617 426 flammiferi
647 396 798 426 hinnitus
837 405 999 436 equorum

295 444 381 475 Solis
408 450 508 476 suut:
542 450 578 476 ut
603 451 637 477 et
666 446 768 476 Ovid.
800 447 941 476 Metam.
962 455 1001 476 11.

295 496 305 511 4
323 495 510 526 hinnitibus
546 506 643 527 auras

296 546 415 586 pleut.’

340 597 495 628 Blandum
525 598 715 638 complexus]
761 597 802 629 Τὸ
828 600 900 639 πᾶν,
935 599 1003 629 uni-

296 658 426 680 versam
445 659 556 680 reruni
575 650 776 681 machinam.

683 496 911 527 Flammiferis
944 497 1002 527 ini·

818 652 1003 691 Comple.rus

298 699 372 730 scil.
389 701 479 739 luce,
507 701 623 739 radiis,
645 701 802 742 fulgore:
840 703 887 732 sic
913 702 1001 732 euim

298 751 421 782 Poetae
450 762 534 782 voce
562 752 815 792 complectendi
851 758 1001 782 utuntur.

303 801 424 842 Papin.
450 804 545 843 Equo
565 804 657 833 Max.
691 806 699 819 ⁴
717 804 801 835 Qum
824 812 927 841 super
944 803 1003 832 ini-

300 853 413 892 posito
441 854 545 882 moles
572 854 741 893 geminata
770 855 899 883 colosso
927 853 1004 884 Stat

301 903 438 933 Latium
457 904 636 943 complexa
652 903 786 934 forum.v
833 904 1007 944 Cujusno-

298 953 497 983 bilissiuuun
511 953 615 984 decus
628 961 711 992 erat,
725 955 883 996 qnodque
895 954 1006 986 forum

299 1003 506 1035 illustrabat.
553 1006 616 1035 Vel
634 1005 674 1036 ad
694 1016 829 1037 cursum
845 1013 903 1037 aut
919 1007 1008 1038 vota-

302 1058 387 1092 tum,
404 1055 545 1096 ejusque
564 1056 782 1087 velocitatem
800 1062 951 1097 spectat.

345 1107 365 1135 2
396 1105 501 1135 Volcis
514 1105 787 1145 irze.r}1‹1usto‚45·c.]
803 1108 917 1148 Longe
933 1108 1010 1138 doc-

304 1153 435 1188 tissima
453 1156 616 1195 temporis
640 1157 858 1197 periphrasis,
885 1159 974 1199 quod
993 1169 1011 1189 a

303 1205 382 1236 Sole
400 1216 460 1245 per
477 1216 604 1237 annuos
630 1217 786 1239 recursus
812 1210 959 1240 vei-titur
975 1215 1011 1241 et

305 1257 540 1294 constituitur,
557 1257 589 1287 in
605 1258 721 1288 orbern
741 1259 939 1289 immensum
962 1270 1012 1289 re-

306 1305 402 1336 diens
420 1307 461 1336 ab
489 1317 640 1346 emenso,
665 1318 769 1348 seque
786 1315 946 1349 repetens
963 1315 1012 1341 at-

307 1366 373 1397 que
400 1357 597 1388 conficiens.
654 1359 741 1390 Inde
779 1370 885 1391 annus
919 1363 1014 1402 quasi

308 1408 464 1445 annulus,
480 1408 569 1448 quod
587 1408 620 1438 in
638 1419 673 1439 se
690 1410 820 1442 redeat.
869 1411 923 1442 Sic
939 1413 1015 1443 Vir-

309 1458 366 1498 gil.
385 1458 449 1489 Ge.
465 1468 505 1489 11.
518 1462 591 1490 401.
608 1461 617 1476 4
634 1461 725 1491 redit
742 1462 899 1502 agricolis
920 1463 1016 1494 labor

309 1513 403 1539 actus
420 1509 454 1539 in
470 1510 600 1549 orbem,
624 1510 741 1552 Atque
771 1513 804 1542 in
821 1523 855 1543 se
879 1523 1017 1554 suaper

310 1560 456 1601 vestigia
473 1562 622 1593 volvitur
640 1563 767 1594 annus.’
793 1564 908 1596 Barth.

353 1613 372 1641 3
397 1611 532 1642 Meliore
542 1613 643 1653 coma]
660 1614 773 1644 Radiis
785 1615 1016 1647 nitidioribus.

354 1664 374 1692 4
403 1662 559 1693 Blandius
589 1665 668 1694 elato
698 1666 843 1706 surgunt]
895 1668 1017 1698 Placet

312 1712 475 1752 Isingrini
504 1714 622 1753 lectio,
647 1715 795 1747 rubeant.-
831 1717 879 1747 sic
906 1723 940 1748 et
968 1729 1017 1749 se-

313 1763 432 1804 quenti
461 1773 559 1795 versu
593 1766 602 1781 ⁴
626 1776 761 1797 roseum
787 1767 944 1800 efflantes
972 1770 1019 1810 ig-

313 1813 402 1844 nem’
435 1813 548 1845 dixit:
581 1816 748 1856 quomodo
783 1819 905 1851 ⁴rosea
934 1821 1018 1852 lora'

313 1865 435 1896 Phoebi
453 1865 547 1906 equis
574 1877 593 1897 a
619 1867 729 1899 Statio
754 1868 892 1909 dantur,
914 1872 1019 1904 Theb.

314 1924 371 1947 111.
396 1917 405 1932 ⁴
421 1916 536 1946 laxant
550 1918 654 1948 roseis
666 1919 927 1951 humenti-aloris
938 1922 1021 1953 Pec-

316 1972 392 1998 tora
406 1966 425 1997 ε’
460 1967 509 1998 ita
532 1967 620 1998 bene
639 1969 781 2009 scripti3
817 1980 884 2001 non
900 1972 1020 2004 calidis.

315 2018 372 2049 De
399 2016 533 2048 Aurora
559 2018 660 2049 Silius
688 2020 743 2050 lib.
760 2029 784 2052 1.
811 2021 819 2036 ‘
838 2031 1021 2064 roseasque

316 2067 477 2098 movebat
502 2068 672 2101 habenas!
709 2069 877 2111 Apposite
906 2078 1023 2106 noster

317 2117 619 2158 Gigantomachia‚
645 2122 653 2136 ⁴
668 2119 847 2163 flectitque
863 2124 1023 2157 rubentes

318 2168 467 2200 Phoebus
481 2169 608 2211 equos.’
633 2171 790 2202 Blandum
802 2173 910 2205 rubere
925 2175 1024 2216 dixit,

318 2223 357 2250 ut
383 2220 391 2235 ‘
410 2220 510 2251 dulce
536 2220 670 2252 rubere'
697 2222 825 2253 Statius
849 2225 953 2256 Theb.
974 2235 1024 2258 1v.

320 2270 328 2287 ‘
344 2270 458 2301 Dulce
472 2270 596 2301 rubens
612 2272 781 2314 viridique
806 2284 908 2314 genas
930 2286 1024 2317 spec-

321 2319 436 2351 tabilis
454 2331 527 2352 aevo
541 2321 561 2351 :³
586 2327 621 2353 et
646 2325 653 2339 ‘
672 2323 772 2354 dulce
790 2325 924 2356 rubenti
949 2328 1026 2358 Mu-

321 2370 401 2401 rice’
427 2370 584 2411 epicedio
610 2372 783 2404 Glauciae:
822 2380 856 2405 et
879 2377 887 2392 ‘
909 2377 1025 2408 laetum

321 2419 456 2452 rubere’
489 2419 700 2453 Achilleide:
734 2423 743 2438 ⁴
769 2424 944 2456 Mulcetur
968 2428 1026 2458 lae-

321 2475 460 2512 tumque
479 2470 600 2502 rubet.’
645 2472 700 2503 Sic
724 2479 819 2505 recte
842 2477 1028 2509 Vossianus

321 2521 408 2554 liber
425 2522 549 2562 aliique
565 2524 718 2554 nonnulli
743 2535 762 2555 a
786 2533 838 2555 me
855 2527 1002 2568 inspecti
1019 2540 1026 2560 :

324 2576 360 2604 et
387 2573 508 2603 crudele
533 2573 640 2603 rubere
663 2574 767 2605 Theb.
796 2584 854 2606 111.
883 2578 892 2593 4
909 2579 1029 2619 quanti

326 2623 465 2654 crudele
483 2623 650 2654 rubebitis
673 2625 822 2656 amnes!
856 2626 912 2657 ubi
935 2638 1029 2667 quan·

325 2677 393 2705 tum
413 2683 595 2714 perperam
616 2674 766 2714 vulgati:
789 2685 902 2706 saevum
923 2677 1030 2710 rubere

326 2725 447 2756 eodem
457 2725 558 2756 libro:
576 2725 584 2740 ⁴
597 2725 728 2756 incurvi
741 2736 868 2758 saevum
882 2728 1029 2760 rubuere

327 2778 486 2819 ligones?
508 2777 606 2809 altum
624 2776 732 2809 rubere
747 2777 854 2811 Theb.
870 2788 936 2812 vn.
954 2783 1029 2813 762.

562 199 706 229 NOTAE
740 199 1007 230 VARIORUM
1043 199 1096 229 IN
1132 201 1206 230 CL.
1241 201 1426 231 CLAUD.
1460 201 1490 230 1.

1054 297 1088 324 et
1105 294 1214 326 Theb.
1232 304 1282 325 lx.
1308 298 1382 327 439.
1399 294 1488 333 forte
1510 294 1620 326 rubere
1645 294 1760 327 Achil-

1053 344 1159 375 leidos
1176 354 1215 376 11.
1239 347 1247 362 ‘
1267 345 1315 377 At
1338 345 1428 376 ferus
1447 345 1603 376 AEacides
1628 346 1761 377 radian-

1055 401 1123 427 tem
1136 403 1173 428 ut
1188 399 1338 429 cominus
1351 399 1479 435 orbem,
1493 398 1661 429 Caelatum
1676 408 1758 439 pug-

1054 458 1126 488 nas,
1149 450 1247 479 saevis
1272 456 1307 481 et
1332 449 1420 481 forte
1445 450 1623 479 rubentem
1647 449 1761 480 Bello-

1055 509 1126 529 rum
1154 501 1306 539 maculis,
1333 501 1499 531 act-linem
1528 499 1760 540 et,conspicit

1055 550 1210 581 hastam)
1255 551 1322 582 Ubi
1350 551 1482 589 wofurte
1500 559 1681 591 perperam
1700 559 1761 590 pro

1054 601 1216 632 adverbio
1234 602 1544 632 sumitur-:ccelatum
1558 610 1680 640 pugnas
1696 599 1764 630 ele-

1055 654 1150 693 ganti
1169 652 1357 683 Graecisnio
1375 657 1528 682 vetustus
1543 651 1654 682 codex
1668 649 1762 681 exhi-

1055 705 1130 735 bet:
1158 705 1286 741 vulgati
1302 704 1429 743 pugnis,
1455 704 1500 733 D.
1517 702 1637 733 Heius.

1099 755 1265 793 Blandias,
1293 754 1363 793 ἔγω]
1394 754 1575 784 'senionem
1607 751 1764 782 blandius

1057 806 1215 836 attollere
1230 805 1391 835 dicuutur
1409 803 1698 844 repexijugale53
1723 811 1766 832 ne

1057 856 1130 886 scil.
1149 865 1224 886 cum
1253 854 1367 885 surore
1391 855 1519 891 ineant,
1547 859 1605 883 aut
1635 851 1766 892 asperis

1058 907 1189 942 animis,
1204 906 1271 936 diei
1287 905 1375 935 illius
1392 914 1539 935 cursum.
1565 903 1681 934 Barth.

1102 963 1119 989 5
1156 957 1290 987 Roseum
1321 955 1439 995 ignem]
1473 953 1766 985 Rubicundiorem

1059 1009 1192 1047 diurno,
1218 1008 1326 1049 qualis
1349 1007 1434 1037 solet
1458 1015 1532 1036 esse
1548 1004 1691 1035 Aurorae
1717 1012 1770 1034 as-

1060 1065 1192 1100 pectus.
1252 1058 1441 1089 Suavitatis
1474 1066 1557 1097 ergo
1586 1055 1679 1086 colos
1709 1060 1774 1093 est,

1060 1111 1134 1150 ipso
1152 1110 1285 1140 nomine
1303 1118 1443 1138 vernum
1466 1112 1501 1138 et
1517 1107 1623 1137 hilare
1641 1104 1769 1147 aliquid

1061 1160 1224 1199 inferens,
1246 1159 1389 1190 Veneris
1405 1158 1675 1197 Gratiarnmque
1694 1154 1771 1186 flori

1062 1213 1241 1243 concolore
1267 1214 1468 1250 conspectu.
1512 1209 1584 1248 Ipsi
1611 1207 1770 1238 consules

1061 1264 1117 1294 vix
1134 1263 1242 1303 primo
1259 1261 1341 1292 flore
1355 1261 1471 1291 vestiti
1485 1270 1600 1300 genas,
1614 1257 1770 1289 floridum

1064 1314 1167 1352 diem,
1196 1321 1396 1352 roseumque
1424 1311 1537 1341 Solem
1565 1309 1771 1340 videbantur

1065 1374 1265 1404 exposcere.
1290 1363 1406 1393 Bur-lh.

1108 1419 1128 1446 ὃ
1154 1415 1322 1445 Germanis
1345 1413 1453 1453 Coum]
1495 1414 1575 1444 Non
1599 1417 1713 1443 tamen
1739 1412 1773 1443 hi

1067 1466 1168 1507 primi
1181 1464 1303 1495 fratres
1318 1464 1501 1495 Consules:
1527 1462 1588 1493 sub
1607 1463 1774 1493 Constan-

1068 1517 1138 1548 tino
1161 1516 1323 1547 Julianum
1349 1520 1385 1545 et
1412 1514 1581 1544 Paulinum
1604 1513 1679 1553 lego
1708 1512 1775 1543 Ro-

1067 1578 1183 1599 manas
1198 1567 1333 1598 curules
1347 1566 1509 1597 tenuisse.

1110 1618 1234 1658 Annus]
1260 1618 1405 1649 Nomine
1436 1627 1495 1647 suo
1528 1625 1651 1646 annum
1676 1614 1777 1655 insig-

1068 1669 1153 1707 nire,
1169 1670 1230 1699 hoo
1246 1674 1311 1707 est,
1331 1668 1510 1698 Consulem
1524 1676 1612 1705 esse,
1628 1674 1775 1696 summus

1070 1724 1150 1749 tunc·
1167 1729 1299 1760 quoque
1317 1719 1435 1748 honos.
1464 1717 1580 1748 Barth.

1116 1770 1259 1809 Vestigia
1294 1771 1437 1808 torqueat
1476 1767 1589 1806 annus]
1646 1767 1777 1807 Legen-

1070 1821 1150 1852 dum
1174 1818 1476 1858 videturfustigia:
1498 1818 1777 1853 sic,consularem

1071 1872 1275 1913 dignitatem
1298 1875 1420 1902 vocant
1445 1875 1513 1901 tam
1539 1874 1655 1900 noster
1676 1878 1777 1909 quam

1073 1924 1129 1954 alii
1146 1928 1326 1954 auctores:
1350 1927 1511 1962 torquere
1541 1924 1655 1951 autem
1681 1917 1778 1950 fasti-

1073 1974 1127 2014 gia
1143 1974 1197 2004 vel
1213 1973 1512 2012 consulatum‚pro
1523 1980 1610 2001 anno
1627 1979 1685 2000 seu
1699 1978 1779 2000 con·

1074 2025 1200 2055 solatus
1220 2028 1387 2063 tempore.
1432 2020 1540 2061 Infra,
1554 2021 1617 2051 hoc
1631 2019 1703 2059 ipso
1720 2029 1779 2060 pa-

1074 2075 1248 2116 negyrico,
1277 2074 1337 2105 ‘ad
1353 2072 1475 2104 summi
1492 2071 1628 2113 quoties
1641 2069 1780 2111 fastigia

1069 2126 1158 2166 juris
1172 2125 1317 2156 Venerit
1332 2125 1353 2155 ε’
1380 2124 1436 2155 ubi
1462 2124 1550 2154 male
1571 2122 1676 2153 etiam
1689 2121 1781 2152 vesti-

1071 2177 1127 2216 gia
1140 2177 1172 2207 in
1190 2175 1328 2215 scriptis
1341 2173 1554 2216 quibusdam.
1586 2172 1684 2203 Silius
1699 2180 1782 2202 sum-

1073 2227 1219 2265 mumjus
1232 2231 1331 2257 vocat
1346 2225 1572 2256 consulatum.
1605 2223 1720 2264 Atque
1733 2221 1782 2253 ita

1075 2277 1134 2307 lib.
1166 2286 1207 2307 11.
1240 2276 1272 2306 in
1303 2275 1508 2316 Eutropium
1531 2274 1607 2314 lego
1634 2283 1675 2303 ex
1707 2271 1783 2313 pani

1076 2328 1290 2368 conjectura,
1328 2328 1336 2343 ⁴
1359 2326 1531 2366 Nullaque
1561 2323 1687 2355 calcati
1716 2327 1784 2354 sta-

1077 2384 1153 2410 rent
1169 2376 1432 2418 fastigiajuris)
1455 2386 1502 2408 vl.
1530 2377 1630 2407 Cons.
1650 2374 1784 2406 Honor.

1077 2429 1263 2469 ‘nulloque
1289 2429 1395 2468 inagis
1431 2437 1467 2458 se
1502 2426 1588 2458 colle
1627 2429 1782 2466 potestas

1077 2479 1246 2518 AEstimat,
1275 2484 1311 2509 et
1346 2478 1467 2508 sumini
1498 2477 1604 2508 sentit
1641 2475 1786 2516 fastigia

1071 2529 1183 2571 juris.'
1210 2529 1283 2560 Lib.
1310 2537 1350 2559 11.
1375 2528 1408 2558 iu
1435 2528 1547 2558 Stilic.
1570 2527 1579 2543 ⁴
1597 2527 1679 2556 Plus
1703 2526 1784 2558 ideo
1811 2531 1813 2533 ’

1079 2579 1243 2611 sumenda
1258 2578 1322 2609 tibi
1334 2576 1582 2617 fastigiajuris,
1595 2576 1650 2607 Ne
1663 2579 1784 2616 pereat

1078 2634 1149 2661 tam
1173 2628 1305 2669 priscus
1325 2625 1452 2658 honos?
1497 2626 1639 2667 Nuptiis
1656 2625 1785 2657 Celeri·

1078 2691 1153 2711 nae:
1187 2680 1195 2696 ⁴
1211 2679 1323 2710 tenuit
1351 2688 1489 2709 summae
1513 2677 1653 2718 fastigia
1681 2676 1786 2718 sedis,

1079 2732 1187 2762 Eoum
1216 2726 1333 2761 stabil‘i
1362 2729 1559 2760 moderatus
1580 2730 1660 2770 jure
1687 2738 1784 2762 sena-

1079 2787 1152 2815 tum
1167 2781 1188 2814 ι’
1201 2781 1342 2823 fastigia
1364 2791 1426 2825 pro
1446 2780 1617 2823 dignitate
1632 2781 1785 2824 Impera·
