1852 3182
390 220 452 250 DE
486 218 557 247 111.

77 316 84 332 ·'
103 317 204 356 Sylva
220 315 323 346 comis
351 314 472 344 vestita
500 310 773 350 virct‚nidosquc

78 367 232 407 loquaces
250 365 393 395 Exliibct
408 363 425 393 :'
444 363 539 402 plura
554 361 594 391 ad
610 370 678 391 rem
692 361 773 390 Bar-

80 417 167 447 thins
182 417 269 446 curis
283 413 442 444 secundis.
470 422 543 441 mox
561 420 643 441 cave
658 410 773 441 audias

80 468 232 507 legentes
259 465 411 495 Naturam
438 462 518 493 rires
537 467 656 492 contra
672 461 773 491 fidem

80 517 346 547 membranarum
364 513 628 552 castigatior-um.
666 513 775 551 Virgi-

80 566 113 595 lii
139 566 247 595 locum
273 563 464 593 observavit
494 573 628 604 quoque
647 563 776 593 Nonius

81 615 273 646 Marcellus.
319 612 468 643 Solinus:
495 614 504 629 ‘
519 612 598 643 Ales
616 618 667 642 est
683 612 774 643 Ibis:

80 675 120 697 ea
132 668 326 703 serpentum
345 664 525 703 pabulatur
542 673 617 701 ova,
628 663 777 703 gratissi-

78 723 232 754 mamque
250 724 290 744 ex
319 714 368 744 lus
391 724 503 744 escam
520 714 605 744 nidis
631 714 697 744 suis
722 713 778 743 dc-

77 763 168 795 fert!
194 764 324 796 Glossae
345 770 490 802 veteres,
516 764 780 802 Neomrbsmidus,

77 814 190 854 pulbis.
259 814 350 845 Naso
385 814 613 845 Medicamine
652 813 777 844 faciei:

78 864 87 879 ‘
105 863 229 904 Adjice
253 864 295 894 de
322 865 462 905 querulo
490 865 658 895 volucrum
677 864 781 894 medi-

80 914 212 944 camina
233 914 332 950 nid03
361 914 432 944 Ore
460 912 578 953 fugant
610 915 780 951 maculus;

82 963 258 1004 Alcyonen
282 964 427 996 vocant!
475 966 603 996 Seneca
632 965 781 995 Hercule

81 1014 251 1045 Furente:
290 1015 451 1045 ‘Pendet
481 1024 607 1045 summo
638 1014 783 1044 stridula

84 1073 187 1103 ramo,
214 1065 416 1104 Penuasque
445 1074 531 1095 novo
558 1064 692 1095 tradere
721 1064 781 1094 soli

83 1113 201 1145 Gestit
223 1114 379 1153 querulos
403 1114 492 1143 inter
515 1114 610 1144 nidos
640 1113 783 1144 Thracia

82 1162 219 1203 pellex!
264 1173 341 1193 mox
369 1164 561 1202 Degenerem
591 1165 689 1194 risum
718 1165 783 1195 Lu-

83 1223 172 1246 cens.
190 1219 223 1244 et
241 1214 295 1244 alii
313 1214 451 1254 aliquot.
478 1215 522 1245 D.
542 1214 653 1245 Heius.

128 1264 292 1304 Implumes
324 1264 425 1303 nidos]
461 1265 538 1295 Nidi
570 1270 647 1295 sunt
673 1264 783 1295 avium

84 1315 182 1355 pulli,
211 1315 394 1346 Poetarum
423 1325 494 1346 usu.
528 1317 700 1355 Virgilius,
719 1316 785 1346 Ge.

86 1374 136 1397 vl.
153 1364 194 1395 de
208 1364 337 1404 Apibus
350 1370 385 1396 et
400 1365 645 1396 Hiruudinilms
660 1377 667 1396 ι
682 1366 690 1381 ‘
704 1365 785 1395 Orn-

86 1415 141 1445 nia
157 1425 233 1445 nam
251 1417 317 1446 late
335 1421 478 1455 vastant,
504 1417 659 1456 ipsasque
673 1416 786 1446 volan-

87 1470 138 1496 tes
155 1465 223 1495 Ore
241 1464 366 1503 serunt,
389 1466 522 1497 dulcem
550 1466 637 1496 nidis
655 1465 788 1496 immiti-

88 1515 150 1546 bus
165 1516 300 1546 escam.'
324 1516 439 1546 Barth.

131 1569 151 1597 9
175 1565 316 1605 Resugo]
356 1565 400 1596 At
432 1566 567 1596 humani
596 1566 685 1596 oculi
713 1566 788 1596 luce

88 1615 222 1646 directa
251 1621 285 1645 et
317 1615 416 1645 nimia
446 1615 636 1652 laeduntum
678 1624 789 1655 neque

88 1664 165 1695 ideo
182 1665 243 1695 viri
262 1665 373 1705 magni
391 1671 426 1696 et
442 1675 570 1696 musaeo
596 1675 654 1696 suo
671 1663 788 1704 adfixi,

86 1720 167 1746 suut
183 1715 380 1755 degeneres.
408 1716 530 1746 Clarer.

133 1768 173 1796 10
197 1766 252 1796 Ira
280 1766 426 1806 paterno]
473 1765 597 1797 Occidi
625 1775 644 1796 a
681 1769 791 1806 patre,

89 1816 209 1848 scribit
225 1816 443 1847 Aristoteles.
487 1816 599 1847 Barth.

134 1869 172 1897 ll
193 1867 416 1906 Exploratores
432 1867 533 1907 ignes]
558 1865 610 1897 Ab
627 1866 714 1906 ignis
736 1875 792 1896 na-

93 1922 167 1949 tura
183 1918 343 1957 exigente
356 1917 478 1947 omnia.
532 1916 588 1947 Sic
610 1917 792 1956 Explorato-

91 1965 217 2003 resfoci
236 1966 398 2003 Martiali,
413 1966 468 1996 lib.
482 1974 563 1996 v111.
582 1965 680 2004 Epig.
698 1968 750 1995 51.

138 2018 177 2046 12
203 2015 416 2054 Sustinuitque
438 2013 518 2053 acie]
559 2015 625 2044 Res
649 2019 730 2044 nota
753 2023 795 2044 ex

95 2065 250 2104 superius
277 2064 456 2104 adscriptis
481 2068 655 2094 auctorum
673 2063 795 2094 verbis.

96 2114 376 2154 Philosophorum
410 2119 523 2145 autem
561 2115 797 2154 prudentiores

96 2165 159 2195 hoc
191 2165 349 2204 exemplo
373 2174 440 2195 uon
466 2165 628 2205 quaelibet
652 2165 798 2202 ingenia,

97 2219 156 2246 aut
198 2215 367 2256 quoslibet
405 2215 555 2246 homines
594 2216 798 2246 institutioni

99 2270 158 2298 aut
180 2265 369 2307 disciplinae
387 2274 455 2296 suae
481 2264 722 2306 admittebant,
737 2266 797 2297 sed

590 216 728 246 CONS.
761 216 947 246 HONOR.
980 216 1198 247 PRAEFAT.

1406 207 1520 250 1:307

824 320 964 350 quorum
991 309 1117 340 animos
1144 310 1235 340 velut
1259 319 1319 349 per
1342 320 1521 351 corporum

826 359 1037 389 habitudines
1054 360 1325 397 exploraverant.

868 410 944 440 Acie
972 410 1130 449 nobiliore]
1175 408 1405 438 Contemtricc
1437 411 1524 449 peri-

825 460 989 489 culorum.
1039 458 1206 489 Nobilitas
1231 458 1331 488 animi
1355 464 1387 487 ct
1405 468 1524 498 corpo-

827 510 872 540 ris
886 510 918 539 in
936 514 1109 540 contemtu
1130 514 1164 539 et
1180 508 1395 549 superatiout¹
1409 509 1528 539 discri-

827 560 964 589 minum.
993 562 1069 592 Quo
1087 564 1223 599 spectat
1239 558 1321 588 illud
1341 558 1528 598 vulgatum,

826 610 835 624 ‘
857 609 1027 639 Nobilitas
1052 609 1122 639 sola
1148 614 1199 639 est
1222 613 1326 649 atque
1353 608 1450 638 unica
1465 607 1528 638 vir·

830 659 904 690 tus.'
929 660 1045 690 Barth.

874 712 912 739 13
943 709 1163 749 Volucrumque
1177 708 1299 749 potens]
1333 709 1527 749 Imperator

830 764 887 789 aut
905 760 1082 800 Princeps.
1106 760 1203 791 Idem.

876 812 914 840 tt
940 810 1093 840 Ges-turus
1114 809 1244 849 summo]
1282 810 1421 841 Fulmen
1449 808 1530 840 Jovi

832 864 1002 900 sceptrum
1030 860 1112 890 dunt
1137 859 1267 897 Poeta),
1292 859 1436 899 Sceptro
1459 868 1533 899 ges-

833 910 987 940 tatriceru
1005 910 1175 951 Aquilam,
1200 913 1238 940 ut
1263 910 1314 939 vis
1332 918 1480 950 superna
1496 913 1532 940 et

832 960 1036 990 inevitabilis
1057 964 1238 990 caveretur
1262 959 1356 990 bouis
1383 958 1532 990 moribus

833 1014 868 1040 et
885 1009 997 1048 factis,
1024 1019 1156 1049 poeuam
1184 1014 1284 1049 atque
1306 1009 1470 1039 ultionem
1492 1008 1532 1039 iis

835 1059 1063 1090 administrari
1088 1059 1241 1097 ducibus,
1264 1059 1321 1098 qui
1337 1063 1450 1089 essent
1466 1068 1534 1088 om-

835 1110 925 1139 nium
950 1109 1118 1148 acerrimi,
1142 1108 1168 1137 si
1194 1108 1251 1147 qui
1278 1107 1374 1137 malis
1391 1117 1426 1137 se
1443 1107 1534 1138 vitiis

835 1159 1081 1190 submisissent.
1123 1158 1220 1188 Idem.

882 1213 918 1241 15
945 1210 1065 1240 Pieriis
1101 1211 1255 1239 tentatum
1281 1208 1392 1248 saepius
1421 1207 1537 1248 antris]

836 1261 876 1292 In
894 1261 1009 1291 umbra
1023 1260 1220 1291 Studiorum
1245 1259 1464 1295 Musicorum,
1488 1258 1538 1288 in·

836 1321 901 1351 que
915 1310 1203 1350 speculationibus
1222 1310 1374 1348 Musicis,
1389 1309 1538 1340 carmine

837 1361 972 1398 clausis,
1003 1360 1196 1400 ingeniique
1236 1359 1419 1391 exercendi
1455 1368 1538 1399 ergo

839 1411 1016 1441 recitatis:
1051 1419 1138 1440 nunc
1174 1419 1253 1440 vero
1284 1410 1317 1439 iu
1350 1410 1476 1440 Lucem
1502 1418 1537 1438 sc

840 1461 979 1501 Regiam
993 1459 1117 1490 audere
1133 1460 1267 1500 prodire
1280 1459 1376 1497 dicit,
1390 1464 1424 1489 et
1435 1458 1539 1499 ipsius

841 1510 1062 1551 Imperatoris
1091 1510 1225 1540 auribus
1249 1510 1395 1550 probare
1422 1510 1539 1540 Musas

840 1572 926 1592 suus.
953 1562 1050 1592 Idem.

884 1615 923 1642 16
949 1613 1068 1651 Magna
1086 1611 1199 1651 Roma]
1236 1612 1325 1642 Sane
1343 1611 1436 1651 cujus
1454 1620 1541 1642 com-

841 1662 1018 1702 paratione
1049 1662 1123 1692 aliae
1151 1671 1266 1692 omnes
1291 1661 1446 1692 civitates
1468 1659 1542 1691 fue-

841 1713 911 1743 rint
926 1712 1054 1742 minuta
1070 1711 1208 1752 oppida.

885 1761 949 1792 Suo
961 1762 1044 1801 Deo]
1070 1761 1178 1792 Roma
1195 1760 1348 1797 Coelum;
1377 1758 1462 1790 Coeli
1478 1758 1544 1790 De·

843 1821 894 1849 us,
912 1811 1114 1851 Imperator.
1138 1810 1252 1841 Barth.

888 1864 925 1892 17
950 1862 1024 1891 Jam
1038 1861 1176 1892 dominas
1187 1860 1290 1900 aures]
1313 1860 1416 1891 Aures
1430 1863 1544 1890 autem

845 1912 1001 1943 Dominus
1029 1913 1246 1952 praesentiam
1267 1916 1302 1942 et
1329 1910 1546 1952 approbatio·
1592 1936 1594 1938 .

845 1972 921 1992 nem
947 1962 1044 1992 simul
1076 1961 1219 1992 Honori·
1251 1961 1421 2001 Principis
1451 1964 1546 1991 autu-

846 2018 928 2050 mat,
946 2022 1021 2043 cum
1039 2022 1079 2043 ea
1095 2018 1192 2052 parte
1207 2013 1379 2044 Judicium
1399 2021 1546 2052 praesens

847 2062 1024 2093 Po’ezucum
1043 2072 1135 2102 saepe
1152 2063 1338 2102 scriptores
1355 2063 1548 2102 designent.

850 2111 988 2143 Persius
1018 2112 1058 2142 de
1091 2113 1176 2142 acris
1200 2111 1322 2152 judicii
1356 2112 1547 2151 Magistro:

851 2165 859 2180 ⁸
877 2163 1009 2193 Stoicus
1037 2162 1103 2199 liic,
1127 2172 1242 2192 aurem
1272 2162 1425 2192 mordaci
1457 2161 1548 2192 lotus

850 2211 973 2243 aceto.’
1001 2211 1124 2244 Acutae
1148 2221 1260 2253 aures,
1276 2211 1548 2253 acrejudicitun.

850 2263 946 2296 Idem.
