1851 3213
285 216 402 260 1062
765 230 842 260 cn.
874 227 1156 260 CLAUDIAM
1191 228 1277 259 XL.

285 322 521 365 Certavere
544 323 647 365 serae
670 323 995 378 picturataeque
1014 324 1230 374 volucres,

340 391 473 433 Dona
492 405 570 433 suo
594 393 683 433 vati
705 406 804 446 quae
827 393 1005 446 potiora
1025 392 1191 433 darent.

284 458 467 513 Quippe
490 461 600 500 antri
622 473 858 509 memores,
883 465 1038 500 cautes
1056 461 1133 499 ubi
1157 473 1277 513 saepe
1300 472 1470 501 sonorae
1717 459 1752 500 25

340 525 626 567 Praebuerant
648 528 765 567 dulci
786 528 896 567 mira
917 527 1086 567 theatra
1108 528 1232 580 lyrae,

284 593 518 636 Caucaseo
539 596 748 649 crystalla
768 595 912 636 serunt
934 596 988 636 de
1011 596 1171 636 vertice
1190 596 1357 649 lynces,

341 662 551 716 Gryphes
571 663 851 717 Hyperborei
872 663 1064 717 pondera
1087 663 1208 703 fulva
1230 663 1330 704 soli.

285 731 464 772 Furatae
490 730 677 771 Veneris
698 735 826 784 prato
850 745 928 784 per
950 732 1077 772 inane
1096 731 1312 772 columbae

343 798 505 839 Florea
526 799 739 839 connexis
762 803 880 839 serta
900 799 1033 839 tulere
1056 798 1184 838 rosis.

1696 797 1755 838 10

283 928 377 950 arum
389 920 519 960 repleret
535 922 636 950 terras
664 920 819 956 Thracioe,
833 919 917 958 ferte
932 923 961 951 et
977 931 1048 952 ares
1062 921 1156 961 pictoe
1172 919 1263 950 inter
1280 929 1314 950 se
1330 918 1562 958 contenderunt,
1576 927 1645 958 quae
1659 915 1753 958 offer·

282 965 351 993 rent
375 963 496 993 cantori
521 973 574 993 suo
599 973 726 993 munera
743 964 975 1002 praestantz'ora.
1026 965 1148 994 Etenim
1165 964 1267 1003 lynces
1290 963 1460 993 recordatoe
1475 970 1686 998 cavernarum,
1701 959 1756 990 ubi

281 1005 395 1045 toepius
404 1015 495 1045 rupes
509 1009 685 1036 resonantes
699 1007 847 1037 dederunt
860 1007 1041 1038 admirabile
1053 1008 1207 1038 tlzcatrum
1222 1006 1351 1036 citlmrcr
1361 1008 1477 1044 grane,
1491 1005 1605 1044 lynces
1618 1003 1756 1044 afferunt

282 1058 322 1078 ex
337 1048 469 1079 culmine
487 1049 618 1079 Caucasi
634 1050 780 1089 crystalla
793 1059 803 1085 ;
824 1050 959 1090 gryphes
975 1049 1122 1081 afferunt
1140 1059 1254 1079 mussas
1270 1058 1380 1078 aureas
1396 1047 1532 1085 regionis
1547 1047 1755 1088 hyperboreae.

286 1091 444 1121 Columba>
467 1091 671 1131 surripientes
686 1096 769 1123 serta
781 1092 902 1133 florida
923 1095 1000 1123 rosis
1014 1093 1186 1129 conjunctis
1202 1093 1235 1122 in
1251 1095 1340 1132 prato
1363 1091 1503 1128 Veneris,
1520 1100 1561 1121 ca
1583 1090 1756 1121 attulerunt

901 1174 1134 1185 eeeeeeeeeeee

283 1218 430 1260 Epistola
442 1220 483 1250 ud
498 1218 646 1251 Serenam
664 1222 702 1251 de
720 1221 862 1260 Nuptiis.
908 1221 947 1250 Iu
965 1221 1037 1251 aliis
1053 1220 1123 1251 fere
1141 1221 1241 1252 deest
1257 1219 1451 1260 Inscriptio.

330 1265 345 1293 1
367 1262 479 1301 primce
495 1263 574 1294 vat.
593 1273 642 1303 pr.
656 1265 740 1294 Exc.
756 1265 897 1294 Lucem.
912 1273 962 1303 pr.
978 1264 1030 1294 ed.
1053 1264 1406 1303 vai-111.prim0P‹›tav.
1421 1272 1471 1302 pr.
1486 1262 1572 1292 Exc.
1589 1260 1670 1291 Pat.
1684 1269 1754 1291 rec.

278 1305 417 1344 primum
429 1310 496 1335 tres
511 1306 915 1337 vatt.Pa1.R0tt.()ise1.
929 1307 1039 1337 Oxou.
1053 1307 1314 1346 sempr-immuta
1326 1307 1404 1335 Vat.
1416 1305 1526 1336 Livin.
1538 1303 1666 1334 numina
1674 1304 1756 1334 Vat.

284 1357 336 1386 pr.
347 1352 381 1378 et
393 1352 503 1387 quart.
519 1347 632 1378 Oxou.
647 1358 712 1379 sec.
723 1350 846 1379 numine
859 1350 1008 1379 Florent.
1023 1350 1194 1380 Med.sec.
1209 1350 1287 1379 Pur.
1301 1349 1435 1377 'rhua-1.
1450 1347 1574 1377 Petav.
1589 1355 1657 1376 sec.
1670 1346 1755 1377 Cod-

284 1390 404 1430 Epigr.
423 1390 540 1420 Ambr.
566 1401 691 1421 munere
708 1391 773 1420 duo
798 1392 895 1421 Vatt.
913 1392 1021 1421 Oisel.
1039 1393 1163 1421 numine
1181 1393 1232 1421 vel
1250 1400 1372 1421 munere
1389 1391 1472 1420 Var.
1491 1390 1558 1419 LL.
1576 1388 1630 1418 ed.
1650 1388 1754 1420 AntV.

283 1435 347 1463 —2
370 1434 554 1472 complueret
578 1434 712 1463 Thracia
739 1434 840 1463 tristis
867 1434 964 1463 hiems
989 1434 1117 1464 Buslid.
1145 1434 1279 1464 Thr-acin
1297 1433 1447 1463 Florent.
1467 1437 1536 1462 tres
1563 1431 1657 1461 Med.
1673 1431 1755 1462 Pur.

282 1474 412 1505 Thuan.
438 1475 504 1505 duo
529 1476 652 1505 Petav.
671 1476 802 1507 Bonon.
833 1476 899 1506 duo
928 1476 1048 1507 Ambr.
1077 1482 1144 1507 vet.
1175 1477 1260 1516 Gyr.
1288 1476 1369 1506 vat.
1400 1475 1509 1505 Livin.
1533 1474 1619 1505 Cod.
1637 1473 1756 1514 Epigr.
1815 1508 1820 1512 ¹

282 1516 400 1548 Ambr.
417 1518 502 1548 Exc.
532 1518 611 1549 Pat.
640 1528 708 1549 rec.
732 1519 875 1549 Lucens.
896 1529 945 1558 pr.
975 1519 1028 1550 ed.
1054 1520 1169 1550 Parin.
1197 1519 1305 1550 Tertia
1330 1517 1409 1548 Ald.
1438 1518 1534 1548 honor
1551 1527 1611 1557 pro
1630 1517 1756 1557 Hymen

284 1559 458 1591 Oisel.-4
482 1561 584 1591 valent
600 1571 662 1600 pro
672 1562 783 1591 darent
801 1562 919 1591 Petav.
935 1565 1046 1601 pra—5
1072 1565 1180 1592 cantus
1194 1562 1244 1591 ubi
1260 1570 1340 1600 soepe
1353 1571 1460 1591 sonore
1474 1561 1554 1590 Vat.
1570 1570 1621 1599 pr.
1636 1565 1672 1590 et
1686 1569 1755 1590 sec.

283 1602 360 1634 Pal.
378 1603 471 1634 Med.
489 1613 539 1643 pr.
569 1604 690 1634 Petav.
718 1613 768 1643 pr.
783 1603 902 1634 Ambr.
921 1614 970 1643 pr.
995 1608 1098 1634 cautes
1123 1605 1264 1634 Gevart.
1295 1606 1387 1633 cantu
1403 1604 1531 1634 subis..
1545 1626 1552 1633 .
1569 1626 1575 1633 .
1590 1603 1674 1633 Exc.
1691 1603 1758 1633 Lu-

283 1655 378 1677 cenS.
396 1655 449 1686 pr.
462 1649 554 1676 cantu
566 1645 841 1684 subisseferuntur
855 1647 935 1677 Var.
948 1647 1015 1677 LL.
1032 1657 1048 1675 e
1068 1657 1171 1686 marg.
1185 1647 1299 1676 Parin.
1314 1650 1422 1676 cantus
1437 1646 1539 1676 sonori
1551 1646 1633 1676 Vat.
1649 1650 1756 1685 quart.

283 1688 395 1729 ubique
420 1692 491 1719 aute
507 1699 615 1719 sonoro
632 1689 762 1719 ssusnd.
778 1700 859 1729 soepe
874 1699 982 1720 sonare
1001 1689 1117 1720 Ambr.
1136 1695 1215 1719 tert.
1232 1699 1311 1728 soepe
1326 1699 1443 1719 sonora>
1460 1689 1554 1719 Med.
1573 1694 1673 1728 quart
1688 1687 1755 1726 [11ae

282 1730 361 1762 duae
380 1741 480 1762 voces
497 1732 641 1762 deerant
657 1732 736 1763 Vat.
755 1736 837 1763 tert.
850 1733 944 1764 Rott.
963 1732 1069 1763 Oisel.
1087 1733 1237 1763 Florem.
1254 1732 1348 1762 Med.
1362 1732 1570 1762 sec.Thuan.
1589 1731 1668 1761 Put.
1688 1731 1756 1762 Pe-

283 1777 354 1805 tav.
370 1784 439 1805 sec.
459 1775 543 1806 Cod.
560 1775 678 1815 Epigr.
697 1774 830 1815 Ambr.]
853 1785 963 1806 canore
982 1776 1032 1805 vel
1049 1785 1156 1805 sonore
1169 1776 1294 1806 Moret.
1310 1785 1360 1814 pr.
1379 1774 1541 1805 Heinsius
1558 1775 1757 1814 conjecerat

284 1826 330 1847 ex
346 1817 492 1848 lectione
511 1818 594 1848 Cod.
621 1817 753 1848 Buslid.
780 1819 902 1858 Quippe
928 1819 1010 1848 haud
1036 1820 1226 1848 immemores
1248 1822 1368 1856 cantus,
1395 1817 1448 1848 ubi
1475 1821 1565 1848 caute
1590 1827 1755 1848 sonora.—

282 1862 305 1890 6
331 1860 537 1890 Proebuerant
560 1861 654 1891 Med.
683 1865 793 1901 quart.
822 1861 889 1892 inc.
916 1862 1035 1892 Heius.
1063 1861 1142 1892 Put.
1167 1861 1380 1892 Thua11.duo
1398 1861 1670 1891 Petavsssouon.
1688 1859 1756 1891 duo

283 1901 405 1934 Ambr.
431 1904 517 1933 Exe.
534 1903 613 1935 Pat.
630 1913 700 1934 rec.
718 1903 864 1935 Lucens.
883 1914 932 1944 pr.
949 1904 1003 1935 ed.
1023 1905 1138 1935 Parni.
1160 1916 1240 1944 pura
1257 1906 1379 1934 theatra
1395 1904 1476 1934 Var.
1493 1903 1558 1933 LL.
1577 1903 1631 1934 ed.
1652 1901 1755 1935 Antv.

283 1948 347 1976 —7
370 1949 509 1976 crustata
538 1955 598 1986 pro
622 1948 769 1987 crystalla
794 1947 1013 1978 Florent.—8
1040 1948 1202 1988 Gryplzes:
1228 1947 1391 1978 Heinsius
1410 1946 1620 1986 ascripserat
1643 1946 1757 1976 locum

283 1988 454 2019 Priscian.
472 1989 611 2029 Perieg.
639 2000 672 2029 p.
690 1993 764 2021 384.
783 1990 838 2021 ed.
852 1991 988 2021 Piihoei.
1005 1992 1140 2030 pondera
1159 2001 1271 2029 magna
1294 1988 1375 2021 Vat.
1393 1993 1503 2031 quart.
1521 1989 1682 2029 thori-pro
1697 1988 1757 2019 soli

285 2031 367 2062 Vat.
385 2035 504 2072 p1·.—9
528 2033 648 2063 Furato
664 2033 743 2064 Vat.
761 2038 842 2064 tert.
862 2034 1005 2073 Purgato
1028 2035 1125 2064 Rott.
1140 2035 1242 2074 pratis
1258 2032 1388 2064 Buslid.
1403 2036 1499 2072 prata
1513 2032 1593 2062 Vat.
1612 2036 1692 2063 tert.
1707 2041 1756 2062 co-

283 2073 395 2105 lumbae
412 2075 506 2106 Med.
525 2085 575 2116 pr.
592 2076 727 2107 volucres
752 2077 831 2108 Vat.
860 2081 941 2108 tert.
970 2078 1067 2108 Rott.
1086 2076 1196 2108 Oisel.
1213 2077 1365 2107 Florent.
1384 2075 1479 2106 Med.
1502 2077 1658 2107 sec.—-10
1680 2075 1756 2106 retis

950 2163 1094 2195 NOTAE

329 2236 350 2264 2
377 2234 524 2275 Thracia]
563 2235 925 2277 Orpheus,Ap0uinis
955 2243 992 2270 et

285 2284 458 2325 Calliopes
475 2286 576 2324 filius,
593 2289 736 2319 Thracia
752 2289 926 2321 oriundus,

328 2339 349 2368 4
372 2336 435 2367 Suo
450 2337 532 2377 ruti]
557 2339 716 2378 Orpheus
734 2340 862 2380 quippe
879 2340 992 2371 delec-

286 2389 377 2418 tatus
405 2385 517 2418 fuerat
544 2389 659 2429 sylvis,
695 2390 727 2419 in
758 2390 878 2430 quihus
902 2389 991 2421 feras

285 2447 454 2479 rupesque
471 2440 614 2469 traxisse
632 2440 770 2479 dicitur,
782 2440 871 2481 quod
890 2441 991 2471 homi-

285 2497 346 2519 nes
375 2498 395 2519 a
421 2487 530 2518 ferino
561 2489 654 2520 victu
684 2490 904 2529 abstraxerit,
937 2491 989 2521 vel

286 2538 376 2580 quod
407 2548 449 2569 ex
481 2540 669 2571 visceribus
695 2539 843 2572 ferarum
874 2540 989 2572 futura

285 2589 500 2630 praedixerit.

329 2644 348 2672 5
375 2641 504 2681 Cautes]
528 2642 642 2682 Rupes
669 2642 756 2673 enim
783 2642 987 2683 arboresque

286 2691 447 2733 Orpheus
459 2692 629 2724 adducere
642 2692 831 2731 ferebatur,
842 2699 880 2724 ut
896 2694 990 2724 velut

285 2743 443 2775 umbram·
451 2744 620 2787 quandam
633 2744 695 2776 sibi
707 2748 888 2776 cantaturo
904 2753 991 2786 prae-

288 2797 431 2826 starent.

1090 2241 1110 2269 ὃ
1135 2238 1223 2269 Mira
1239 2235 1381 2275 theatra]
1405 2236 1497 2266 Loca
1512 2244 1554 2265 ex
1570 2233 1708 2274 rupibus
1718 2237 1756 2265 et

1047 2288 1149 2329 sylvis
1179 2286 1369 2318 admirabili
1396 2289 1529 2316 naturae
1557 2284 1694 2325 ingenio
1718 2284 1754 2316 in

1049 2338 1173 2370 theatri
1188 2337 1329 2367 formam
1347 2336 1548 2376 composita.

1089 2392 1107 2419 7
1134 2387 1308 2429 Crystalla]
1355 2386 1519 2427 Crystani
1552 2385 1755 2417 incunabula

1047 2440 1079 2470 in
1105 2439 1182 2470 altis
1208 2437 1407 2478 frigidisque
1433 2437 1618 2476 montibus,
1644 2435 1754 2477 qualis

1046 2494 1094 2520 est
1112 2490 1297 2526 Caucasus,
1311 2487 1442 2527 gelidus
1459 2497 1554 2518 mons
1569 2486 1732 2526 Scytbiae.

1089 2543 1108 2571 8
1136 2538 1296 2580 Gryphes]
1324 2538 1389 2569 Alii
1408 2540 1554 2569 credunt
1582 2539 1653 2567 haec
1678 2547 1753 2568 esse

1045 2591 1203 2620 animalia
1226 2599 1389 2628 equorum
1407 2589 1554 2627 inimica,
1568 2597 1676 2629 eaque
1697 2597 1754 2619 au-

1045 2650 1117 2670 rum
1135 2639 1311 2670 custodiro
1325 2639 1358 2669 in
1375 2638 1567 2679 regionibns
1586 2637 1754 2678 hyperbo-

1046 2692 1112 2723 reis
1128 2703 1135 2722 ε
1154 2692 1209 2721 alii
1228 2696 1365 2731 negant.

1086 2746 1107 2774 9
1136 2743 1264 2774 Veneris
1273 2741 1378 2782 prato]
1403 2741 1504 2774 Quod
1521 2740 1663 2782 fingitur
1680 2749 1752 2773 esse

1046 2794 1078 2825 iu
1093 2794 1221 2835 Cypro,
1238 2793 1347 2825 insula
1361 2792 1488 2824 Veneri
1505 2801 1611 2823 sacra.
