1852 3182
565 220 614 250 lN
651 217 882 251 RUFINUM
919 217 1014 246 Lm.
1050 217 1080 246 Ι.

85 321 143 354 lib.
160 329 209 353 xv.
226 321 289 361 Ep.
307 322 357 351 14.
401 315 516 348 Barth.

130 374 192 402 307
226 371 344 401 Ardent
372 368 563 407 prosternere
592 363 685 403 vires]
727 362 783 392 sic

88 421 209 462 scripti
224 427 350 454 omnes,
371 425 437 446 non
463 415 588 445 audent.
631 412 784 449 Statius;

87 472 95 488 ‘
110 473 282 508 Sternere,
295 467 382 498 ferre
398 466 512 496 domos
523 464 644 494 ardent
659 466 678 493 :’
695 467 786 492 amat

91 521 187 553 valde
217 524 332 550 noster
361 516 394 547 id
431 515 592 545 verbum:
629 513 708 543 alibi
744 511 786 542 de

90 570 254 607 leonibus,
280 570 288 585 ‘
305 569 435 598 alacres
459 565 581 596 ardent
606 573 681 593 cum
707 567 789 593 ster-

91 629 171 652 nere
188 624 300 650 tauros
316 617 336 648 :'
361 618 408 648 sic
424 617 521 647 calent
536 618 729 656 prosternere
746 612 788 643 de

89 670 240 702 leonibus
257 669 289 699 iu
305 668 405 699 simili
422 666 676 707 comparatione
693 663 789 704 Epis-

91 720 161 751 tola
194 719 435 760 deprecatoria
474 718 514 749 ad
552 716 765 748 Hadrianum
781 724 788 743 :

89 771 98 787 ‘
117 770 202 803 Quae
225 770 384 801 stravisse
412 769 540 806 calent,
563 767 681 798 eadem
699 774 792 806 pros-

92 824 184 852 trata
198 820 414 860 relinquunt:
458 818 514 849 Ita
530 818 620 848 euim
645 817 712 847 illic
727 814 794 846 loci

93 870 284 902 monebitur
301 869 334 900 in
357 869 494 910 optimis
519 866 720 898 membranis
738 875 794 895 cx-

94 927 185 952 stare
200 931 207 952 :
222 921 368 960 flagrant
384 920 510 957 elidere,
535 919 592 948 lib.
610 926 648 948 11.
674 917 705 947 in
730 917 796 947 Ru-

94 971 211 1011 finum,
239 981 287 1002 vs,
314 973 388 1002 437.
419 969 652 1010 praeeuntibus
679 965 798 1007 priscis

95 1021 347 1062 exemplaribus
361 1019 534 1059 castigavi.
554 1018 666 1056 Silius,
681 1016 737 1046 lib.
748 1024 798 1045 iv.

95 1076 103 1088 ⁶
122 1071 235 1102 Marte
252 1070 397 1111 probare
425 1077 530 1108 genus
553 1066 722 1106 factisque
742 1066 800 1094 La-

97 1131 182 1152 cona
208 1125 383 1161 parentem
415 1116 614 1149 Ardebant!
671 1116 800 1148 Noster

97 1171 184 1202 libro
212 1170 379 1211 proximo,
405 1168 578 1209 ‘Illyricis
605 1167 704 1198 ardet
727 1175 799 1197 suc-

98 1230 238 1254 currere
261 1218 416 1251 damnis.'
461 1218 566 1259 Apud
590 1217 711 1257 virgil.
729 1216 801 1248 AEu.

100 1281 149 1303 xr.
165 1274 240 1303 895.
262 1271 271 1288 ‘
289 1271 478 1311 primaequc
503 1268 588 1299 mori
610 1277 671 1308 pro
689 1266 803 1297 moeni-

101 1323 163 1354 bus
181 1320 325 1353 ardent!
364 1320 418 1351 Ita
436 1319 573 1359 optimae
588 1317 805 1355 membranae,

102 1382 177 1404 cum
195 1372 268 1412 pari
284 1370 383 1402 modo
399 1371 513 1400 audent
530 1369 598 1399 illic
621 1368 722 1398 etiam
741 1366 806 1396 loci

102 1424 135 1454 in
158 1422 303 1463 vulgatis
333 1420 428 1451 libris
449 1417 730 1450 circumferatur:
757 1426 806 1447 se-

102 1473 220 1514 quenti
236 1480 336 1502 versu
361 1479 422 1511 pro
446 1470 522 1500 Jam
541 1472 661 1508 gentes,
676 1469 807 1508 Jamque

106 1523 206 1554 Getas
217 1521 361 1562 Gyrald.
373 1530 412 1551 ac
428 1521 571 1551 Luceus.
590 1529 666 1550 cum
682 1519 810 1549 Pricae-

105 1582 169 1604 ano
186 1578 221 1604 et
237 1573 324 1603 Laeti
341 1570 534 1610 excerptis:
560 1574 595 1600 et
620 1578 680 1608 pro
710 1578 811 1607 recep·

106 1627 166 1663 tat,
202 1621 353 1652 nonnulli
390 1623 525 1650 retentat
538 1632 548 1650 .·
585 1619 667 1649 nihil
704 1624 809 1649 muta.

108 1672 250 1705 Laudib.
277 1672 435 1702 Serenae:
469 1673 610 1709 ‘gentes
641 1678 724 1709 quas
753 1667 811 1698 ϊω-

108 1723 190 1755 dere
209 1724 316 1754 Roma
331 1719 486 1761 recepit!
533 1720 578 1751 D.
597 1720 710 1750 Heius.

152 1776 215 1805 308
241 1771 373 1812 Gentes]
410 1771 548 1802 Alienos
581 1769 624 1801 ab
661 1769 813 1810 Imperio

111 1825 275 1862 Romano,
297 1821 478 1853 Barbaros.

155 1874 272 1905 Gentes
302 1873 474 1911 Istrumque
503 1869 620 1909 movet]
664 1870 816 1910 Propter

112 1923 365 1964 Rhadagaisum
381 1921 543 1961 Scytbam
560 1920 623 1951 hoc
649 1919 744 1959 dicit,
759 1919 817 1960 qui

115 1983 135 2004 a
155 1973 276 2005 Rufino
297 1982 372 2004 cum
385 1980 440 2003 cc.
457 1970 603 2002 millibus
619 1970 818 2010 Scytharum

115 2028 149 2053 et
163 2023 351 2055 Gothorum
367 2022 400 2052 in
417 2021 554 2052 Italiam
569 2020 700 2050 excitus
715 2019 818 2050 venit.

118 2072 273 2111 Orosius,
289 2081 353 2103 vn.
371 2074 424 2102 37.
461 2071 495 2102 Is
519 2076 634 2101 autem
651 2070 820 2110 Radagai-

118 2133 174 2155 sus
191 2133 210 2154 a
225 2123 412 2154 Stilichone
432 2121 584 2152 exercitu
610 2120 723 2150 deleto
745 2129 822 2160 cap-

119 2181 172 2207 tus
189 2180 265 2213 est3
290 2173 431 2205 Rufinus
452 2178 564 2203 autem
590 2177 661 2202 tum
681 2171 756 2211 jam
773 2180 824 2200 re-

119 2230 260 2265 ceperat
277 2224 415 2255 meritas
432 2231 558 2263 poenas,
582 2220 625 2252 ad
643 2221 734 2252 urbis
751 2220 823 2252 ΟΡ.

120 2276 360 2322 obtruncatus.

164 2325 330 2367 Receptat]
367 2323 517 2364 Recipit.
562 2322 662 2353 More
700 2321 825 2352 Poeta-

123 2387 207 2408 rum.
222 2377 317 2415 Virg.
335 2377 354 2406 l.
372 2383 407 2405 x.
431 2378 438 2391 ‘
453 2374 654 2413 hastamque
671 2376 828 2412 receptat

124 2426 268 2459 Ossibus
283 2423 498 2456 haerentem.'
522 2423 641 2454 Barth.

165 2479 229 2508 310
253 2473 441 2513 Descendit]
474 2474 616 2504 Daciam
635 2478 826 2503 montanam

125 2526 247 2559 innuit.
292 2527 338 2556 Et
356 2525 462 2555 omnis
479 2525 542 2555 iste
560 2528 690 2554 tractus
716 2523 830 2561 Getis,

126 2577 246 2616 Dacis,
256 2575 439 2615 Tauriscis,
448 2574 648 2613 Thracibus,
661 2573 828 2614 quondam

129 2628 251 2666 cultus,
277 2625 448 2657 montibus
473 2625 622 2665 praealtis
647 2624 832 2654 habitatus.

130 2675 218 2707 Vide
233 2676 447 2715 Strabonem,
460 2675 482 2705 l.
499 2683 565 2706 vu.
583 2674 674 2704 Pliu.
686 2682 734 2704 iv,
752 2676 803 2704 12.

176 2725 312 2766 Mixtis]
335 2727 431 2757 Unus
448 2726 616 2766 enimjam
633 2725 712 2755 dum
730 2724 836 2755 Plinii

135 2780 241 2810 aetate
255 2776 413 2818 idemque
429 2778 574 2818 populus
589 2780 675 2808 erat.
698 2775 815 2808 Barth.

1424 207 1537 248 1259

880 310 999 341 Mixtis
1012 309 1125 348 Dacis]
1144 309 1243 345 Daci,
1265 310 1382 349 populi
1397 310 1539 350 Septen·

837 361 1015 397 trionales,
1042 359 1166 390 Gothis
1193 358 1303 388 vicini.
1330 358 1409 388 lsid.
1439 368 1539 390 xxiv.

837 415 868 442 4.
894 412 954 441 sub
973 410 1120 441 Arcadio
1143 415 1176 439 et
1203 409 1355 439 Honorio
1373 407 1447 438 AA.
1486 419 1542 449 pa·

839 462 957 492 rebant
975 461 1147 498 Romanis,
1175 465 1286 490 tamen
1302 458 1362 488 sub
1392 457 1542 497 Aiigusto

839 511 986 542 nondum
1007 510 1100 540 victi.
1136 519 1175 540 ιι.
1194 510 1320 545 Georg.
1355 509 1364 523 ‘
1379 507 1449 537 Aut
1466 516 1544 538 con-

834 562 951 602 jurato
979 560 1191 592 desi-cudens
1220 560 1335 589 Dacus
1353 558 1394 587 ab
1422 557 1546 588 Istroz'

842 622 945 653 quare
977 616 1012 642 et
1040 610 1128 641 idem
1149 610 1322 649 Augustus
1358 608 1547 648 expeditio-

842 671 920 692 nem
938 661 970 692 in
988 661 1102 691 Dacos
1117 660 1302 690 meditatus
1320 664 1383 690 est.
1406 660 1548 689 sueton.

843 713 875 743 in
893 722 933 743 eo
951 721 1028 752 cap.
1046 714 1075 742 8.
1101 711 1190 742 Flor.
1207 711 1227 741 l.
1244 720 1333 741 1v.‹·.
1350 712 1398 740 12.
1437 708 1547 739 Iidem

844 769 903 794 aut
919 763 1063 793 rebelles
1081 762 1143 792 sub
1161 763 1309 797 Nehone,
1324 766 1382 791 aut
1400 759 1550 790 nondum

844 813 989 846 subacti.
1033 813 1155 843 Scncc.
1177 812 1324 852 Thyeste
1343 810 1423 842 Act.
1439 818 1494 841 111.
1518 809 1552 839 in

847 866 967 897 choro:
993 868 1028 894 et
1043 863 1100 904 qui
1115 862 1176 892 sub
1193 861 1312 891 eodem
1331 860 1468 900 scripsit
1495 859 1552 890 Se-

847 927 921 948 nec.
949 916 1048 956 epist.
1075 917 1129 945 71.
1146 913 1235 944 tine:
1261 917 1299 943 ut
1314 913 1472 943 bellicosos
1495 921 1553 942 eos

850 967 1024 998 celebrat:
1056 974 1165 1005 neque
1196 964 1284 994 enim
1324 968 1406 1003 puto
1444 962 1555 994 Dahas

851 1017 1044 1058 legendum.
1102 1017 1219 1046 Dacos
1257 1024 1322 1045 uon
1369 1013 1556 1054 superavit,

853 1067 910 1098 sed
930 1066 1080 1097 tentavit
1093 1071 1221 1096 tantum
1238 1064 1458 1103 Domitianus,
1473 1062 1557 1092 licet

853 1117 1011 1148 aduletur
1041 1117 1126 1146 Stat.
1142 1115 1200 1145 lib.
1218 1123 1241 1144 1.
1264 1113 1431 1144 Thebaid.
1448 1111 1558 1152 princ.

852 1169 907 1199 ‘et
939 1168 1118 1207 conjurato
1149 1165 1305 1205 dejectos
1331 1163 1460 1194 vertice
1488 1162 1559 1193 Da-

854 1217 933 1249 cos!
959 1217 1191 1247 Veruntamen
1219 1214 1396 1254 a'rrajano
1414 1213 1560 1253 primum

855 1268 1013 1306 domitos,
1029 1272 1157 1307 praeter
1173 1265 1372 1303 historicos,
1388 1268 1503 1295 noster
1519 1263 1561 1293 de

856 1329 905 1350 vr.
923 1319 1026 1350 Cons.
1045 1316 1176 1348 Honor.
1200 1317 1208 1333 ‘
1226 1315 1338 1346 Dacia
1355 1315 1562 1355 bellipotens

859 1378 962 1411 quum
987 1367 1131 1408 fregerit
1156 1366 1278 1406 Ulpius
1301 1375 1393 1396 arma
1406 1364 1426 1395 τ’
1451 1365 1563 1405 deque

859 1420 909 1450 his
939 1418 1028 1449 idem
1056 1416 1301 1457 triumphavit:
1327 1416 1369 1445 (le
1389 1423 1438 1445 vt.
1463 1413 1565 1445 Cons.

861 1470 954 1501 Hon.
977 1471 986 1485 ‘
1004 1468 1082 1499 Alta
1098 1467 1187 1508 quod
1206 1467 1361 1497 invectus
1379 1464 1497 1496 stratis
1514 1472 1566 1496 ca·

861 1520 983 1561 pitolia
1002 1517 1128 1549 Dacis!
1176 1517 1321 1556 Dempst.

904 1573 966 1601 311
994 1569 1182 1608 Cornipedes
1212 1567 1244 1597 in
1277 1566 1384 1606 pocula
1413 1563 1570 1605 vulnerat]

863 1620 1025 1651 Omnium
1052 1617 1124 1649 fere
1158 1617 1314 1647 Thraciae
1352 1615 1569 1656 Scythiaeque

865 1670 1018 1711 gentium
1058 1667 1148 1709 apud
1189 1667 1318 1697 Poe'tas
1359 1665 1570 1696 consuetudo

865 1720 1030 1760 sanguine
1047 1718 1170 1759 equino
1186 1718 1267 1747 lacti
1283 1717 1390 1746 mixto
1414 1725 1474 1756 pro
1487 1719 1571 1756 potu

866 1770 926 1801 uti.
976 1769 1031 1799 De
1055 1767 1263 1807 Massagetis
1288 1768 1420 1807 pariter
1439 1765 1573 1796 Seneca

867 1820 1015 1861 OEdipo:
1038 1820 1046 1836 ‘
1060 1819 1189 1850 Lactea
1204 1817 1417 1856 Massagetas
1444 1815 1500 1857 qui
1517 1823 1573 1855 po·

867 1871 946 1903 cula
965 1869 1129 1909 sanguine
1146 1866 1293 1898 miscet.’
1327 1866 1444 1898 Barth.

911 1923 973 1952 312
1000 1919 1204 1959 patriamque
1218 1917 1322 1948 bibens
1339 1917 1474 1948 Maeotz'n
1501 1916 1576 1947 Ala·
1600 1931 1603 1933 ·

868 1970 939 2010 nus]
978 1969 1125 2002 Quidam
1150 1968 1286 2008 scripti,
1305 1967 1505 2008 patriumque
1531 1966 1576 1996 bi-

870 2021 942 2052 bens
973 2019 1100 2050 Maeotis
1133 2019 1305 2048 Oromem:
1338 2022 1377 2048 ut
1395 2016 1578 2047 Maeofides

870 2071 1025 2102 foeminas
1060 2068 1254 2108 intelligat:
1295 2067 1463 2108 quomodo
1487 2066 1579 2107 apud

872 2123 1038 2153 Senecam
1052 2119 1176 2150 Troad.
1225 2118 1366 2149 Tanaitis
1382 2120 1411 2148 et
1429 2117 1558 2148 Maeotz’s
1571 2127 1582 2147 .·

874 2177 910 2203 et
926 2171 1029 2203 Ovid.
1054 2170 1142 2202 ‘Qui
1159 2168 1259 2200 modo
1281 2167 1464 2209 peltiferas
1487 2167 1582 2199 fudit

875 2221 1058 2253 Maeotidas
1076 2219 1177 2250 armis
1194 2218 1213 2249 :'
1237 2218 1296 2249 sed
1314 2217 1395 2248 nihil
1421 2217 1487 2248 illis
1504 2226 1582 2247 cum

876 2272 1033 2303 Oronte:
1061 2270 1170 2310 proba
1185 2268 1290 2309 igitur
1306 2268 1445 2308 vulgata
1456 2266 1579 2298 lectio:

877 2327 913 2354 at
938 2321 1100 2354 Lucensis
1116 2320 1204 2350 liber
1221 2328 1282 2359 pro
1300 2318 1510 2359 patriamque,
1526 2327 1583 2347 ειε-

877 2382 1020 2414 samque:
1045 2371 1186 2411 optime.
1231 2369 1332 2399 Statii
1352 2368 1410 2398 illa
1433 2367 1584 2407 respexit

877 2425 983 2456 Theb.
1001 2431 1067 2454 xn.
1101 2423 1109 2438 ‘
1123 2420 1168 2451 Et
1185 2420 1302 2451 tristes
1319 2417 1490 2448 ducuntur
1505 2415 1584 2456 equi

881 2480 1079 2514 truncaeque
1108 2471 1284 2510 bipennes,
1313 2467 1417 2500 Queis
1449 2474 1586 2496 nemora

881 2532 917 2556 et
933 2523 1075 2555 solidam
1103 2519 1270 2552 Maeotida
1288 2517 1422 2549 caedere
1448 2520 1552 2546 sueta?
1567 2516 1586 2544 :¹

882 2575 1023 2612 solidam,
1038 2571 1143 2613 glacie
1160 2573 1370 2601 concretam.
1396 2565 1522 2596 Noster
1538 2563 1586 2592 in-

884 2624 936 2656 fra
954 2624 1007 2654 lib.
1027 2632 1068 2654 11.
1097 2623 1176 2661 ‘per
1203 2624 1301 2659 terga
1328 2615 1451 2647 ferocis
1470 2614 1586 2643 Danu-

887 2675 931 2705 bii
957 2673 1103 2704 solidata
1131 2668 1267 2701 ruuutz'
1298 2666 1452 2705 frangere
1468 2661 1528 2692 lib.
1547 2670 1588 2693 11.

887 2725 929 2756 de
947 2724 1061 2763 Raptu
1080 2721 1185 2751 dixit:
1211 2723 1247 2749 ut
1271 2718 1323 2747 hic
1347 2715 1483 2745 caedere:
1506 2712 1588 2744 ‘seu

886 2773 976 2806 forte
1003 2771 1172 2812 rigentem
1197 2763 1503 2799 Thermodontiaca
1527 2763 1589 2795 Ta·
