1851 3213
327 204 440 246 1264

326 308 469 340 lichenis
485 307 653 347 designet.
676 309 793 339 Barth.

369 361 432 391 349
458 361 588 401 Campo}
612 361 719 392 Aciei.
747 363 843 393 Idem.

368 412 431 441 350
458 411 585 444 Turhas,
610 412 694 441 illinc
723 411 881 441 Gradivus
901 411 1027 451 agebat]

325 459 455 491 Turmas
479 462 612 499 agebant
642 470 757 491 omnes
781 460 854 492 fere
882 462 1025 501 scripti:

323 520 468 552 sequor:
493 512 694 552 approbavit
717 516 752 542 et
773 511 945 544 Barthius.
983 513 1026 544 D.

323 559 437 591 Heius.

366 613 427 642 351
457 612 499 642 Et
525 613 641 653 clypeis
662 618 691 644 et
718 614 795 644 mole
818 615 925 655 pares]
948 614 1025 655 Cly-

322 669 419 702 peus,
435 671 509 693 cum
528 664 647 694 armati
671 663 746 695 fere
770 670 880 695 totum
902 674 1025 705 corpus

322 715 429 752 tegat,
451 713 523 753 ejus
540 714 661 744 molem
679 714 749 754 ipse
774 714 893 753 ingens
910 715 1026 753 praeci-

321 770 389 801 pue
406 769 642 803 repraesentat.
690 764 866 803 Papinius,
885 764 941 793 lib.
960 773 1025 796 vn.

320 821 369 843 vs.
387 815 461 843 310.
485 814 612 843 Molem
626 818 737 843 autern
752 813 850 850 dicit,
863 818 899 842 ut
914 812 1025 843 huma-

319 871 365 894 no
389 872 532 902 corpore
558 864 721 902 majorem
750 862 900 892 Heroem
929 872 1024 893 suum

319 910 437 942 faciat.
460 911 582 950 virgil.
609 911 762 951 ‘ingenti
778 911 865 941 mole
887 912 1025 942 Latinus

320 960 531 1001 Quadrijugo
547 961 681 991 vehitur
702 961 825 992 curru!
872 962 1025 1001 Figmen-

319 1016 391 1042 tum
408 1016 520 1042 autem
538 1022 578 1042 eo
600 1013 762 1052 pertinet,
787 1016 824 1042 ut
846 1012 960 1052 opinio
977 1013 1025 1043 di·

318 1062 468 1094 vinitatis
486 1063 640 1104 quaedam
666 1063 844 1094 stilichoni
868 1063 1024 1094 concilie-

318 1116 386 1144 tur.
430 1105 517 1144 Deis
541 1113 628 1144 enirn
655 1112 781 1143 formas
808 1112 941 1153 quidem
965 1113 1023 1143 hu-

317 1173 447 1203 manas,
463 1164 523 1194 sed
540 1164 772 1195 communibus
789 1168 901 1195 tamen
919 1165 1021 1195 homi-

318 1223 398 1244 num
415 1213 573 1254 majores,
596 1215 784 1252 ascribunt,
806 1219 841 1245 et
864 1215 912 1245 ita
941 1215 1021 1246 viris

316 1263 537 1304 Principibus
553 1265 720 1304 sapientia
735 1270 770 1295 et
784 1266 921 1297 virtute.

361 1314 437 1345 Stat
451 1314 545 1344 cassis
561 1314 698 1353 utrique]
730 1313 771 1344 Τὸ
794 1318 879 1345 stare
905 1315 1020 1346 horro-

316 1373 389 1394 rem
414 1363 531 1402 infert,
557 1364 653 1394 velut
679 1364 890 1394 constitisset
916 1365 1020 1395 mina-

316 1413 461 1454 bundus,
488 1414 540 1443 vel
569 1418 605 1443 ut
632 1414 822 1444 minaretur
846 1412 959 1454 fulgor
985 1414 1019 1444 in

314 1466 423 1505 galea.
469 1465 622 1506 Legendi
644 1465 676 1497 J.
699 1464 886 1495 Dur-antius
902 1464 1020 1495 Varia-

314 1525 402 1555 rum,
430 1524 468 1546 u.
490 1518 541 1547 15.
574 1515 607 1547 J.
633 1515 821 1546 Gulielmus
847 1515 1020 1546 Verisimi-

312 1569 407 1609 lium,
433 1577 457 1599 1.
474 1571 525 1603 21.
553 1573 590 1599 ut
618 1572 654 1599 et
679 1568 765 1600 Adr.
781 1567 931 1599 Tui-neb.
959 1568 1017 1599 lib.

314 1629 450 1651 xxxm.
467 1619 651 1650 Adversar.
668 1629 743 1659 cap.
759 1621 811 1649 32.
838 1618 953 1650 Barth.

356 1673 420 1701 352
457 1670 598 1700 sidereis
627 1670 751 1699 hirsuta
772 1668 876 1708 jubis]
919 1668 1018 1701 Jubas

312 1720 413 1761 prim.
438 1720 645 1750 Vaticanus:
671 1724 707 1749 ut
719 1718 873 1750 fortassis
886 1729 905 1749 a
917 1729 1018 1750 manu

314 1769 493 1802 Claudiani
519 1770 576 1810 sit,
604 1770 749 1801 Sidercas
772 1770 894 1801 hirsuta
912 1770 1017 1809 jubas.

312 1822 360 1854 D.
378 1820 500 1851 Heius.

368 1873 541 1914 Loricaque
569 1883 659 1904 cursu
689 1873 834 1913 AEstuat]
881 1874 1016 1904 Cursum

311 1923 518 1955 Tholosanus
533 1935 540 1954 ε
558 1925 746 1964 eleganter.
775 1924 814 1954 In
830 1924 938 1964 primo
951 1925 1017 1955 Va-

312 1975 429 2006 ticano
446 1975 494 2006 sic
511 1975 613 2005 etiam
641 1985 658 2005 a
676 1984 776 2005 manu
795 1974 905 2014 prima
922 1974 1015 2005 vide-

306 2025 413 2059 ,batur
429 2024 554 2056 fuisse:
580 2034 655 2055 nam
671 2031 749 2064 post
760 2024 798 2055 τὸ
812 2025 1016 2056 cursantem

310 2084 377 2106 una
387 2080 460 2105 erat
471 2085 588 2106 erasa:
615 2085 690 2105 cum
704 2074 898 2105 accusativo
912 2076 1014 2105 etiam

309 2125 344 2155 id
361 2124 500 2156 verbum
515 2125 645 2156 Statius
663 2125 857 2166 conjunxit:
884 2128 892 2142 ⁴
910 2125 1015 2155 Pisae-

309 2184 433 2216 umque
464 2175 582 2206 domus
615 2185 680 2205 non
715 2178 839 2206 aestuat
869 2180 1016 2205 aninum!

309 2225 356 2256 Et
393 2225 602 2256 Prudentius
652 2226 789 2266 Hymno
825 2226 1013 2266 Laurentii,

306 2277 316 2294 ‘
333 2275 413 2316 quid
442 2275 497 2306 ille
519 2275 655 2306 fervens
681 2275 810 2306 ambitu
835 2276 1011 2316 Sitemqne

306 2324 442 2356 honoris
458 2328 629 2355 aestuausss
672 2326 728 2356 Sic
744 2334 825 2355 vere
851 2324 1012 2365 antiquis-

308 2374 412 2406 simus
438 2374 668 2405 Puteanorum
693 2375 801 2406 codex
822 2379 901 2405 ante
919 2375 1010 2405 mille

308 2428 345 2456 et
373 2424 489 2465 plures
520 2434 624 2455 annos
659 2425 786 2455 litteris
814 2425 1008 2464 majusculis

307 2474 472 2506 Romanis
509 2475 667 2514 scriptus.
712 2475 835 2514 Vulgo,
871 2475 1008 2514 Sitique.

305 2524 405 2556 Idem
428 2524 583 2555 Cathem.
611 2525 736 2564 Hymn.
755 2533 788 2555 x.
814 2526 822 2541 ‘
840 2525 914 2555 Rex
933 2525 1007 2565 ipse

306 2575 395 2607 Coos
420 2578 622 2605 aestuantem
649 2575 792 2605 murices
808 2575 936 2605 Lenam
959 2584 1007 2605 re-

305 2625 403 2655 vulsa
432 2624 616 2664 dissipabat
645 2623 782 2654 fibula:'
830 2623 886 2654 ubi
918 2624 1005 2654 male

305 2675 520 2715 Torrentius,
548 2675 608 2705 Coo
634 2677 856 2705 eaeaestuantem
881 2674 1005 2705 manico.

351 2735 415 2756 em.

305 2725 484 2808 IdSideret's
494 2773 615 2807 hirsuta
616 2773 719 2816 jabis]
733 2774 847 2806 Instar
856 2774 1003 2806 siderum

576 216 717 245 No'rAE
754 215 1016 245 VARIORUM
1051 215 1101 246 IN
1137 216 1210 246 CL·
1241 216 1425 247 CLAUD.
1458 217 1531 247 111.

1078 308 1242 350 fulgorem
1254 311 1446 352 quempiam
1457 310 1628 342 emittens.
1645 310 1778 351 Saepius

1079 360 1121 392 de
1138 360 1291 392 Heroum
1315 370 1450 392 suorum
1466 360 1565 392 armis
1581 361 1663 393 talia
1676 361 1779 392 Silius

1078 411 1230 442 Italicus.
1269 412 1388 451 Virgil.
1409 412 1465 442 lib.
1480 420 1514 441 x.
1539 412 1547 427 ‘
1566 410 1676 442 Ardet
1690 420 1779 452 apex

1079 463 1196 502 capiti,
1225 462 1403 503 cristisque
1435 472 1452 492 a
1485 462 1613 493 vertice
1643 460 1779 494 flamma

1078 512 1258 549 Funditur,
1283 518 1318 543 et
1344 518 1457 544 vastos
1482 512 1584 544 umbo
1599 513 1706 544 vomit
1721 522 1778 544 au-

1075 572 1153 593 reus
1171 563 1285 603 ignes!
1307 563 1424 594 Barth.

1119 614 1256 645 Hirsuta
1285 614 1389 654 jubis]
1434 612 1593 645 Cassides
1631 612 1778 654 pellibus

1075 664 1212 695 hirsutis
1240 665 1461 704 ornabantur,
1493 663 1611 695 docuit
1642 662 1778 694 abunde

1076 715 1209 754 Lipsius
1224 715 1263 745 de
1275 715 1393 745 militia
1407 715 1503 745 Rom.
1527 714 1639 753 Silius,
1650 713 1708 745 lib.
1720 721 1779 745 111.

1075 764 1084 780 ‘
1102 764 1173 795 Ore
1198 764 1345 794 ferarum
1385 766 1430 795 Et
1462 765 1548 795 rictu
1578 762 1778 795 horrificant

1077 813 1212 853 galeas)
1244 815 1404 854 Propert.
1421 814 1480 845 lib.
1497 824 1544 845 lv.
1564 814 1616 846 El.
1632 817 1683 846 11.
1705 817 1715 832 ‘
1732 814 1778 844 Et

1077 864 1175 903 galea
1202 863 1332 894 hirsuta
1361 869 1496 905 compta
1526 866 1644 905 lupina
1667 864 1778 905 juba.'

1074 914 1163 946 Stat.
1188 914 1245 945 lib.
1259 923 1324 945 vn.
1348 914 1358 931 ‘
1372 914 1455 945 Tela
1471 915 1570 945 rudes
1589 913 1701 945 trunci
1719 923 1776 954 ga-

1073 965 1150 1004 leae,
1163 974 1272 995 vacua
1283 974 1342 995 ora
1356 963 1516 995 leonum.'
1563 963 1631 994 Sed
1645 966 1682 993 et
1697 971 1779 1003 pen-

1073 1016 1125 1046 nis
1140 1026 1148 1047 :
1186 1021 1304 1047 noster
1346 1015 1387 1046 de
1416 1024 1468 1046 vt.
1499 1015 1638 1046 Consul.
1681 1013 1775 1045 Hon.

1073 1068 1082 1083 ‘
1101 1066 1200 1099 Quod
1212 1067 1400 1107 picturatas
1413 1067 1517 1106 galeae
1531 1063 1680 1097 ,Iunonia
1693 1064 1777 1095 aris-

1073 1119 1123 1146 tas
1140 1115 1250 1147 Ornet
1268 1117 1360 1147 avis!
1383 1116 1527 1155 Dempst.

1115 1168 1177 1197 353
1202 1166 1350 1197 Satiatur
1365 1167 1488 1196 vulnere
1501 1164 1623 1204 cornus]
1646 1163 1701 1195 Ita
1726 1164 1773 1195 lo-

1071 1218 1259 1257 quebantur
1277 1221 1406 1247 veteres
1432 1216 1475 1246 de
1492 1215 1592 1245 armis
1609 1214 1775 1254 Heroum,

1071 1277 1146 1308 quae
1173 1268 1280 1298 instar
1311 1267 1531 1297 animantium
1562 1265 1772 1306 quorundam

1070 1327 1196 1357 cupere
1213 1317 1341 1347 caedem
1356 1317 1499 1347 hostium
1516 1314 1690 1346 dicebant.
1716 1314 1772 1345 Sic

1068 1373 1103 1398 et
1113 1368 1231 1398 Esaias
1257 1377 1334 1408 cap.
1347 1375 1476 1398 xxxw.
1501 1367 1510 1382 ‘
1524 1365 1772 1398 Quoniamine·

1070 1419 1198 1450 briatus
1216 1424 1269 1450 est
1285 1420 1318 1449 in
1332 1419 1416 1449 coelo
1431 1416 1562 1458 gladius
1573 1425 1678 1447 meus.
1691 1416 1773 1448 Gla-

1071 1469 1145 1500 dius
1170 1469 1308 1500 Domini
1338 1469 1489 1508 repletus
1520 1470 1571 1497 est
1595 1466 1772 1507 sanguine,

1069 1519 1271 1551 incrassatus
1289 1524 1341 1549 est
1358 1517 1483 1559 adipe‚’
1500 1520 1566 1548 &c-
1590 1517 1707 1549 Barth.

1112 1573 1175 1601 354
1198 1569 1314 1600 Acrior
1341 1570 1460 1600 interea
1487 1567 1572 1608 voto]
1608 1569 1687 1599 Hoc
1719 1572 1773 1600 est

1068 1620 1281 1651 successione
1295 1620 1376 1650 voti.
1397 1620 1452 1650 Sic
1463 1620 1596 1661 votivus,
1608 1618 1698 1660 quod
1710 1619 1771 1649 mi-

1068 1679 1130 1700 nus
1147 1669 1428 1708 uotum‚felieem
1451 1673 1560 1701 sonat.
1591 1668 1772 1710 Apuleius,

1067 1720 1125 1751 lib.
1144 1730 1177 1751 v.
1200 1721 1208 1737 ‘
1223 1721 1423 1760 cunctisque
1448 1720 1540 1751 ocius
1555 1725 1668 1751 tecum
1684 1721 1769 1751 rela-

1068 1769 1111 1800 tis
1125 1770 1245 1801 votivis
1257 1770 1382 1810 nuptiis
1393 1770 1559 1800 hominem
1572 1770 1769 1810 tejungem-

1066 1830 1104 1851 us
1131 1819 1278 1851 homini.'
1324 1821 1367 1850 Et
1390 1820 1437 1850 sic
1462 1825 1582 1857 contra
1601 1820 1767 1852 devotare

1066 1874 1119 1902 est
1134 1869 1306 1901 infelicem
1324 1870 1470 1911 aliquem
1482 1870 1640 1902 reddere.
1666 1870 1767 1902 Idem.

1110 1921 1271 1961 Multoque
1304 1922 1445 1960 Megaera
1473 1921 1652 1952 Luxuriam
1674 1921 1767 1961 malo]

1066 1971 1145 2002 Non
1162 1972 1267 2002 multis
1284 1972 1372 2002 malis
1395 1971 1536 2011 scripti:
1561 1971 1589 2002 si
1619 1970 1766 2011 primum

1064 2021 1266 2052 Vaticanum
1307 2025 1342 2051 et
1380 2026 1543 2061 excerpta
1585 2020 1768 2061 Pomponii

1065 2071 1236 2112 excipias:
1275 2071 1377 2102 acrior
1406 2071 1510 2102 etiam
1538 2072 1603 2102 voti
1631 2081 1693 2112 pro
1715 2082 1767 2102 vo-

1064 2124 1096 2151 to
1118 2121 1355 2162 corrigendum
1374 2125 1469 2161 puto,
1485 2121 1653 2163 quomodo
1674 2131 1764 2162 soepe

1065 2171 1280 2203 Claudianus.
1326 2173 1494 2213 Exempla
1509 2181 1551 2202 ex
1568 2172 1640 2202 aliis
1660 2172 1765 2213 scrip-

1063 2222 1193 2253 toribus
1220 2222 1393 2262 congessit
1418 2223 1579 2253 nonnulla
1602 2222 1764 2253 Barthius

1061 2273 1103 2304 ad
1117 2283 1166 2304 vs,
1182 2275 1256 2304 377.
1270 2272 1369 2312 hujus
1385 2272 1474 2304 libri.
1499 2273 1544 2304 D.
1561 2272 1675 2304 Heius.

1104 2325 1164 2353 355
1189 2323 1228 2353 In
1243 2322 1329 2361 arce]
1352 2322 1449 2353 Aulae
1464 2323 1710 2362 Imperatoriae,
1724 2327 1764 2354 ut

1060 2382 1163 2412 supra
1179 2382 1227 2403 vs.
1242 2375 1295 2403 52.
1309 2372 1362 2402 vel
1380 2377 1414 2403 et
1428 2372 1496 2412 poli
1510 2377 1569 2402 aut
1583 2372 1671 2411 coeli,
1685 2376 1761 2413 quae'

1059 2421 1187 2462 ubique
1204 2421 1322 2452 Poetis
1339 2421 1372 2451 in
1390 2430 1447 2451 ore
1472 2425 1536 2451 est.
1581 2420 1654 2451 Arx
1678 2430 1761 2452 vero

1058 2472 1166 2512 quivis
1181 2475 1273 2502 tutus
1290 2472 1438 2502 munitus
1462 2475 1497 2502 et
1522 2470 1633 2502 editus
1653 2472 1760 2504 locus.

1056 2522 1174 2553 Barth.

1099 2574 1163 2602 356
1198 2571 1339 2611 Diroque
1362 2573 1448 2611 prior·
1472 2571 1518 2602 sic
1543 2581 1594 2602 ore
1619 2572 1758 2613 lacessit]

1056 2622 1111 2652 Ita
1127 2626 1273 2662 quatuor
1289 2622 1482 2652 veterrimi:
1508 2621 1651 2662 vulgati,
1667 2625 1758 2663 atque

1051 2672 1140 2711 prior
1150 2673 1218 2702 diro
1228 2683 1239 2702 .-
1262 2681 1337 2702 mox
1351 2676 1556 2712 renovataque
1566 2674 1676 2703 saecula
1687 2682 1758 2703 rur-

1053 2733 1121 2753 sum
1138 2732 1202 2754 non
1221 2726 1419 2762 revocataque
1432 2722 1538 2754 ra'rsus
1550 2722 1678 2764 primus
1691 2723 1758 2754 Va·

1055 2773 1200 2806 ticanus.
1223 2774 1266 2806 D.
1282 2773 1396 2804 Heius.
