1851 3213
268 186 379 228 1474

312 293 375 322 468
400 289 532 321 Exsecti
546 288 676 321 Veneris
687 287 842 328 stimulos]
865 285 976 318 Effec-

271 345 342 371 tum
374 340 514 381 quidem
542 343 649 379 certe,
676 338 737 370 sed
765 346 976 379 nequaquam

270 390 438 423 stimulos.
473 389 564 422 Vide
596 390 636 421 ad
654 398 742 420 vers.
758 391 810 420 87.
833 388 892 420 lib.
907 397 977 429 seq.

274 441 392 473 Barth.

315 493 380 522 469
405 490 514 521 Μία-ια
531 489 646 529 duplex
660 488 754 528 aetas]
779 487 848 519 Hic
865 487 980 519 distin-

275 540 468 582 guendum:
504 538 630 570 deinde
656 539 703 571 nil
738 540 875 571 medium
902 547 981 569 con-

268 592 376 632 junge
389 600 466 623 cum
478 591 523 630 τῷ
532 591 615 621 inter
620 590 808 631 juvenesque
819 598 964 629 senesque
971 598 982 624 ;

275 643 368 674 inter
380 651 478 673 senes
493 641 808 682 enimjuvenesque
821 639 923 670 medii
937 638 983 669 vi-

276 693 321 725 ri:
346 692 492 725 eunuchi
504 696 619 723 autem
631 692 695 723 viri
707 701 770 722 non
784 697 873 722 sunt.
901 691 983 721 Vul-

277 750 357 786 gata
371 743 548 776 distinctio
565 743 616 775 Cl.
633 742 812 774 Barthium
833 741 983 781 decepit.

279 796 325 828 D.
344 794 456 826 Heius.

321 849 385 878 470
409 846 469 877 Nil
483 843 632 885 medium]
655 842 894 876 Eruditissime
915 840 986 873 dic-

279 903 365 930 tum.
411 897 561 929 Omnino
575 896 666 928 enim
678 905 742 927 nec
756 895 808 926 vir
820 898 908 934 erat,
923 902 987 924 nec

280 958 375 990 puer,
408 958 472 980 nec
515 954 631 979 tamen
671 947 853 989 quicquam
883 945 988 976 etiam

279 999 440 1040 medium,
469 1008 546 1031 cum
572 1008 642 1030 non
671 999 716 1030 sit
746 998 815 1029 tale
847 996 987 1038 aliquid.

283 1050 400 1081 Barth.

325 1102 388 1131 474
411 1097 557 1139 Pizenta]
581 1098 710 1130 Currus
724 1098 846 1139 quibus
860 1107 923 1138 per
936 1107 989 1128 ur·

282 1147 991 1188 bemmatronae‚Sacerdotes‚NovaeNup-

284 1205 342 1238 tae,
359 1201 423 1231 Sec.
441 1199 662 1230 vehebantur.
686 1197 787 1228 Idem.

326 1253 388 1280 475
414 1249 487 1279 Neu
512 1257 671 1279 numerem
697 1246 839 1288 quantis]
878 1246 992 1278 Inter-

285 1308 399 1340 punge
437 1299 502 1330 hoc
537 1299 657 1330 modo:
706 1299 779 1329 Neu
815 1307 993 1336 numerem,·

285 1350 411 1390 quantis
428 1349 545 1388 injuria
565 1349 649 1381 mille
670 1359 728 1391 per
752 1359 848 1380 annos
873 1348 932 1380 fit
945 1358 994 1380 re-

285 1404 335 1432 tro
350 1399 501 1432 ducibus!
533 1400 671 1432 Deinde
683 1399 827 1439 subeunt,
843 1409 911 1430 non
926 1399 996 1430 sub·

287 1454 359 1482 eant
388 1450 532 1492 scripti:
564 1460 643 1481 mox
665 1450 827 1482 Arinthaei
841 1449 952 1488 fastus
977 1459 997 1480 a

287 1500 502 1532 Claverianis
520 1500 616 1532 libris
640 1505 704 1532 est.
749 1500 995 1539 Nostrifastos‚

289 1556 420 1593 praeter
435 1551 672 1593 Gyraldinum,
697 1561 764 1583 sec.
786 1551 997 1591 Mediceum,

289 1603 413 1635 Patav.
428 1608 465 1635 et
481 1603 566 1634 alios
583 1603 666 1635 duos
682 1608 741 1634 aut
758 1607 843 1643 tres,
861 1603 998 1645 quisas-

290 1659 340 1686 tus
352 1664 427 1686 cum
442 1654 563 1696 priscis
575 1653 782 1686 editionibus
796 1656 998 1694 agnoscunt.

291 1704 392 1735 Infra
407 1715 455 1736 vs.
471 1707 548 1736 489.
573 1707 583 1722 ‘
601 1704 761 1744 contagia
776 1703 924 1735 fastibus
941 1714 999 1735 oro

291 1754 465 1786 Defendas
492 1756 617 1795 ignava
655 1755 746 1795 tuis,’
784 1765 862 1786 cum
889 1755 1000 1786 veteri

293 1805 392 1837 libro.
419 1806 465 1837 D.
483 1806 598 1836 Heius.

334 1858 398 1887 477
425 1854 582 1895 Canities]
620 1854 828 1886 Veneranda
853 1854 1002 1895 antiqui-

294 1909 358 1938 tas.
382 1905 501 1937 Barth.

337 1962 402 1990 478
426 1958 717 1999 Arinthaeifastus]
743 1958 818 1990 Hoc
836 1962 902 1998 est,
915 1957 1002 1989 Con-

296 2010 425 2040 sulares
441 2008 557 2040 fastos.
603 2010 692 2041 Nam
717 2009 915 2041 Arinthaeus
939 2008 1003 2039 iste

297 2060 424 2091 Consul
449 2059 528 2100 fuit,
553 2060 609 2101 qui
637 2060 728 2092 idem
754 2061 789 2091 in
815 2060 1003 2102 juventute

297 2119 431 2141 servum
443 2110 562 2142 habuit
572 2112 788 2152 Eutropium.
806 2110 1005 2142 Arinthaeus

297 2161 363 2191 iste
380 2161 602 2192 Consulatum
618 2162 725 2203 gessit
739 2172 815 2193 curn
832 2162 1006 2201 Modesto,

296 2210 358 2241 sub
381 2212 637 2251 Valentiniano,
664 2217 702 2244 ut
726 2213 944 2245 Cassiodorus
970 2215 1006 2243 et

299 2260 357 2290 alii
385 2265 567 2294 testantur.
602 2263 719 2295 Quare
747 2264 929 2304 perspicua
954 2266 1007 2294 est

300 2310 483 2350 sententia,
499 2321 574 2342 cum
590 2312 637 2343 ait
653 2323 660 2343 :
684 2314 693 2330 ‘
709 2313 915 2355 dominoque
928 2322 1007 2344 suos

300 2359 439 2401 aequalis
455 2360 599 2391 honores
615 2361 774 2394 Insere&
800 2363 898 2395 Idem.

345 2412 408 2440 482
434 2409 485 2440 En
497 2410 617 2450 patior]
643 2412 717 2442 Non
735 2413 793 2451 Et,
811 2417 945 2453 septem
968 2412 1007 2443 li-

301 2459 367 2491 bri.
413 2460 483 2490 Pro
502 2460 624 2490 Pellaez's
639 2463 797 2501 sequenti
821 2472 919 2493 versu
942 2464 1009 2494 Ru-

300 2509 395 2541 benii
409 2514 444 2541 et
462 2510 641 2550 Pomponii
663 2512 750 2542 Laeti
767 2517 931 2552 excerpta
945 2513 1008 2544 La-

299 2561 380 2601 geis.
404 2565 588 2601 utrumque
603 2561 757 2601 probum.
781 2563 827 2593 D.
847 2563 959 2593 Heius.

345 2614 409 2643 483
436 2611 581 2642 Consulis
595 2611 701 2652 unius]
728 2612 895 2653 Pompeii.
918 2613 1009 2644 Vide

305 2663 492 2700 Lucanum,
510 2662 532 2692 l.
550 2669 630 2692 vm.
658 2662 771 2693 Barth.

347 2714 412 2743 484
448 2712 580 2742 Privata
609 2712 785 2754 movebunt]
824 2712 1011 2743 Movebant:

306 2761 433 2794 deinde
460 2771 523 2803 pro
543 2762 685 2803 prospice
712 2762 906 2805 quindecim
930 2762 1011 2794 libri

487 195 630 226 NOTAE
662 193 928 225 VARIORUM
963 192 1014 223 IN
1050 167 1124 223 ct..
1151 191 1336 223 CLAUD.
1370 191 1519 222 XVIII.

1026 286 1185 326 conspice.-
1209 290 1278 318 tres
1299 285 1520 326 circumspice:
1543 285 1632 317 alter
1658 285 1734 317 Mo.

1027 339 1096 370 reti
1122 339 1266 374 conside,-
1295 338 1384 379 quod
1412 338 1550 378 placet:
1579 341 1617 369 ut
1642 337 1735 369 bello

1030 389 1144 421 Getic.
1167 390 1176 406 ‘
1191 389 1386 421 Consulitur
1400 389 1491 428 dum,
1503 389 1623 428 Roma,
1638 387 1699 419 tibi
1714 386 1735 418 :'

1031 444 1066 472 et
1079 440 1139 472 lib.
1154 448 1196 472 11.
1212 440 1256 471 de
1271 439 1362 471 laud.
1377 439 1509 470 Stilich.
1524 439 1532 455 ‘
1551 439 1622 469 haec
1636 438 1736 479 longe

1031 492 1105 523 sola
1120 491 1260 523 remotis
1272 489 1451 523 Consulit!
1489 489 1608 521 Veslrae
1620 488 1739 527 etiam,

1032 552 1097 574 non
1120 545 1246 581 nostrae,
1261 540 1447 572 Lucensis:
1475 548 1609 581 sequor.
1653 538 1739 570 Mox

1032 596 1137 624 averte
1162 602 1224 633 pro
1250 593 1376 623 adverte
1406 590 1587 631 legendum
1618 588 1740 629 scripti

1033 644 1191 675 meliores
1202 647 1360 674 monent:
1379 642 1469 673 bello
1481 641 1574 672 Gild.
1589 641 1599 658 ‘
1613 639 1742 671 Civiles

1035 695 1170 725 abolete
1198 696 1293 722 notas
1306 691 1325 723 :'
1364 692 1454 722 bello
1482 692 1562 723 Get.
1586 692 1595 708 ⁴
1613 689 1743 721 obsessi

1035 743 1203 785 principis
1232 741 1334 772 armis
1358 742 1532 772 Excusate
1560 740 1656 772 nefas
1683 741 1743 772 de-

1035 794 1276 835 ploratumque
1301 792 1439 823 Timavo
1456 791 1601 831 Vulnus,
1625 796 1660 822 et
1686 790 1745 823 Al·

1036 844 1154 885 pinum
1169 842 1290 883 gladiis
1307 842 1442 874 abolete
1460 841 1650 883 pudorem.'
1673 842 1745 874 De-

1037 895 1141 936 nique
1157 894 1270 935 aspicit
1285 903 1347 934 pro
1362 893 1476 934 accipit
1492 892 1558 924 duo
1583 892 1746 924 Pulman-

1037 946 1130 977 niani
1146 950 1182 977 et
1199 950 1331 986 septem
1347 954 1391 976 ex
1404 944 1528 976 nostris
1544 953 1621 976 cum
1637 944 1746 985 primo

1044 996 1222 1028 Vaticano.
1249 996 1297 1027 D.
1319 995 1430 1027 Heius.

1083 1050 1146 1079 485
1185 1048 1313 1078 Nostrae
1338 1045 1468 1087 cuussoe]
1506 1045 1626 1077 Omnis
1657 1044 1747 1077 enim

1042 1099 1195 1129 Romana
1210 1098 1374 1139 majestas
1388 1097 1537 1128 vertitur
1553 1097 1586 1127 in
1602 1096 1666 1128 hoc
1679 1099 1748 1127 tam

1041 1147 1251 1188 propudioso
1267 1147 1432 1178 facinore.
1456 1147 1574 1178 Barth.

1085 1200 1150 1228 486
1173 1197 1309 1237 Regales
1323 1197 1427 1237 notas]
1457 1197 1622 1229 Dedecus
1636 1198 1751 1238 Impe-

1044 1247 1169 1279 ratoris
1186 1247 1342 1288 Arcadii,
1357 1248 1453 1288 cujus
1469 1248 1547 1279 aula
1564 1252 1601 1279 et
1616 1248 1751 1279 univer-

1043 1309 1117 1331 sum
1129 1299 1318 1340 Imperium
1335 1297 1491 1330 Orientis
1507 1299 1597 1340 regit
1612 1299 1690 1340 iste,
1703 1299 1753 1330 in-

1046 1350 1133 1392 quit,
1149 1350 1299 1382 eviratus
1316 1348 1472 1382 furcifer.

1088 1401 1215 1442 Accipit
1230 1411 1327 1432 unum
1345 1401 1444 1442 Aula]
1478 1400 1643 1432 Consules
1663 1400 1754 1432 enim

1046 1451 1133 1484 fiunt
1149 1451 1365 1493 quandoque,
1386 1451 1447 1491 ait,
1471 1451 1663 1492 Principes.
1708 1451 1755 1482 Et

1049 1513 1130 1535 sane
1146 1502 1213 1534 fuit
1234 1502 1336 1534 etiam
1362 1503 1397 1534 in
1419 1502 1470 1533 bis
1490 1502 1575 1533 mira
1590 1502 1755 1534 Domino-

1049 1565 1123 1586 rum
1140 1554 1292 1587 ambitio.
1316 1553 1433 1586 Barth.

1092 1609 1156 1638 468
1180 1606 1219 1637 In
1242 1605 1358 1637 crimen
1373 1603 1517 1636 euntibus
1534 1603 1639 1645 annis]
1674 1602 1758 1635 Om-

1049 1668 1110 1690 nes
1126 1658 1214 1689 enim
1231 1656 1493 1688 maculabantur
1511 1656 1576 1687 hoc
1593 1660 1661 1686 tam
1679 1663 1759 1694 pro-

1051 1708 1195 1749 pudioso
1225 1707 1397 1747 exemplo,
1430 1706 1494 1737 nisi
1533 1710 1569 1736 tu
1605 1703 1760 1736 succidas

1050 1758 1250 1800 perniciem.
1275 1758 1373 1787 Idem.

1094 1811 1159 1839 489
1185 1806 1356 1846 Contagia]
1392 1806 1479 1838 Nam
1497 1810 1531 1837 et
1547 1806 1605 1837 alii
1620 1805 1683 1836 hoc
1701 1814 1759 1845 ge-

1052 1868 1115 1889 nus
1136 1857 1268 1898 egregii
1290 1856 1455 1888 Consules
1478 1856 1619 1896 cupient
1641 1854 1759 1885 venire

1052 1911 1086 1942 in
1100 1910 1217 1942 titulos
1234 1918 1409 1941 annorum.
1434 1908 1534 1940 Idem.

1099 1960 1257 2000 Contagia
1275 1959 1419 1998 fascibus
1441 1957 1508 1999 oro]
1541 1957 1674 1990 Tholos.
1691 1956 1762 1996 fas·

1054 2013 1156 2045 tibus:
1192 2011 1361 2054 quomodo
1403 2012 1483 2042 olim
1533 2011 1762 2052 conjeceram.

1055 2064 1112 2094 Sic
1137 2063 1147 2080 ‘
1163 2063 1275 2094 labem
1301 2061 1411 2093 fastis‘
1439 2062 1629 2093 Varronem
1660 2064 1761 2093 vocat

1055 2113 1167 2144 Silius.
1197 2113 1242 2144 D.
1264 2112 1373 2143 Heius.

1098 2166 1162 2194 490
1187 2162 1362 2203 Defendas]
1387 2161 1527 2192 Arceas.
1557 2160 1677 2192 Barth.

1103 2214 1237 2245 Tradita
1252 2212 1340 2243 libris
1358 2211 1487 2252 Omina]
1515 2212 1609 2251 Lege
1625 2209 1764 2242 Nomina

1058 2273 1135 2295 cum
1152 2262 1257 2304 priori
1271 2262 1444 2301 Leidensi,
1460 2266 1495 2293 et
1511 2262 1662 2304 quinque
1673 2261 1764 2293 aliis:

1058 2315 1126 2346 duo
1157 2313 1316 2346 Homina:
1339 2314 1397 2345 alii
1426 2313 1552 2345 Omnia.
1598 2312 1763 2344 Consules

1058 2374 1145 2395 anno
1167 2374 1291 2395 nomen
1308 2363 1443 2395 dedisse
1462 2362 1551 2403 quod
1567 2361 1662 2393 fastis
1676 2361 1764 2392 inse-

1058 2418 1206 2453 reretur,
1220 2414 1295 2454 quis
1313 2413 1445 2444 nescit?
1468 2411 1557 2443 infra
1574 2412 1594 2443 l.
1609 2420 1649 2442 Π.
1672 2413 1681 2428 ⁸
1695 2409 1766 2442 Ab·

1058 2465 1129 2496 lato
1146 2465 1281 2504 penitus
1307 2463 1476 2504 respirant
1501 2462 1636 2492 nomine
1660 2460 1766 2493 fasti!

1059 2523 1109 2545 ιν.
1132 2514 1233 2545 Cons.
1249 2514 1343 2545 Hon.
1364 2514 1374 2530 ‘
1392 2513 1511 2553 Signas
1535 2512 1646 2552 posito
1662 2511 1764 2543 modo

1058 2563 1195 2594 nomine
1219 2561 1349 2593 fastos:
1395 2562 1523 2593 Lucan.
1548 2570 1587 2592 11.
1610 2563 1619 2577 ‘
1639 2560 1687 2592 At
1702 2570 1763 2591 vos

1059 2612 1118 2653 qui
1146 2611 1260 2643 Latios
1295 2611 1438 2652 signatis
1471 2611 1607 2642 nomine
1634 2609 1767 2641 fastos!

1059 2662 1136 2695 Lib.
1160 2671 1195 2693 v.
1229 2665 1238 2679 ‘
1258 2662 1483 2703 Instabatque
1508 2661 1594 2701 dies,
1619 2661 1676 2702 qui
1705 2660 1766 2692 dat

1060 2723 1147 2745 nova
1161 2714 1297 2745 nomina
1314 2712 1434 2744 fastis.'
1480 2712 1583 2743 Plura
1607 2711 1766 2751 exempla

1060 2773 1247 2806 congerere
1276 2773 1342 2795 non
1372 2762 1464 2795 foret
1488 2761 1654 2795 arduum:
1685 2770 1766 2793 mox
