1852 3182
484 206 546 235 DE
580 207 758 238 MALLlI
794 211 973 243 THEOD.
1007 215 1143 245 CONS-

126 297 275 329 Romanis
291 298 442 338 floribus]
481 298 705 332 Ornamentis
738 303 786 334 di-

82 349 196 389 cendi,
222 350 384 380 orationis
400 351 610 382 amoenitate.
634 353 749 383 Barth.

125 400 165 428 85
196 398 319 429 Vicibus
331 400 437 438 gratis
454 400 598 436 formare
615 403 785 444 loquentes]

81 447 153 479 Per
178 448 341 490 Dialogos
367 451 540 491 intelligit,
572 453 672 484 modo
704 455 784 485 scri-

79 497 182 529 bendi
197 499 387 539 Socratico,
403 501 543 541 aliisque
572 502 785 544 Pliilosophis

81 547 222 580 dilecto.
252 551 446 581 Latinorum
465 551 632 592 Princeps
661 554 784 585 Cicero

80 598 164 630 adeo
182 600 244 630 hoc
261 610 366 640 genus
391 602 637 643 frequentavit,
666 609 703 635 ut
724 614 784 644 per

78 653 290 681 contemtum
320 651 399 682 inde
430 652 635 691 Dialogistae
663 664 784 686 nomen

77 698 257 730 invenerit.
312 700 493 732 Platonem
527 703 671 742 primum
706 706 785 736 Dia-

77 748 172 789 logos
188 749 416 782 introduxisse
428 753 615 784 Favorinus
629 754 782 787 tradidit.

79 798 179 830 Idem.

119 852 162 880 86
184 850 316 881 Alterno
351 861 454 883 veram
483 857 644 884 contexere
689 855 782 895 nodo]

74 898 262 932 Socraticis
279 903 509 943 captionibus,
520 903 629 935 officio
647 905 782 936 Dialec-

76 950 168 990 ticae,
193 952 283 992 quod
313 953 452 992 pulchre
486 955 565 985 milii
594 955 782 987 delineasse

74 1001 165 1032 visus
181 1008 231 1033 est
260 1003 430 1045 PlotinuS,
446 1005 610 1037 Enneade
634 1016 656 1038 1.
686 1007 707 1037 Ι.
728 1016 782 1039 111.

75 1060 105 1082 c.
122 1055 151 1083 3.
202 1054 296 1084 Idem.

118 1105 160 1133 88
183 1103 286 1134 Docta
324 1104 517 1145 Cleantheae]
572 1105 780 1137 Doctrinam

75 1152 250 1184 Cleanthis
261 1163 340 1184 vere
352 1155 579 1185 commendat.
599 1155 682 1194 Ejus
692 1157 782 1187 enim

72 1203 138 1234 viri
154 1203 325 1244 ingenium
352 1209 427 1235 erat
453 1205 570 1244 hebes,
589 1215 652 1236 nec
679 1206 781 1246 profi-

74 1253 191 1285 ciebat
221 1254 285 1285 uisi
315 1255 527 1286 aerumnabili
558 1256 690 1295 labore,
726 1258 780 1288 cui

72 1303 200 1335 idcirco
216 1304 302 1335 adeo
325 1315 360 1335 se
377 1305 524 1345 dedidit,
540 1311 575 1337 ut
592 1306 679 1337 alter
694 1307 780 1338 Her-

73 1355 168 1385 cules
185 1354 372 1386 diceretur.
399 1355 497 1386 Idem.

116 1406 158 1435 89
177 1404 360 1446 Chrysippe,
372 1405 507 1445 recessa]
520 1406 574 1437 De
589 1407 780 1447 Chrysippo

71 1458 164 1485 notae
181 1454 348 1495 historiae,
360 1461 540 1498 exstatque
554 1467 676 1497 magno
691 1468 779 1489 com-

71 1505 174 1537 modo
204 1506 353 1537 omnium
390 1507 568 1538 literarum
608 1508 780 1548 Diogenes

73 1555 242 1587 Laertius.
266 1557 362 1587 Idem.

114 1609 157 1637 90
180 1606 378 1638 Democritus
391 1606 478 1647 risit]
496 1607 707 1648 Sapientium
724 1608 780 1639 lio-

70 1656 198 1688 minum
216 1666 284 1687 uon
301 1662 492 1697 postremus
508 1669 514 1688 z
533 1668 694 1689 summam
713 1664 781 1689 stu-

71 1706 203 1738 diorum
218 1711 253 1738 et
278 1706 452 1738 felicitatis
468 1709 619 1739 ltumanae
638 1710 670 1739 in
689 1714 779 1740 tran-

73 1757 245 1799 quillitate
293 1758 417 1789 auimae
447 1758 608 1799 ponebat,
647 1764 776 1790 caetera

71 1808 184 1839 omnia
194 1806 267 1840 fato
283 1807 366 1840 ferri
384 1809 544 1849 visajoco
562 1809 779 1850 ludibrioque

71 1857 233 1891 habebat.

115 1909 276 1950 Dixitque
289 1910 416 1940 tacendo
432 1909 647 1950 Pythagoras]
672 1910 779 1943 Quin-

72 1960 211 2001 quennii
222 1960 457 1991 taciturnitate
466 1960 691 1991 initiabantur
700 1961 779 1992 doc-

70 2009 172 2040 trinae
201 2019 271 2041 suae
303 2010 539 2050 Pythagorici,
555 2010 597 2041 ad
626 2011 780 2042 coelestia

71 2059 240 2100 capienda
257 2064 294 2091 ut
309 2059 435 2091 fierent
453 2061 578 2092 idonei.
603 2062 720 2092 Barth.

114 2112 154 2141 91
185 2110 252 2141 Uno
277 2120 309 2141 se
338 2114 462 2150 pectore
501 2114 613 2142 cuncta
641 2116 778 2143 vetustas

73 2161 241 2201 Condidit]
266 2160 493 2202 Antiquitatis
520 2162 676 2192 notitiam
691 2172 777 2192 sum-

70 2220 160 2242 mam
177 2210 405 2242 eruditionem
423 2211 538 2242 habet.
568 2212 662 2243 Idem.

117 2263 238 2293 Cuncta
271 2261 419 2301 vetustas]
463 2261 631 2293 Junianus
678 2265 778 2292 tanta.

71 2311 174 2344 etiam
192 2321 258 2342 non
275 2311 374 2342 male.
398 2311 442 2342 D.
461 2311 576 2341 Heius.

113 2364 156 2394 92
180 2362 287 2401 Major
313 2362 448 2393 collectis
472 2361 590 2392 viribus
617 2361 701 2401 exit]
746 2361 778 2393 A

69 2412 196 2452 ventis,
221 2416 279 2444 aut
310 2411 487 2452 spiritibus
516 2412 665 2453 alioquin
689 2411 777 2443 aliis.

71 2462 189 2495 Barth.

113 2515 156 2545 93
182 2513 346 2544 Ornantur
356 2512 487 2553 veteres]
501 2513 691 2554 Insigniore
708 2514 777 2553 glo-

71 2563 135 2602 ria,
164 2574 265 2605 quam
295 2565 386 2604 parit
418 2574 581 2596 novorum
611 2565 778 2596 librorum

71 2613 225 2646 conditio
239 2625 246 2644 ε
263 2618 301 2644 ut
313 2619 350 2645 et
361 2615 661 2655 ampliorelabore.
678 2616 776 2647 Idem.

115 2666 158 2695 94
181 2664 365 2704 Academia]
406 2665 507 2697 Notae
538 2666 684 2697 Athenae
715 2665 778 2697 At-

71 2713 152 2746 ticae
180 2713 380 2754 Sapientum
422 2715 778 2758 Philosophorumque

72 2764 195 2798 turbis.
217 2764 318 2797 Idem.

1430 213 1541 255 1427

883 308 924 336 95
953 307 995 338 Ut
1011 309 1134 339 tandem
1147 311 1273 350 propius
1285 312 1398 354 discut]
1426 317 1542 349 Discus

841 356 949 386 codex
979 358 1013 389 S.
1042 359 1166 397 Marci,
1204 371 1287 393 unus
1325 365 1477 398 Vatican,
1507 375 1542 399 et

842 405 978 438 Pricaei.
1004 409 1046 440 D.
1067 410 1177 442 Heius.

887 457 929 487 ΓΖ
947 460 1069 489 tandem
1083 461 1210 501 propius
1226 462 1339 502 discat]
1367 464 1446 495 Usui
1466 465 1541 506 ipsi,

840 511 875 536 ct
893 508 1129 547 gubernationi
1150 513 1233 542 tanti
1247 514 1470 553 Magistratus
1488 517 1543 547 ad-

840 562 943 587 mota.
991 559 1136 598 Propius,
1160 563 1300 599 certius,
1323 562 1470 605 facilius,
1495 576 1543 597 se-

839 606 939 636 motis
968 607 1163 640 obstaculis.
1222 613 1276 643 De
1310 614 1460 654 Finibus,
1500 617 1540 646 de

837 656 975 686 Summo
992 657 1100 695 Bono,
1113 658 1154 689 do.
1168 659 1322 701 Justitia,
1337 663 1543 703 Honestate,

838 706 1045 745 Virtutibus,
1069 718 1144 749 quae
1171 710 1224 740 hic
1243 716 1440 751 tanguntur,
1464 715 1541 745 l’hi-

837 757 1052 796 losopllorum
1079 759 1254 799 opiniones
1286 762 1339 793 hic
1379 770 1542 796 excutere

836 815 902 836 non
916 812 979 838 est.
1004 808 1120 839 Barth.

878 860 918 887 97
949 858 1059 888 Virtus
1075 859 1190 898 divisa]
1215 861 1323 891 Unam
1343 863 1464 894 statuit
1479 865 1544 894 vir-

836 911 944 938 tutem
977 907 1115 939 divisam
1140 910 1171 939 in
1200 910 1381 951 justitiam,
1412 917 1540 953 tempe-

836 958 1420 998 rantiam,fortitudinem,caeteras.
1442 963 1539 993 Idem.

877 1010 919 1038 98
946 1008 1085 1046 Objectet
1104 1009 1206 1049 vitiis]
1241 1010 1358 1041 Virtus
1377 1012 1463 1042 euim
1491 1011 1540 1042 fu-

835 1066 915 1096 gere
932 1058 1024 1088 vitia.
1049 1057 1147 1088 Idem.

877 1110 918 1138 99
947 1109 1055 1138 Vincat
1080 1109 1201 1139 ratione
1229 1110 1344 1149 metus]
1368 1111 1468 1142 Ratio
1492 1112 1540 1142 ni-

835 1157 954 1188 mirum
969 1158 1002 1188 in
1019 1158 1051 1188 id
1064 1158 1146 1189 data
1157 1159 1296 1198 homini,
1312 1165 1348 1190 ut
1362 1161 1566 1201 sapientiae-¹·

835 1212 870 1238 et
888 1207 983 1238 bonae
1002 1209 1124 1240 mentis
1138 1209 1320 1249 studiosus,
1334 1211 1415 1241 vitia
1427 1212 1540 1242 omnia

834 1256 1073 1298 deformesque
1100 1259 1211 1289 larvas
1238 1259 1360 1300 fugiat,
1386 1267 1538 1301 superet,

834 1308 996 1347 declinet,
1011 1309 1200 1340 exsciudat.

880 1359 995 1398 Metus,
1009 1358 1141 1399 amores]
1160 1360 1245 1390 Duoe
1265 1359 1360 1391 furiae
1373 1362 1536 1403 tranquil·

834 1408 937 1440 litatis
951 1409 1117 1440 humanm.

876 1458 1003 1489 Eroeuet
1018 1458 1150 1498 amores]
1168 1459 1302 1499 injecto
1320 1460 1413 1490 velut
1430 1459 1536 1492 fraeno

834 1508 1005 1539 coerceat.
1061 1509 1262 1540 Juvenalis:
1318 1510 1326 1526 ‘
1346 1519 1434 1549 poue
1474 1510 1533 1541 irae

833 1557 941 1590 fraena
957 1558 1174 1600 modumque,
1191 1559 1286 1590 Pone
1310 1564 1345 1591 et
1361 1560 1538 1591 avaritiae.'

833 1608 950 1639 Barth.

877 1661 935 1688 101
962 1658 1158 1689 Animarerit
1175 1659 1277 1699 astra]
1293 1659 1391 1690 Vitas
1409 1659 1536 1699 genios-

833 1717 897 1748 que
915 1718 991 1738 suos
1009 1714 1176 1738 astrorum
1195 1709 1393 1748 corporibus
1409 1708 1535 1739 adscri-

833 1757 960 1788 bebant
978 1763 1124 1796 veteres,
1141 1767 1309 1789 consensu
1324 1757 1396 1789 fere
1414 1758 1538 1790 Aucto-

834 1816 919 1838 rum.
944 1807 1042 1837 Idem.

875 1859 936 1887 102
961 1856 1182 1896 Impulerilque
1207 1855 1327 1895 choros]
1369 1857 1424 1888 Sic
1456 1857 1535 1888 Del-

831 1906 911 1946 rius,
926 1907 1086 1937 Schottus
1103 1911 1139 1935 et
1164 1906 1376 1936 Gronovius:
1401 1916 1536 1947 quomo-

830 1956 873 1986 do
890 1961 925 1987 et
940 1966 982 1987 ex
997 1957 1120 1987 nostris
1135 1957 1303 1988 meliores.
1350 1958 1460 1998 Vulgo
1472 1959 1534 1990 Im-

826 2007 983 2047 pleritque
1026 2007 1135 2037 chaos:
1175 2017 1364 2047 perperam.
1420 2009 1536 2040 Choros

830 2067 891 2097 pro
909 2058 1006 2088 astris
1021 2058 1142 2097 posuit.
1164 2057 1239 2087 Val.
1266 2058 1416 2095 Flaccus,
1432 2059 1488 2092 lib.
1501 2069 1534 2092 v.

830 2110 838 2125 ‘
856 2108 973 2140 Qualis
1002 2108 1043 2138 ab
1073 2108 1212 2138 Oceano
1241 2109 1384 2138 nitidum
1413 2109 1535 2141 chorus

829 2159 959 2189 aethera
991 2159 1125 2189 vestit?
1155 2159 1202 2189 sic
1227 2164 1261 2189 et
1293 2158 1384 2198 χόρος
1415 2159 1535 2199 ἄστρων

831 2209 954 2249 passim
979 2209 1070 2249 apud
1094 2209 1236 2240 Graecos
1255 2210 1383 2249 poetas.
1430 2210 1535 2242 Plura

830 2260 989 2300 exempla
1041 2260 1214 2299 congessit
1257 2259 1437 2290 Bartliius:
1477 2261 1534 2301 qui

830 2314 944 2340 tamen
972 2319 1152 2350 perperam
1180 2310 1380 2350 Implcritque
1407 2315 1534 2343 tuetur.

831 2359 1008 2399 Impulerit,
1024 2359 1061 2389 τὸ
1082 2359 1267 2390 animaverit
1285 2360 1412 2399 optime
1431 2360 1533 2390 inter-

830 2415 999 2450 pretatur.
1043 2409 1170 2441 Statius
1189 2409 1363 2450 Lacryunis
1386 2409 1531 2447 Etrusci,

829 2460 837 2476 ‘
856 2460 970 2490 Servit
999 2464 1034 2490 et
1051 2465 1219 2490 astrorum
1248 2461 1346 2490 velox
1376 2458 1532 2490 chorus:'

830 2510 1030 2550 Fulgentius
1064 2509 1323 2541 Astronomico:
1364 2509 1373 2526 ‘
1389 2508 1435 2539 At
1459 2508 1533 2539 cho·

830 2570 886 2591 rus
916 2566 1082 2592 astrorum
1114 2561 1264 2601 reliquus
1288 2569 1353 2590 nou
1383 2558 1531 2598 tangitur

832 2611 981 2643 umbris.5
1028 2613 1132 2643 Plura
1155 2611 1292 2649 collegit
1318 2607 1530 2639 Passeratius

831 2662 873 2693 ad
890 2663 1124 2703 Propertium.
1148 2662 1192 2691 D.
1211 2660 1322 2690 Heius.

873 2712 1074 2752 Impleritque
1093 2709 1214 2748 choros]
1238 2709 1443 2740 Numerosos
1458 2706 1530 2737 illos

830 2766 865 2794 et
888 2762 991 2795 certis
1017 2761 1146 2802 legibus
1172 2760 1206 2791 in
1229 2759 1368 2790 chorum
1392 2758 1545 2798 plenum,
