1852 3182
580 166 628 195 IN
668 165 901 195 RUFINUM
936 165 1029 197 LIB.
1063 167 1095 198 l.

146 262 184 291 91
217 261 320 291 Flaris
344 260 492 291 incertius
516 257 622 296 undis]
654 257 805 287 Dubium

104 320 169 341 uon
197 316 249 342 est
274 311 383 351 pelagi
408 309 513 339 undas
542 308 700 347 intelligi,
728 318 804 338 cum

104 364 318 402 proverbium
337 370 469 402 ‹litoqut¹
485 361 542 399 sit,
567 360 650 390 mari
668 369 740 391 esse
758 361 803 391 le-

101 414 237 445 viorem.
261 414 375 445 Barth.

143 467 184 495 92
208 466 258 495 De
273 468 370 494 nmtre
395 463 553 492 cadentem
580 461 709 501 Suscepi
730 471 802 501 gre-

98 514 173 554 ηιὶυ]
200 513 379 553 Susceptit)
409 513 557 542 solennis
584 512 724 542 infantis
751 522 802 542 rc:-

98 573 179 594 cens
196 564 264 594 nati
281 563 311 592 iu
340 562 504 602 gremium
534 562 734 600 Parentum,
752 562 799 592 in-

96 614 220 644 dicium
250 613 353 653 prolis
380 613 506 653 agnitae
535 618 570 643 et
598 613 798 644 cducandae.

94 664 230 705 Alioqui
248 665 497 704 exponebatur.
523 664 640 695 Barth.

135 718 175 746 93
200 715 474 755 Suscepigremiu]
502 717 629 746 Notum
642 715 797 746 omnibns

93 764 256 796 inf'antem
287 773 404 797 natum
439 766 470 796 in
504 767 639 796 humum
671 767 798 806 deponi

90 816 240 856 solitum,
270 822 373 858 atque
399 828 414 847 e
444 823 537 847 terra
567 818 672 847 levari
697 827 797 848 manu

90 869 198 909 patris
213 881 220 907 ;
243 874 345 910 atque
361 869 441 899 illud
457 874 521 906 est,
535 869 621 909 qnod
639 870 796 899 cadentem

91 920 139 950 ait
157 919 273 960 poeta,
290 925 323 950 et
340 923 455 950 terram
473 924 611 955 tciri-ecre.
656 920 794 950 Suc-ton.

88 968 178 1009 Aug.
205 979 281 1010 cap.
310 974 338 1000 5.
364 974 400 1000 et
427 970 459 999 in
488 970 638 1007 Nerone,
667 979 740 1009 cap.
764 972 793 1000 (5.

87 1020 176 1051 Pliu.
199 1020 257 1051 lib.
287 1030 326 1051 n.
351 1030 428 1059 cap.
453 1022 506 1050 023.
532 1029 583 1059 pr.
610 1021 704 1059 ‘quae
733 1028 792 1049 nos

86 1075 269 1100 nascentes
299 1070 429 1109 excipit
451 1070 568 1107 '1'erru,
593 1074 691 1099 natos
711 1069 794 1100 alit!

86 1124 120 1149 et
139 1119 171 1149 in
190 1118 330 1150 Praefat.
352 1119 393 1150 ad
412 1119 470 1150 iib.
490 1128 551 1149 ¹:11.
577 1123 584 1134 ⁶
598 1119 791 1159 hominen&

83 1170 208 1211 inquit,
233 1172 241 1187 ⁴
255 1170 380 1201 nudum
408 1171 491 1201 etin
510 1169 600 1200 nuda
618 1170 717 1200 liunio
734 1179 790 1200 na-

82 1220 143 1251 tali
161 1221 215 1251 die
232 1226 354 1251 natura
368 1220 514 1261 abjicit?
540 1220 675 1251 Deinde
690 1222 791 1251 Stati-

81 1279 121 1301 na
150 1277 223 1302 erat
249 1272 340 1309 Dea,
369 1272 464 1311 cujus
492 1271 628 1301 numine
652 1281 670 1301 e
698 1276 790 1301 terra

83 1321 238 1352 sublatus
255 1322 402 1362 puellus,
428 1327 541 1352 rectus
558 1320 790 1351 constitueba-

81 1377 137 1401 tur
157 1383 163 1402 :
200 1383 241 1403 ex
280 1373 422 1403 Tertull.
467 1372 626 1411 Cujacius
656 1371 712 1402 lib.
748 1381 788 1402 11.

81 1422 212 1454 observ.
241 1432 316 1464 cap.
345 1426 396 1453 30.
435 1422 549 1453 Locus
574 1427 626 1452 est
651 1422 787 1461 elegans

81 1474 170 1513 apud
194 1474 293 1506 Varr.
320 1474 342 1504 l.
360 1482 400 1504 11.
419 1473 461 1503 «le
489 1473 555 1502 vita
583 1481 660 1512 pop.
685 1472 785 1503 Rom.

81 1530 89 1540 ⁵
104 1524 216 1556 Natus
234 1525 259 1554 si
278 1529 349 1555 erat
367 1524 492 1561 vitalis,
516 1533 554 1553 ac
572 1523 725 1553 sublatus
742 1523 785 1553 ab

81 1573 279 1614 obstetrice,
305 1574 520 1605 statuebatur
548 1574 580 1603 in
614 1577 718 1612 terra,
746 1579 784 1605 ut

79 1624 317 1664 auspicaretur
333 1630 448 1656 rectus
467 1633 560 1654 esse:
586 1623 647 1654 diis
666 1624 783 1664 conju-

78 1675 211 1715 galibus
229 1677 388 1707 Pilumno
404 1680 439 1706 et
463 1675 631 1705 Picumno
654 1675 687 1704 in
703 1675 784 1706 aedi-

79 1725 139 1755 bus
157 1727 266 1757 lectus
292 1724 537 1757 sternebatur)
583 1725 674 1765 Lege
694 1724 781 1757 Stat.

75 1776 132 1808 lib.
152 1787 174 1808 ι.
190 1777 354 1809 Thebaid.
373 1787 403 1808 v.
421 1779 474 1807 00.
492 1778 555 1806 (xc.
574 1775 782 1807 undetollere

76 1837 136 1868 pro
153 1828 304 1859 educare
329 1832 510 1868 usurpant,
533 1827 691 1859 Juvenal.
709 1827 780 1859 Sat.

77 1886 126 1909 vt.
144 1879 264 1911 senec.
281 1879 323 1910 de
336 1878 479 1910 Provid.
497 1888 574 1918 cap.
591 1880 623 1908 4.
641 1882 675 1909 et
688 1881 718 1909 5.
735 1878 778 1909 ad

77 1930 256 1971 Marciam,
287 1940 364 1971 cap.
393 1932 446 1961 17,
472 1928 633 1969 fine,&c.
662 1928 779 1969 Demp-

72 1984 146 2012 ster.

116 2033 157 2061 94
182 2031 354 2070 Teneroqne
367 2040 423 2070 per
439 2032 535 2061 ardua
547 2030 623 2060 colla
638 2029 776 2070 volutus]

73 2081 190 2112 Minus
207 2081 371 2112 salebrosi
399 2086 499 2111 crunt
524 2080 666 2120 numeri,
691 2081 717 2111 si
733 2081 778 2111 le-

72 2141 131 2172 ges
145 2141 219 2163 cum
234 2131 384 2162 secundo
396 2132 576 2171 Vaticano,
590 2134 694 2162 tenero
708 2141 778 2171 per-

71 2191 128 2222 que
159 2183 257 2212 ardua
286 2183 361 2212 colla
391 2183 533 2212 volutus:
568 2182 669 2221 paulo
695 2187 776 2214 ante

67 2241 183 2272 parvus
193 2232 327 2272 reptavit
338 2232 473 2272 scriptit
502 2241 562 2272 pro
581 2232 682 2262 Ubera
694 2242 774 2272 quec-

68 2283 141 2313 sz'v-it
163 2283 259 2323 fletu,
282 2288 415 2323 septem
443 2287 501 2314 aut
532 2287 611 2314 octo
639 2282 774 2315 codices

72 2333 185 2364 Oscula
200 2334 352 2374 quaesivit.
378 2335 423 2365 D.
440 2333 561 2364 Heins.

111 2385 152 2414 96
176 2384 355 2415 Finxerunt
370 2384 660 2425 membracerastoe]
685 2384 771 2416 Isin-

68 2434 155 2475 grint
171 2435 269 2475 liber,
285 2440 319 2467 et
344 2445 385 2466 ex
402 2436 525 2467 nostris
541 2436 677 2477 quidam
694 2447 770 2468 cum

67 2486 173 2525 primo
203 2487 386 2526 Vaticano,
422 2497 491 2518 ora:
530 2492 569 2518 ut
598 2487 767 2519 Prudent.

67 2535 222 2568 Hamart.
243 2538 252 2554 ‘
267 2537 392 2569 virides
420 2537 619 2568 adlambunt
638 2547 696 2569 ora
712 2548 768 2570 ce-

67 2586 191 2617 rastae!
216 2588 265 2618 Id.

112 2636 287 2668 finxerunt
312 2638 464 2678 membra]
491 2638 603 2669 Instar
616 2648 767 2671 ursorum

67 2686 246 2717 lambendo
263 2687 434 2720 informeis
462 2689 590 2729 parteis
613 2689 768 2731 fingenti-

66 2745 134 2766 um.
180 2735 325 2776 Gellius,
340 2738 398 2770 lib.
414 2748 480 2770 vu.
493 2749 569 2780 cap.
585 2742 637 2771 10.
659 2745 695 2773 et
711 2742 767 2773 ΙΕ-

65 2785 186 2827 lianus,
208 2786 266 2818 lib.
284 2796 325 2819 11.
342 2798 416 2830 cap.
433 2792 486 2822 19.
508 2790 625 2822 Barth.

1452 154 1566 202 1:239

905 259 1059 298 Ferasloe]
1097 260 1153 290 De
1181 261 1232 291 liis
1263 262 1419 302 ‹ltiirdam
1445 266 1561 305 cogni·

858 308 948 338 tione
965 309 1067 349 digna
1085 310 1271 343 Nicander.

899 362 939 390 97
966 361 1078 401 Meque
1094 363 1188 392 etiam
1205 364 1350 394 tradente
1365 365 1448 393 (Iulos
1464 370 1560 397 artes-

856 411 928 451 que]
951 412 1008 443 Sic
1026 412 1113 443 idem
1132 413 1330 453 IsiugrinuS,
1347 415 1444 454 prim.
1468 417 1564 447 Vati-

855 472 972 500 canus,
990 464 1113 504 aliique
1125 465 1401 504 praestantiores:
1419 475 1562 506 quarum

855 513 1005 542 nonnulli
1024 519 1135 544 tamen
1165 518 1340 554 artemque:
1365 525 1426 554 pro
1453 516 1563 546 Edidi-

853 562 910 601 cit,
931 563 972 592 Et
990 564 1100 594 didicit
1127 570 1177 595 est
1201 565 1233 595 in
1252 565 1472 606 quibusdam:
1499 566 1560 597 sed

854 613 900 643 nil
927 623 1085 645 necesse:
1109 625 1227 646 sensus
1256 617 1364 655 magis
1393 616 1560 657 erigetur,

853 664 879 694 si
894 664 987 704 legis,
1005 665 1060 696 Me
1074 675 1120 696 me
1132 666 1246 696 etiam:
1270 672 1307 698 ut
1325 666 1417 706 apud
1436 667 1558 708 virgil.

850 715 931 745 ‘Me
959 725 1024 754 me,
1048 716 1166 747 adsum
1197 717 1254 757 qui
1282 717 1382 748 feci:'
1405 717 1465 748 sed
1494 718 1558 750 hoc

852 766 969 797 timide
1007 766 1160 800 adfirmo.
1213 769 1325 809 Vulgo
1364 769 1558 810 legebatur,

850 817 859 832 ‘
874 816 932 847 Me
950 817 1106 848 trudente
1123 818 1219 849 dolos
1240 824 1356 858 gestus
1381 825 1557 861 artemque

848 866 1022 897 nocendiz’
1048 868 1136 908 quod
1159 869 1186 898 si
1204 869 1387 909 sequimur,
1411 880 1472 910 pro
1486 880 1557 909 ges-

848 920 898 946 tus
913 916 1000 947 forte
1017 921 1104 948 astus
1125 919 1190 949 erit
1214 921 1448 959 reponendum
1464 933 1470 952 :
1496 922 1556 952 ali-

848 972 901 997 ter
918 968 990 998 hanc
1010 969 1182 1000 Bartliius.
1209 971 1252 1000 D.
1275 972 1385 1002 Heius.

884 1020 930 1048 09
953 1018 1109 1049 Frondem
1134 1020 1320 1060 purtem-e]
1344 1021 1374 1051 A
1403 1022 1552 1053 vestibus

845 1069 962 1100 aliisve
981 1070 1082 1100 rebus
1100 1070 1223 1111 quibus
1250 1072 1406 1111 tegendis
1425 1078 1483 1102 aut
1501 1082 1554 1102 ve-

843 1119 951 1150 landis
962 1121 1092 1161 aliquid
1116 1121 1277 1152 induitur.
1325 1122 1415 1153 Hinc
1433 1123 1474 1153 ad
1493 1123 1551 1153 ab·

844 1169 932 1201 ditas
958 1176 993 1202 et
1021 1171 1189 1202 nobiliore
1219 1172 1336 1211 specie
1367 1173 1550 1204 ‹ielitentes

842 1230 896 1251 res
913 1220 1114 1252 traducitur.
1161 1222 1284 1261 virgil.
1313 1222 1334 1252 l.
1359 1232 1406 1254 lv.
1438 1224 1446 1239 ‘
1463 1223 1549 1254 Con-

835 1272 968 1311 jugium
993 1278 1106 1312 vocat,
1129 1273 1192 1304 hoc
1224 1274 1385 1314 praetexit
1411 1275 1547 1306 nomine

841 1323 996 1362 culpam?

884 1372 981 1412 Risu]
1007 1373 1084 1404 Fuit
1098 1384 1217 1405 revera
1230 1374 1432 1413 malitiosus,
1443 1380 1548 1417 atque

840 1423 1041 1455 truculentae
1059 1425 1209 1455 avaritiae
1238 1426 1349 1464 homo,
1371 1436 1445 1467 quae
1463 1427 1547 1458 vitia

839 1483 900 1513 per
910 1474 1067 1515 ambages
1082 1476 1243 1507 Poetieas
1257 1476 1306 1506 illi
1323 1486 1341 1507 a
1356 1477 1545 1508 Claudiano

837 1523 1055 1563 objiciuntur.
1081 1525 1197 1557 Barth.

881 1577 941 1604 100
964 1575 1118 1615 Lucrique
1142 1577 1285 1617 cupidine
1301 1577 1444 1617 jen-eus]
1469 1579 1544 1609 Ser-

835 1624 901 1654 vile
918 1624 1089 1664 ingenium
1105 1627 1199 1656 lucro
1213 1628 1323 1657 onmia
1336 1626 1460 1658 facere.
1484 1629 1541 1659 De

835 1674 980 1705 avaritia
1001 1674 1128 1715 Rufini,
1149 1686 1223 1716 quae
1249 1682 1284 1707 et
1307 1677 1448 1708 aliorum
1467 1679 1540 1719 ejus

832 1725 976 1756 nominis
994 1726 1088 1756 velut
1110 1726 1326 1766 hereditaria,
1343 1727 1420 1757 vide
1439 1728 1541 1758 Fran-

833 1776 959 1807 ciscum
975 1777 1134 1808 Juretum
1164 1777 1206 1807 ad
1234 1777 1486 1818 Symmachum,
1503 1779 1542 1809 li-

832 1825 893 1857 bro
908 1836 957 1858 VI.
984 1827 1098 1868 Epist.
1114 1830 1164 1859 14.
1189 1829 1199 1845 ‘
1214 1828 1421 1859 Praedonem
1438 1838 1541 1860 anuo·

830 1885 903 1907 sum
919 1882 955 1908 et
972 1878 1082 1908 aerarii
1097 1879 1346 1919 expilatorem!
1374 1880 1486 1911 Barth.

875 1930 935 1960 101
958 1928 1100 1960 Satiaret
1116 1929 1232 1970 arenis]
1258 1929 1395 1960 Satiarz't
1409 1931 1537 1962 rectius

830 1982 976 2019 quatuor
992 1979 1090 2010 libri:
1117 1980 1167 2010 uti
1184 1986 1218 2011 et
1245 1980 1386 2011 Barthio
1404 1981 1512 2012 visum
1528 1992 1536 2011 :

829 2038 907 2059 mox
922 2029 1030 2060 rubido
1044 2030 1171 2070 ingenio
1188 2037 1248 2070 pro
1270 2031 1379 2071 rapido
1396 2032 1538 2072 Isingri·

828 2088 904 2119 nus,
926 2084 962 2111 et
981 2080 1101 2121 scripti
1125 2081 1283 2121 quidam:
1323 2081 1371 2112 sic
1394 2082 1537 2113 ‘rabida

829 2130 1001 2171 Megaera'
1014 2131 1105 2172 apud
1115 2132 1264 2163 Statium
1273 2132 1378 2164 Theb.
1387 2141 1411 2163 1.
1423 2133 1537 2174 Supra

827 2180 952 2211 rabidas
977 2191 1063 2212 voces
1088 2182 1162 2222 jain
1194 2182 1385 2222 babuimus,
1422 2193 1452 2214 v.
1480 2186 1536 2215 44.

827 2230 886 2261 sed
904 2235 998 2262 recte
1014 2231 1123 2271 rapido
1142 2232 1266 2271 ingenio
1282 2233 1442 2264 Bartliius
1460 2238 1534 2265 tue-

826 2284 892 2311 tur.
917 2281 1096 2320 Horatius,
1113 2282 1146 2312 ni
1167 2281 1282 2322 failor,
1306 2284 1315 2300 ‘
1328 2284 1448 2324 rapido
1465 2289 1534 2315 tor·

823 2331 953 2362 rentius
969 2333 1059 2363 amni
1086 2333 1265 2373 Ingenium
1280 2334 1301 2365 :’
1324 2336 1426 2375 paulo
1451 2340 1531 2366 ante

823 2382 931 2423 probo
944 2383 1028 2414 illud
1039 2384 1189 2423 ejusdem
1204 2385 1351 2425 Barthii,
1364 2386 1436 2426 Ipsa
1447 2387 1532 2426 equi-

822 2434 890 2464 dem
903 2433 1013 2472 fateor
1035 2434 1131 2474 vinci,
1152 2444 1213 2474 pro
1231 2437 1373 2475 quidem:
1407 2436 1529 2468 deinde

820 2485 982 2515 unanimos
1009 2485 1126 2515 sodales
1152 2485 1405 2518 Mazarinianus
1431 2487 1529 2518 liber.

820 2536 864 2568 D.
881 2536 995 2568 Heins.

864 2590 925 2618 102
953 2587 1146 2628 Tempestas]
1180 2588 1387 2620 Inundatio:
1421 2588 1448 2618 si
1476 2592 1526 2618 to-

820 2644 874 2670 tus
890 2639 1002 2678 Tagus
1018 2638 1178 2669 fluctibus
1206 2639 1380 2679 ingrueret
1406 2634 1527 2667 aurife-

819 2690 887 2721 ris:
912 2689 1067 2720 imitatur
1083 2689 1391 2729 Papiniunrprimo
1416 2686 1527 2716 Silva-

819 2749 906 2779 rum,
919 2739 1070 2781 quamvis
1083 2738 1150 2768 alia
1161 2748 1214 2768 re:
1232 2739 1241 2754 ‘
1252 2738 1344 2768 Huic
1358 2736 1524 2768 Hermum

817 2788 982 2830 fulvoque
997 2788 1129 2829 Tagum
1154 2788 1337 2819 decurrere
1352 2786 1431 2819 limo
1446 2786 1524 2819 Neo
