1852 3182
373 191 551 222 PANEG.
582 190 628 218 ΙΝ
672 189 813 218 PRoB.
843 188 902 217 ET
935 188 1081 217 OLYB-
1113 189 1251 219 CONS.

84 289 163 329 gula
179 286 333 318 censoria
349 295 368 315 a
383 283 556 322 Scaligero
575 284 673 321 patre
690 286 785 310 nota-

85 344 170 370 tum.
206 335 436 376 Dausqueium
464 338 577 363 tamen
607 336 785 371 patronum

84 389 235 420 invenit:
254 387 299 416 ita
311 383 448 424 glandes
463 383 519 413 illc
537 388 688 413 sectatur
702 392 785 412 sem-

85 450 158 480 per.
190 440 280 469 Mars
294 433 447 465 accendit
460 433 546 463 bellu
561 433 673 473 potius
686 442 785 473 quam

85 489 211 520 domat.
236 491 244 504 ‘
262 488 393 517 'l'onare
413 483 514 514 bella'
531 484 700 514 Martialis
717 484 788 513 dix-

85 541 123 579 it,
150 540 205 570 lib.
225 546 300 567 vm.
328 536 390 576 Ep.
408 537 438 565 3.
457 539 492 564 et
512 535 575 574 Ep.
593 536 646 564 23.
664 534 704 563 de
725 534 787 563 Ln-

85 599 184 621 cano:
210 598 284 628 (ιιι-ω
304 596 382 617 vera
402 585 471 616 illic
489 585 605 622 lectio,
620 590 723 625 atque
741 585 788 615 ita

83 637 300 670 scribendum
326 643 408 676 puto
426 636 489 676 Ep.
507 639 558 666 56.
576 634 732 675 ejusdem
751 635 786 664 li-

84 688 148 727 bri,
165 698 230 718 non
244 688 321 718 bella
331 696 450 717 sonare.
476 687 605 717 Noster
619 695 668 716 lv.
684 686 786 716 Cous.

81 739 171 771 Hon.
208 740 217 756 ‘
234 739 268 769 Si
289 739 378 769 bella
392 742 522 776 tonant,
538 738 633 777 prius
652 737 787 775 agmina

81 789 173 821 duris
202 790 334 820 Exerce
359 788 512 819 studiis?
540 789 595 819 ubi
622 789 696 818 libri
723 798 787 819 non

80 840 252 880 audiendi,
269 840 323 880 qui
340 839 484 869 variant.
510 848 564 869 111.
580 840 679 869 Cous.
698 839 787 869 Hon.

82 893 90 908 ‘
109 890 223 922 civilia
250 900 360 921 rursus
385 890 481 920 Bella
506 889 649 920 tonant.’
687 890 788 919 Silius

80 940 140 973 lib.
159 949 225 972 Χιι.
248 941 256 957 ‘
272 941 359 970 Dum
373 940 498 970 bellum
513 945 608 970 tonat
623 939 642 969 ε’
669 940 788 979 ‹piibns

84 997 197 1024 tamen
215 992 295 1022 locis
313 992 412 1022 aliter
428 991 638 1022 sumendum.
662 991 670 1006 ⁶
686 990 789 1020 Arma

82 1043 294 1074 Lethit'erum
308 1043 508 1078 intonuere‚'
522 1042 602 1071 Silio
615 1040 671 1071 lib.
686 1050 738 1079 11.,
754 1046 789 1071 et

82 1093 193 1123 Statio
209 1092 317 1122 Theb.
337 1101 393 1122 ιιι.
421 1092 429 1107 ‘
447 1092 576 1121 tonitru
595 1090 788 1121 armornm!

82 1142 156 1173 Val.
176 1142 286 1172 Flacc.
304 1141 362 1171 lib.
381 1150 436 1171 ιιι.
461 1141 469 1155 ⁴
489 1140 647 1180 Occupat
666 1149 702 1170 os
715 1140 789 1171 bar·

83 1192 228 1233 bamque
246 1192 318 1230 viri,
345 1192 545 1231 clavamque
570 1200 716 1231 superne
734 1191 789 1221 In-

82 1246 177 1274 tonat
192 1242 212 1272 2'
235 1242 283 1273 sic
300 1242 431 1281 scripti,
458 1251 524 1272 non
540 1242 637 1272 clara.
662 1242 671 1258 ‘
692 1242 789 1274 ,lovis

84 1292 316 1333 Enceladique
335 1292 498 1323 tumultus
516 1292 682 1330 Intonet,'
706 1292 789 1323 Pro-

84 1344 212 1384 pertius
241 1344 298 1374 lib.
316 1352 356 1374 ιι.
371 1343 422 1373 ΕΙ.
442 1346 470 1373 l.
500 1349 616 1374 noster
644 1343 790 1384 denique

85 1394 339 1435 Epigrammate
363 1394 394 1424 in
423 1394 604 1434 Olybrium
622 1404 664 1424 ex
683 1393 792 1424 veteri

82 1444 185 1483 libro,
201 1446 209 1461 ‘
230 1445 389 1476 Carmina
406 1453 464 1474 seu
478 1443 604 1483 fundis,
620 1454 679 1475 seu
697 1444 792 1475 Cice-

83 1504 167 1526 rona
183 1499 280 1525 tonas
296 1494 316 1525 :'
341 1503 417 1524 nam
432 1494 560 1534 vulgati
576 1495 723 1525 Cicerone
735 1505 792 1536 ag-

83 1550 239 1576 noscunt.
277 1545 320 1575 D.
338 1544 452 1575 Heius.

128 1597 192 1626 209
215 1594 394 1635 Tiberinus]
419 1595 551 1626 Tiberis
568 1593 710 1626 fluvius:
737 1594 790 1625 'ri-

84 1645 222 1678 berinus
238 1645 349 1686 ipsum
366 1654 501 1677 numen.

128 1700 191 1728 210
214 1698 417 1738 Arreetisque
433 1698 573 1738 auribus]
608 1698 709 1729 Licet
733 1697 793 1728 mi-

87 1759 148 1781 nus
165 1751 299 1790 proprie
321 1750 364 1780 de
380 1750 570 1781 hominibus
588 1749 723 1781 dicatur
739 1760 793 1780 uu-

88 1811 137 1833 res
153 1802 305 1841 arrigere,
320 1806 356 1832 ut
367 1811 442 1843 quae
457 1811 624 1843 nunquam
637 1801 794 1842 jaceant,

87 1852 121 1883 id
138 1856 251 1883 tamen
269 1857 401 1884 attente
419 1852 597 1883 audientes
622 1856 740 1892 agunt,
756 1855 795 1882 nt

88 1902 223 1933 auribus
252 1903 377 1942 adsint,
407 1902 626 1943 auditumque
658 1906 795 1942 acuant,

87 1954 241 1985 sensibus
268 1955 402 1985 caeteris
431 1963 472 1985 eo
495 1963 531 1984 se
557 1954 648 1984 velut
667 1953 794 1984 condu-

87 2004 256 2035 centibus.
301 2004 357 2035 Sic
388 2005 531 2035 Terent.
568 2005 576 2020 ‘
596 2004 708 2044 arrige
738 2013 795 2034 au-

90 2064 156 2094 res,
172 2055 376 2094 Pamphile.’
401 2055 517 2086 Barth.

132 2108 193 2136 211
224 2105 314 2136 Unde
342 2105 519 2145 repentinas
539 2105 642 2145 populi
663 2103 797 2144 fragor]

89 2155 230 2196 Scapulis
255 2156 393 2196 legunt:
434 2156 493 2186 sed
531 2156 707 2186 Puteanea
738 2164 795 2185 ex-

89 2210 206 2249 cerpta
228 2207 319 2242 coeli;
343 2206 433 2247 quod
450 2215 592 2247 sequor:
619 2205 691 2246 agit
707 2205 795 2235 enim

89 2257 131 2289 de
161 2257 300 2288 tonitru.
353 2257 484 2288 Statius
511 2256 620 2287 Theb.
646 2265 681 2286 x.
705 2256 795 2287 ‘non

88 2307 143 2339 hic
167 2307 281 2348 pelagi
308 2307 388 2338 licet
413 2306 550 2337 horrida
576 2307 726 2338 clament
742 2306 796 2337 Li-

90 2363 175 2399 tora,
186 2368 252 2389 non
269 2358 338 2389 illic
357 2358 432 2389 caeli
444 2357 580 2398 fragor!
604 2358 672 2388 Pro
688 2367 790 2388 arrec-

92 2409 134 2440 tis
153 2409 240 2440 bene
268 2409 521 2450 Raphelengius
539 2408 729 2448 arrectisque
745 2418 797 2438 su-

93 2459 216 2500 periori
247 2469 346 2490 versu
361 2470 369 2491 :
404 2459 525 2491 eadem
559 2459 592 2489 id
631 2463 796 2498 excerpta

91 2509 304 2541 confirmant.
356 2510 523 2541 Phaedrus
541 2510 627 2540 libro
646 2518 692 2540 ιν.
711 2509 796 2541 Fab.

94 2567 218 2591 Lxxlv.
248 2560 289 2591 de
317 2561 457 2599 tonitru,
484 2560 493 2576 ‘
511 2560 622 2590 Canes
649 2557 796 2599 confusi,

94 2609 224 2640 subitus
239 2611 328 2651 quod
347 2616 462 2642 ruerat
486 2610 612 2651 fragor,
637 2611 796 2650 Repente

95 2657 233 2690 odorem
250 2660 390 2692 mixtum
407 2671 482 2693 cum
500 2661 624 2692 merdis
640 2665 763 2692 cacant
778 2660 798 2692 :¹

97 2708 155 2748 qui
181 2709 272 2740 locus
299 2711 333 2741 in
368 2712 514 2753 vulgatis
545 2712 798 2752 exemplaribus

98 2759 186 2791 malo
201 2757 344 2792 affectus
361 2766 425 2802 est,
439 2772 516 2795 cum
539 2762 674 2803 legatur
688 2762 800 2802 Canes,

1429 183 1448 222 1
1458 183 1542 224 22⁷

837 282 981 320 confusas
995 282 1096 312 subito
1111 284 1190 322 quod
1203 282 1312 319 suerat
1322 283 1450 323 fragor,
1496 289 1541 319 D,

843 333 962 363 Heius.

881 386 944 414 212
970 384 1126 414 Pallentes
1141 383 1307 422 thalamos]
1340 384 1431 424 cho
1445 388 1544 425 squal-

839 434 944 469 lentes,
974 440 1009 464 nt
1035 439 1070 464 et
1095 434 1183 473 apud
1213 434 1316 463 Ovid.
1335 433 1393 464 lib.
1414 443 1438 464 1.
1456 436 1543 466 Met.

840 486 848 501 ‘
868 485 921 515 Ad
949 485 1090 516 delubra
1119 486 1202 521 deae,
1241 495 1381 526 quorum
1410 484 1544 525 fastigia

841 536 933 574 turpi
949 537 1168 576 Squallebant
1187 546 1301 567 musco
1316 535 1336 567 ε’
1361 546 1437 566 nam
1451 541 1486 567 et
1498 537 1543 567 ibi

843 586 1006 616 Pallebant
1056 587 1089 616 in
1130 587 1346 617 editionibus.
1416 588 1545 619 Noster

842 637 948 676 Nupt.
966 635 1122 675 IIonorii‚
1138 640 1145 653 ⁶
1158 637 1234 667 vivo
1251 637 1459 677 squallentia
1474 647 1545 669 mu-

842 686 909 717 rice
929 687 1046 726 terga!
1069 687 1124 717 lib.
1143 696 1180 718 11.
1209 687 1240 716 in
1269 688 1415 727 Eutrop.
1441 688 1543 718 etiam

841 737 976 768 videtur
1000 738 1226 777 scribendum,
1251 737 1366 775 infelix
1379 739 1546 770 etiamnum

841 790 973 828 squallet
991 790 1133 820 Orontes.
1175 789 1286 819 Idem.

886 841 1042 870 Pallentes
1059 838 1151 879 ΗΜΛ]
1187 839 1304 870 Veteri
1327 848 1442 870 musco
1459 838 1548 871 obsi-

843 895 907 920 tos.
933 890 1048 920 Barth.

885 943 946 970 213
977 939 1109 978 L'rnam]
1149 939 1217 970 Alii
1243 940 1365 970 doniam
1388 939 1454 980 leg.
1501 939 1548 970 Et

842 997 959 1020 notum
976 990 1144 1029 Nymphis
1159 990 1240 1020 talia
1254 995 1351 1020 antra
1364 989 1454 1021 data.
1478 988 1548 1020 Alii

842 1041 909 1079 leg.
937 1040 1104 1070 Dominam
1129 1040 1268 1078 herilem,
1289 1044 1323 1070 et
1351 1040 1550 1079 intelligunt

843 1090 951 1129 Iliam,
972 1090 1121 1121 Tiberini
1140 1099 1291 1120 uxorem.

891 1142 1008 1172 lsi-nam
1024 1142 1213 1171 commendat
1227 1139 1370 1179 herilem]
1407 1139 1462 1170 Sic
1479 1139 1549 1180 Gy·

843 1192 930 1222 raldi
958 1192 1056 1230 liber,
1087 1192 1212 1231 primus
1229 1190 1345 1221 Vatie.
1374 1194 1409 1220 et
1425 1198 1549 1220 novem

843 1247 1033 1282 pra-terea:
1059 1243 1159 1281 vulgo
1171 1241 1338 1272 denariam..
1375 1242 1430 1271 De
1447 1240 1550 1271 Urnis

842 1290 1021 1322 fluviorum
1039 1291 1263 1322 notissimum.
1304 1291 1374 1321 Lib.
1394 1300 1418 1321 1.
1432 1290 1464 1320 in
1482 1291 1551 1321 Ru-

843 1341 901 1372 fin.
929 1342 937 1358 ‘
954 1342 1090 1372 Rhenus
1115 1342 1269 1382 projecta
1294 1341 1423 1382 torpuit
1441 1340 1551 1372 urna.'

846 1391 918 1422 Lib.
937 1400 975 1422 ιι.
993 1391 1024 1421 in
1042 1392 1186 1431 Eutrop.
1215 1392 1223 1408 ‘
1242 1396 1362 1421 aurata
1389 1391 1551 1422 Pactolus

844 1442 1012 1473 inhorruit
1038 1441 1145 1472 urna.'
1191 1442 1378 1482 Perperam
1407 1447 1552 1482 utroque

844 1493 920 1523 loco
945 1492 978 1522 in
997 1492 1144 1531 vulgatis
1162 1493 1254 1522 unda.
1299 1492 1430 1522 Statius
1446 1491 1551 1523 Theb.

844 1552 885 1573 ιι.
908 1544 917 1559 ⁴
933 1543 972 1573 In
992 1543 1112 1572 laevum
1130 1552 1235 1582 prona
1253 1543 1349 1573 nixus
1366 1542 1461 1572 sedet
1478 1543 1552 1573 Ina-

844 1592 927 1622 chus
964 1591 1071 1623 urna.’
1117 1592 1220 1623 Theb.
1246 1601 1280 1622 v.
1315 1595 1324 1609 ‘
1350 1592 1551 1633 emissaeque

842 1642 1023 1681 indulgens
1036 1641 1182 1672 Inachus
1196 1651 1288 1671 urnae
1303 1641 1322 1671 ε’
1340 1650 1414 1681 quae
1429 1651 1471 1671 ex
1485 1642 1550 1672 illis

845 1693 1042 1733 Virgilianis
1072 1692 1195 1731 hausit,
1225 1693 1233 1708 ‘
1253 1693 1451 1733 Caelataque
1483 1702 1551 1724 am-

845 1752 921 1773 nem
951 1742 1095 1773 t'undens
1127 1747 1229 1782 pater
1266 1741 1411 1772 Inachus
1444 1741 1552 1774 urna.'

846 1793 1024 1825 Cluverius
1042 1802 1085 1823 ex
1109 1802 1169 1823 suo
1195 1792 1281 1823 libro
1308 1791 1362 1822 hic
1379 1791 1550 1833 ediderat,

844 1847 937 1884 atque
951 1844 1073 1873 domum
1089 1842 1232 1883 nymphis
1246 1842 1456 1873 commendat.-
1484 1851 1552 1873 non

846 1893 1041 1934 probamus,
1058 1892 1208 1933 quamvis
1221 1892 1454 1932 applaudente
1470 1892 1552 1923 Bar-

846 1943 930 1975 thio.
1574 1937 1576 1939 ¹

888 1997 952 2025 216
976 1995 1158 2025 Densantur
1176 1992 1320 2032 gramine
1343 1992 1434 2033 colla]
1463 1993 1552 2024 Den-

845 2049 934 2076 satur
957 2043 1145 2082 Leidensis,
1169 2038 1320 2083 eleganti
1337 2042 1503 2083 obvioque
1518 2052 1551 2074 a·

847 2096 915 2137 pud
946 2095 1073 2126 Poetas
1101 2094 1299 2125 Graecismo.
1342 2093 1400 2124 Sic
1425 2092 1483 2124 lib.
1509 2102 1550 2124 11.

847 2146 890 2177 de
915 2146 1020 2186 Rapt.
1037 2155 1079 2176 ex
1095 2144 1204 2175 veteri
1222 2144 1320 2183 libro,
1333 2143 1343 2161 ‘
1362 2143 1470 2184 primo
1486 2144 1552 2184 sig-

847 2201 948 2227 natur
973 2200 1129 2235 tempora
1159 2193 1300 2225 cornu:'
1328 2203 1395 2224 non
1424 2194 1551 2233 signan-

846 2250 922 2284 tur;
946 2250 982 2277 et
997 2245 1088 2286 apud
1104 2244 1206 2276 Ovid.
1225 2244 1282 2276 lib.
1297 2254 1337 2276 ιι.
1351 2245 1445 2276 Fast.
1466 2245 1475 2261 ‘
1493 2254 1551 2286 po-

846 2298 919 2329 sitis
933 2301 1070 2337 urgetur
1084 2301 1222 2337 pectora
1238 2295 1360 2335 palmis
1374 2294 1395 2326 :'
1418 2305 1486 2326 non
1500 2304 1551 2326 ur-

844 2352 968 2387 gentur.
995 2346 1124 2377 Moreti
1141 2346 1239 2385 liber,
1255 2348 1263 2362 ‘
1281 2346 1392 2386 crispo
1407 2345 1550 2377 densan-

820 2411 823 2413 >
848 2404 903 2430 tur
915 2398 1068 2439 gramina
1084 2397 1172 2428 collo
1184 2396 1204 2428 :'
1222 2402 1318 2428 recte
1330 2397 1445 2436 etiam,
1457 2396 1550 2427 dum-

847 2449 949 2480 modo
965 2449 1114 2479 densatur
1131 2448 1348 2478 retineamus.
1382 2448 1426 2478 D.
1440 2446 1550 2478 Heins.

890 2503 951 2532 217
979 2499 1117 2530 Cn'nalis
1130 2498 1263 2539 arundo]
1294 2499 1378 2530 Quae
1395 2498 1469 2528 loco
1486 2497 1550 2528 cri-

848 2561 912 2583 nis.

890 2604 954 2633 219
977 2600 1099 2632 AEstico
1120 2598 1267 2638 candore]
1303 2597 1550 2629 Incandescen·

850 2657 884 2684 te
901 2653 993 2683 velut
1005 2651 1095 2682 aere.

892 2701 996 2742 Mori]
1029 2700 1201 2739 Deficere,
1217 2700 1459 2735 exsiccescere,
1475 2705 1550 2737 quae

848 2762 937 2785 mors
952 2756 989 2784 et
1003 2750 1146 2783 abolitio
1161 2748 1351 2782 fluviorum.
1373 2745 1489 2778 Barth.
