1851 3213
935 469 1235 517 XXXVII.

687 697 824 758 CL.
881 696 1395 755 CLAUDIANI

383 901 1727 978 GIGANTOMACHIA‚

866 1242 1224 1274 ARGUMENTUM.

354 1349 489 1381 TERnA
503 1349 592 1381 irata
608 1351 642 1381 in
657 1351 753 1381 Deos
769 1349 862 1390 parit
883 1350 1050 1390 gigantas,
1066 1358 1191 1390 eosque
1213 1349 1255 1380 ad
1271 1348 1396 1380 bellum
1412 1349 1556 1381 excitat.
1604 1349 1651 1380 Hi
1669 1359 1781 1381 erum-

311 1406 416 1443 punt:
442 1403 502 1434 Dii
532 1403 658 1442 territi,
682 1403 779 1435 Jovis
812 1403 957 1442 Regiam
988 1407 1137 1442 petunt:
1177 1402 1346 1441 Gigantes
1377 1407 1544 1442 pugnant,
1571 1403 1781 1444 volvuntque

309 1459 453 1486 montes,
498 1456 557 1487 Dii
586 1459 707 1486 contra
736 1455 867 1486 Coelum
896 1454 1099 1495 defendunt,
1119 1459 1155 1486 et
1180 1455 1327 1495 primum
1346 1455 1454 1497 Mars,
1484 1460 1554 1488 tum
1581 1456 1697 1487 Pallas
1720 1457 1780 1488 hos

314 1507 455 1539 endunn

312 1721 508 1780 TERRA
529 1750 687 1792 parens
710 1738 954 1792 quondam,
977 1740 1234 1781 coelestibus
1256 1740 1409 1783 invida
1427 1743 1590 1796 regnis,

357 1866 453 1897 Terra
469 1869 569 1898 mater
583 1866 668 1907 olim,
684 1867 796 1898 aemnla
811 1866 934 1907 imperii
957 1867 1110 1908 Deorum,
1134 1870 1164 1899 et
1181 1878 1242 1899 una
1257 1871 1407 1900 commota
1432 1868 1621 1902 cruciiztz'bus
1638 1871 1782 1912 repetitis

925 1963 1163 1976 eeeeeeeeeeee

358 2032 471 2063 Deest
485 2031 548 2063 hoc
564 2041 700 2063 carmen
718 2032 829 2065 Oxou.
843 2043 893 2073 pr.
910 2032 1098 2069 vossium,
1114 2033 1283 2073 Junianis,
1301 2034 1409 2065 tribus
1423 2035 1570 2075 Heinsii,
1585 2036 1683 2068 Med.
1698 2040 1778 2070 tert.

314 2075 417 2106 Farn.
437 2075 528 2106 Prie.
544 2075 628 2115 Reg.
645 2076 776 2107 Tlnlan.
800 2076 924 2107 Petav.
942 2080 1022 2106 tert.
1038 2075 1114 2106 Pat.
1133 2076 1248 2107 Ambr.
1266 2087 1336 2108 sec.
1353 2078 1495 2109 Tholas.
1512 2079 1640 2110 Moret.
1656 2090 1725 2111 sec.
1743 2085 1781 2112 et

313 2117 396 2149 Lov.
419 2117 560 2158 Legitur
573 2124 692 2149 contra
709 2119 741 2148 in
758 2119 912 2149 omnibus
930 2119 1024 2148 Vatt.
1041 2118 1116 2149 Pal.
1144 2120 1237 2151 Rott.
1255 2120 1363 2151 Oisel.
1387 2121 1539 2153 Florent.
1555 2122 1664 2153 tribus
1681 2123 1779 2154 Med.

314 2159 380 2192 inc.
397 2160 518 2191 Heius.
536 2161 616 2192 Put.
644 2162 764 2192 Petav.
791 2171 841 2202 pr.
866 2166 902 2192 et
930 2170 998 2192 sec.
1027 2161 1157 2193 Bonon.
1188 2163 1301 2195 Ambr.
1319 2173 1370 2203 pr.
1395 2168 1431 2194 et
1453 2173 1519 2195 sec.
1548 2165 1633 2196 cod.
1660 2165 1780 2206 Epigr.

315 2202 436 2234 Ambr.
461 2204 586 2234 Moret.
602 2214 651 2244 pr.
677 2204 788 2236 Oxou.
813 2214 879 2235 sec.
904 2205 1046 2235 Lucens.
1064 2214 1115 2243 pr.
1145 2205 1230 2236 Cod.
1254 2207 1372 2237 Rhem.
1391 2210 1458 2237 vet.
1475 2206 1558 2247 Gyr.
1574 2208 1653 2239 Vat.
1670 2209 1780 2241 Livin.

315 2245 447 2276 Buslid.
465 2247 546 2277 Exc.
575 2247 655 2278 Pat.
682 2257 751 2277 rec.
770 2247 848 2279 Ald.
866 2248 920 2278 ed.
954 2246 1070 2276 Pan-m.
1088 2252 1123 2278 et
1152 2248 1232 2278 Var.
1249 2249 1315 2279 LL.
1344 2259 1362 2278 e
1381 2258 1486 2288 marg.
1514 2249 1630 2281 Parm.
1655 2251 1779 2283 Sched.

315 2288 407 2319 Gnd.
426 2289 505 2319 Var.
525 2290 591 2320 LL.
606 2290 660 2321 ed.
679 2288 783 2320 Antv.
801 2291 882 2321 item
900 2291 933 2320 in
951 2289 1077 2320 Codice
1093 2290 1127 2321 S.
1146 2291 1249 2328 Galli,
1272 2291 1305 2321 in
1324 2301 1391 2331 quo
1408 2291 1502 2322 varia
1529 2292 1709 2325 Catalecta
1724 2293 1782 2326 de·

314 2331 497 2371 scripserat
515 2331 715 2370 Goldastus‚
732 2337 767 2363 et
795 2343 893 2373 quem
912 2332 1073 2363 Heinsius
1102 2334 1154 2362 liic
1180 2334 1281 2363 litera
1308 2334 1341 2364 D
1367 2339 1560 2365 notaverat.
1585 2336 1710 2368 Moret.
1727 2346 1780 2376 pr.

316 2373 411 2404 Med.
440 2379 551 2414 quart.
575 2380 611 2404 et
638 2374 703 2405 inc.
730 2375 851 2406 Heius.
874 2376 925 2406 De
945 2374 1209 2414 Gigantomackia
1234 2376 1435 2408 inscribunt.
1480 2377 1521 2408 In
1539 2378 1692 2418 plurimis
1708 2379 1782 2411 aliis

315 2416 502 2455 Inscriptio
519 2416 627 2447 deest.

359 2459 415 2490 De
432 2459 637 2499 Gigantibus
661 2458 891 2499 Apollodorus
920 2461 1059 2500 copiose
1083 2460 1116 2490 in
1132 2460 1346 2492 Bibliotheca
1363 2471 1397 2502 p.
1410 2464 1440 2493 9.
1458 2465 1508 2493 10.
1522 2465 1573 2495 11.
1617 2464 1782 2496 Severum

316 2501 395 2533 vide
410 2501 506 2533 initio
521 2502 642 2533 AEtnae.

361 2548 377 2576 1
406 2545 502 2575 Terra
527 2548 654 2585 reperta
668 2544 741 2575 olim
766 2543 886 2576 Ambr.
909 2548 990 2577 tert.
1014 2555 1118 2577 recens
1139 2546 1290 2587 quondam
1306 2546 1390 2578 Cod.
1415 2547 1458 2578 ab
1484 2547 1628 2579 Heinsio
1644 2549 1745 2580 litera
1760 2548 1778 2580 1

976 2642 1120 2674 NOTAE

364 2720 641 2764 Gigantomachia]
664 2722 707 2753 Id
731 2726 795 2761 est,
817 2733 933 2764 pugna
962 2724 1021 2755 Gi·
1075 2733 1191 2764 pugna.
1238 2724 1402 2755 Heinsius
1416 2729 1514 2765 putat
1535 2725 1598 2757 hoc
1616 2726 1745 2758 Poe'ma
1759 2737 1780 2758 a

319 2776 459 2814 gantum
471 2772 506 2803 in
518 2773 609 2805 Deos
623 2784 631 2806 2
647 2772 752 2815 γίγας,
763 2773 866 2816 άντος,
876 2778 911 2806 et
921 2773 1022 2817 μάχη,
1077 2774 1266 2806 Claudiano
1290 2774 1416 2806 Graece
1433 2775 1600 2818 scriptum
1617 2786 1702 2818 esse,
1716 2786 1779 2809 nec
