1851 3213
257 203 372 246 1418

256 310 429 353 ignobilis,
447 309 621 341 Corsicam
638 312 769 340 contra.
795 307 914 338 Barth.

303 361 413 402 Olbia]
435 360 603 391 Sardiniae
621 359 795 399 oppidum.
821 359 945 388 Clacer.

300 415 364 443 520
387 411 521 453 Libyam
545 410 669 450 contra]
704 409 745 440 Ei
772 418 790 439 e
816 410 967 449 regione.

259 462 375 494 Barth.

301 515 362 544 521
391 511 531 551 Calaris]
562 511 642 542 Sive
670 509 813 551 Caralis,
838 512 877 540 ut
894 509 966 550 jam

257 563 337 595 olim
354 564 408 594 hic
421 563 605 603 legendum
625 561 668 592 ad
685 562 819 593 Livium
835 561 967 592 monuit

258 615 429 646 Henricus
458 614 661 652 Glareanus,
689 611 898 643 variantibus
929 611 966 642 li-

256 666 350 697 bris:
383 667 545 707 princeps
561 665 695 696 urbium
714 664 892 705 Sardiniae,
907 674 966 695 no-

257 718 318 748 bili
335 723 437 758 portu
454 716 612 755 celebris,
628 725 693 757 quo
718 715 917 746 convenisse
932 715 964 745 in

259 767 410 799 Africam
433 767 705 798 transmissuram
724 765 867 796 Honorii
883 765 966 795 clas-

258 828 329 850 sem
346 819 476 849 indicat
492 821 619 848 noster.
643 817 740 846 Idem.

306 870 496 909 Tenuemque
521 878 578 909 per
610 866 740 906 undam]
780 867 843 897 Per
871 867 969 896 undas

259 920 358 960 prim.
372 919 484 950 Vatic.
510 918 635 959 aliique
661 917 828 958 plerique.
845 917 968 947 tertius

258 969 450 1000 Vaticanus
465 967 600 1000 umbra-e.
618 976 679 1009 pro
699 966 868 998 Calarisin
885 966 969 998 mul-

496 214 639 244 No'rAE
674 211 940 242 VARIORUM
975 210 1024 239 IN
1060 210 1134 240 CL.
1167 210 1348 240 CLAUD·
1383 209 1493 239 XVI.

1023 306 1065 337 tis
1095 310 1248 336 veterum
1277 304 1408 336 Caralis.
1431 302 1602 345 quomodo
1625 301 1726 335 etiam

1022 357 1056 388 in
1083 357 1227 388 vetustis
1253 355 1428 387 codicibus
1443 354 1549 386 Solini
1575 360 1611 386 et
1635 355 1729 386 Mar·

1021 408 1111 439 ciani
1128 408 1276 449 Capellae
1300 417 1391 448 saepe
1415 407 1583 448 scriptum
1609 416 1730 438 occur·

1023 461 1079 492 rit.
1107 470 1249 502 eamque
1276 469 1391 490 veram
1418 468 1493 490 esse
1520 458 1729 498 scripturam

1022 510 1212 542 Glareanus
1227 510 1269 540 ad
1288 510 1418 541 Livium
1437 508 1625 540 contendit.
1668 508 1730 539 vi-

1021 563 1168 594 deantur
1183 563 1245 592 hoc
1261 563 1336 592 loco
1352 560 1486 591 Barthii
1502 569 1592 592 curae
1608 568 1729 590 secun-

1022 614 1083 645 dae.
1105 614 1149 645 D.
1166 614 1278 644 Heius.

1064 668 1124 696 525
1151 665 1320 704 Prorisqne
1334 662 1483 702 reductis]
1508 662 1548 693 In
1564 664 1729 703 pontumz

1021 715 1193 756 puppibus
1213 719 1315 745 terrae
1328 713 1415 745 fixis.
1431 713 1612 753 Virgilius,
1636 713 1660 743 l.
1679 721 1728 744 Vt.

1023 767 1031 782 ‘
1045 766 1242 796 Obvertunt
1257 765 1376 804 pelago
1390 773 1523 804 proras,
1537 768 1608 794 tum
1626 762 1729 793 dente

1021 815 1136 847 tenaci
1148 813 1285 845 Ancora
1296 813 1463 844 fundabat
1476 816 1602 844 naves!
1613 813 1730 845 Barth.

1066 867 1130 896 526
1160 863 1330 904 Suspensa]
1377 863 1527 894 Funibus
1554 863 1731 896 videlieet.

1022 916 1122 947 Maro
1136 914 1243 945 idem:
1269 915 1278 931 ⁴
1296 914 1403 945 fessas
1429 923 1496 944 non
1522 913 1659 945 vincula
1675 923 1732 946 na-

1024 976 1084 998 ves
1098 966 1179 997 Ulla
1197 964 1341 998 tenent.'
1380 965 1479 997 Idem.

925 1309 1051 1351 XVI
1058 1341 1067 1350 .

287 1447 391 1495 DE
427 1446 680 1496 MALLII
713 1444 1108 1495 THEODORI
1137 1443 1287 1492 CON
1292 1443 1348 1492 S.
1380 1441 1702 1491 PROLOG.

302 1573 459 1604 Fmvms
488 1574 638 1605 Manlius
667 1572 880 1613 Theodorus,
906 1572 970 1603 Vir

259 1623 475 1655 Clarissimus
508 1629 544 1655 et
574 1625 815 1663 incussimus,
843 1623 969 1655 Consul

260 1671 327 1704 fuit
350 1682 438 1703 anno
457 1674 559 1704 Urbis
584 1674 741 1705 Conditae
761 1682 864 1705 MCLt.
905 1674 970 1704 Re-

259 1728 393 1763 paratae
421 1724 548 1754 Salutis
583 1734 750 1755 cccxmx.
789 1724 970 1765 quadrien-

259 1773 316 1805 nio
358 1780 436 1813 post
477 1775 661 1815 Olybrium
698 1780 735 1805 et
764 1775 967 1804 Probinuni.

259 1824 435 1863 collegam
464 1824 581 1854 habuit
611 1825 643 1854 in
672 1824 819 1855 Oriente
845 1825 967 1854 Eutro-

257 1873 351 1914 pium
369 1876 568 1905 Eunuchum
586 1885 593 1905 :
614 1880 649 1905 ut
664 1875 810 1906 alterum
833 1875 966 1914 egregie

256 1925 418 1962 laudarit,
457 1927 603 1956 alterum
644 1926 827 1957 Consulum
867 1926 967 1956 velie·

257 1975 404 2005 mentius
439 1977 542 2006 etiam
591 1977 806 2017 vituperarit‚
846 1977 966 2007 eodem

257 2029 427 2065 tempore,
454 2026 671 2057 Claudianus.

256 2085 348 2115 men,
372 2076 445 2116 ipso
478 2076 651 2115 damnato,
678 2077 781 2118 inque
814 2078 965 2117 Cyprum

254 2127 418 2168 seposito,
434 2138 565 2158 erasum
585 2133 638 2159 est
655 2129 778 2165 Fastis,
796 2128 885 2158 unde
901 2137 965 2158 nec

255 2178 290 2208 in
316 2179 607 2218 Chronologorunu
629 2180 858 2209 monumentis
876 2188 966 2209 com-

257 2235 369 2269 paret,
394 2231 465 2259 solo
487 2230 616 2260 Manlio
638 2230 760 2270 Togati
786 2229 966 2269 Magistra-

259 2284 313 2310 tus
327 2279 437 2310 locum
452 2280 641 2311 obtinente.
664 2280 720 2310 Ita
733 2281 827 2310 Fasti
840 2280 968 2318 Graeci,

257 2329 496 2368 Cassiodorus,
516 2332 611 2370 eujus
625 2332 771 2371 vulgatis
792 2332 883 2361 mnis
897 2341 965 2361 ma-

256 2380 289 2411 Ie
317 2380 446 2411 inserta
476 2387 528 2410 est
559 2382 682 2413 vocula
715 2384 724 2398 ‘
745 2382 895 2412 Manlius
930 2387 966 2413 et

255 2429 477 2461 Theodorus.’
503 2431 620 2463 Barth.

300 2480 500 2522 Alloquitur
514 2482 640 2521 quippe
659 2482 864 2512 Cousessum
880 2492 966 2512 sum-

257 2542 387 2564 morum
415 2533 562 2563 virorum
592 2534 647 2573 qui
678 2534 816 2563 lionoris
845 2535 962 2564 Manlii

257 2594 341 2625 ergo
369 2588 602 2614 couvenerant
632 2583 832 2614 Mediolani.
888 2585 964 2615 Hae

256 2636 347 2666 enim
379 2636 410 2664 iu
441 2635 589 2665 civitate
626 2634 846 2664 Consulatum
879 2644 964 2664 sumt

257 2686 340 2717 sisse
358 2686 522 2717 credibile
539 2691 611 2716 est:
639 2686 753 2716 Romae
778 2690 873 2716 certe
898 2696 964 2716 non

256 2737 415 2768 sumsisse
443 2736 558 2776 docet,
581 2746 657 2768 cum
684 2736 812 2777 adjam
838 2737 965 2768 Consu-

258 2786 325 2818 lem
351 2787 486 2828 scribit,
510 2786 742 2829 symmachus,
772 2786 831 2818 lib.
855 2796 888 2820 v.
920 2787 965 2818 E-

717 2027 884 2067 Spadonis
910 2036 966 2057 uo-

1025 1571 1106 1612 pist.
1126 1574 1178 1602 11.

1067 1621 1234 1654 I’raefatio
1263 1621 1338 1653 haec
1368 1620 1508 1652 videtur
1543 1619 1625 1651 mihi
1664 1629 1734 1652 om-

1024 1674 1116 1705 nium
1141 1673 1379 1711 amoenissima,
1396 1677 1431 1703 et
1449 1672 1595 1713 quadam
1613 1672 1734 1703 alacri-

1024 1729 1095 1755 tate
1111 1723 1410 1754 commendabilis:
1438 1725 1531 1754 varia
1547 1723 1636 1753 enim
1654 1722 1734 1754 doc-

1023 1775 1115 1805 trina
1145 1774 1352 1813 conspicuus
1379 1773 1429 1803 vir
1462 1783 1500 1804 ac
1532 1772 1733 1804 laudandus.

1025 1825 1148 1854 Clarer.

1066 1878 1082 1906 1
1109 1876 1221 1905 Doctoe
1248 1873 1384 1912 subjecta
1409 1872 1559 1912 catercoe]
1593 1873 1733 1905 Judicio

1022 1925 1179 1965 exposita
1208 1934 1414 1955 summorum
1443 1924 1733 1954 doctissimorum-

1023 1985 1088 2015 que
1105 1975 1265 2005 virorum.
1313 1975 1386 2005 Mos
1413 1975 1582 2005 Consulum
1598 1975 1734 2015 amplis-

1022 2027 1124 2057 simos
1156 2026 1338 2065 accon-sire,
1375 2036 1515 2068 quorum
1547 2026 1733 2066 praesentia

1021 2079 1248 2119 Magistratus
1315 2078 1414 2109 initia
1474 2078 1733 2110 decorarentur.

1020 2130 1136 2160 Barth.

1065 2182 1084 2209 3
1115 2179 1194 2210 Vero
1209 2188 1301 2219 quam
1325 2179 1436 2209 celsius
1451 2178 1570 2220 actam]
1597 2178 1732 2210 Auctam

1023 2232 1120 2272 prim.
1153 2231 1266 2262 Vatic.
1305 2230 1430 2272 aliique
1472 2229 1730 2271 quatuordecim

1022 2290 1080 2313 aut
1109 2282 1302 2323 quindecim
1330 2292 1406 2313 cum
1433 2281 1618 2322 Pomponii
1643 2281 1731 2311 Laeti

1021 2333 1211 2373 excerptis.
1231 2332 1327 2363 Idem
1344 2333 1442 2373 prim.
1458 2332 1614 2363 Vaticau.
1627 2331 1730 2371 paulo

1021 2389 1101 2414 ante
1118 2386 1216 2414 tantae
1232 2382 1367 2421 subjectu
1388 2386 1533 2420 catervae,
1550 2383 1597 2412 ita
1615 2386 1730 2412 tamen

1020 2440 1058 2466 ut
1083 2440 1117 2465 et
1151 2433 1189 2464 τὸ
1217 2435 1317 2464 ‹locta›
1347 2432 1473 2462 habeat
1507 2431 1730 2471 adscriptum.

1020 2487 1074 2516 Sic
1091 2485 1181 2516 idem
1209 2485 1242 2514 in
1261 2484 1326 2514 tine
1356 2482 1626 2523 epigrammatis,
1647 2483 1731 2522 quic-

1018 2536 1092 2576 quid
1108 2535 1219 2575 ubique
1235 2534 1351 2564 micat.-
1371 2533 1501 2572 addito,
1518 2534 1578 2573 vel,
1593 2533 1627 2564 in
1639 2533 1731 2565 orbe:

1019 2586 1131 2626 ubique
1160 2585 1263 2615 etiam
1290 2583 1386 2615 multi
1419 2584 1500 2615 alii:
1537 2588 1572 2615 et
1602 2584 1730 2625 placet.

1019 2638 1064 2668 D.
1083 2636 1195 2667 Heius.

1069 2688 1148 2718 Vero
1163 2697 1253 2727 quam
1278 2687 1388 2717 celsius
1412 2686 1531 2727 actam]
1553 2687 1630 2720 Jam
1648 2687 1728 2719 dum

1020 2738 1276 2779 praegloriosum
1303 2738 1386 2768 illud
1414 2738 1560 2779 publicae
1584 2737 1730 2779 inscrip-

1021 2788 1122 2820 tionis
1146 2787 1251 2820 decus
1276 2786 1368 2819 fama
1397 2788 1549 2820 tenuisse
1578 2787 1656 2820 hinc
1678 2787 1728 2819 vi-
