1851 3213
296 208 409 248 1126
786 221 858 251 ct..
892 222 1176 253 οιΛυοιΑΝι
1216 222 1279 252 Li.

295 311 391 353 Ceu
413 314 653 355 constricta
674 317 817 356 tamen
838 317 983 365 servit,
1006 317 1266 371 patiensque
1287 315 1486 356 laborum

354 381 622 422 Barbaricos
644 382 774 422 docili
798 384 991 435 concipit
1012 397 1115 423 aure
1138 396 1288 423 sonos.

294 447 509 490 Absentis
530 450 769 502 longinqua
787 450 939 489 valent
958 457 1185 503 praecepta
1205 450 1418 502 magistri,

355 515 705 569 Fraenorumque
726 516 869 557 vicem
889 517 1039 569 lingua
1060 518 1201 557 virilis
1224 519 1325 570 agit.
1710 517 1765 557 10

297 582 415 624 Haec
437 584 592 636 procul
613 588 818 637 angustat
839 597 1032 637 sparsas,
1057 585 1315 638 spargitque
1337 587 1536 634 coactas,

355 651 474 691 Haec
496 653 613 691 sistit
631 651 810 705 rapidas
828 665 838 702 ;
869 652 966 692 haec
986 664 1224 705 properare
1243 652 1364 692 facit.

296 718 436 759 Laeva
451 718 614 772 jubet?
645 719 760 759 laevo
783 719 1006 759 deducunt
1025 720 1160 760 limite
1180 732 1395 772 gressum.

357 784 548 825 Mutavit
570 785 833 837 strepitum?
867 784 1120 825 dexteriora
1137 789 1305 838 petunt.

297 851 398 892 Nec
422 852 577 891 vinclis
598 852 790 901 famulae,
812 864 893 891 nec
914 851 1119 892 libertate
1140 852 1326 901 seroces,
1714 851 1769 892 15

355 918 516 959 Exutae
537 919 722 971 laqueis,
744 920 827 959 sub
849 918 1014 960 ditione
1033 924 1192 960 tamen.

298 985 616 1039 Consensuque
637 999 784 1040 pares,
808 987 885 1026 sed
907 987 1042 1027 fulvis
1064 987 1254 1040 pellibus
1277 986 1419 1036 hirtae,

355 1053 531 1095 Esseda
550 1053 795 1094 concordes
816 1054 1101 1095 multisonora
1120 1054 1307 1096 trahunt.

294 1174 347 1213 gis
359 1183 416 1214 pro
429 1183 472 1212 se,
489 1177 518 1204 el
535 1175 611 1204 collo
625 1184 739 1204 earnm
754 1175 886 1205 liberata
900 1175 1059 1206 solvantur
1073 1174 1154 1213 jngo
1169 1184 1288 1213 aspero,
1302 1177 1391 1214 paret
1407 1177 1522 1213 tamen,
1537 1174 1626 1214 quasi
1642 1173 1770 1212 ligata5

298 1220 328 1247 et
342 1217 465 1257 patiens
479 1216 629 1256 laborum,
642 1218 732 1247 audit
747 1227 848 1247 vocem
864 1218 1064 1248 barbarorum
1086 1227 1161 1248 aure
1175 1217 1345 1248 obediente.
1393 1218 1589 1248 Documenta
1605 1216 1768 1256 longinqui

295 1260 428 1290 rectoris
442 1260 552 1289 remoti
567 1261 709 1290 multum
725 1263 850 1298 possunt
864 1261 946 1299 apud
962 1270 1026 1298 eas,
1040 1264 1070 1290 et
1085 1261 1193 1298 lingua
1210 1260 1317 1290 herilis
1325 1259 1479 1298 fungitur
1490 1269 1612 1290 munere
1628 1259 1766 1290 hobenoe.

297 1302 379 1332 Haec
397 1302 511 1341 lingna
523 1306 692 1340 congregat
709 1312 764 1332 eas
780 1303 842 1332 late
854 1303 1024 1342 dispersos,
1039 1307 1068 1332 et
1081 1303 1236 1342 dispergit
1253 1306 1477 1341 congregatas.-
1499 1302 1563 1332 haec
1578 1302 1694 1332 retinet
1709 1311 1766 1332 eas

297 1348 468 1381 currentem,
491 1345 555 1374 hoec
569 1345 662 1383 jubet
686 1354 743 1374 eas
767 1354 902 1375 currere.
946 1344 1001 1375 An
1019 1345 1111 1383 jubet
1128 1354 1184 1375 eas
1203 1345 1251 1374 ire
1269 1345 1311 1375 ad
1326 1343 1512 1376 sinistram?
1535 1348 1660 1374 vertunt
1673 1345 1767 1384 pedes

296 1387 338 1417 ad
353 1388 435 1417 latus
449 1387 620 1417 sinistrum.
668 1387 721 1417 An
738 1387 870 1417 mutavit
884 1396 986 1417 vocem
997 1386 1013 1418 Z?
1035 1391 1107 1418 eunt
1121 1397 1183 1427 per
1201 1387 1288 1418 viam
1305 1388 1459 1417 dextram.
1508 1387 1616 1426 Neque
1627 1387 1767 1418 serviunt

296 1429 340 1459 ob
355 1430 421 1459 lora
434 1440 527 1469 neque
536 1429 696 1466 ferociunt
708 1430 749 1460 ob
763 1430 938 1460 libertatem
952 1440 1060 1461 suam:
1076 1429 1331 1468 solutaefunibuS‚
1346 1433 1415 1460 sunt
1430 1433 1532 1460 tumen
1548 1429 1602 1459 sub
1618 1429 1748 1469 imperio
1758 1440 1769 1460 ε

296 1475 327 1502 et
337 1472 452 1502 similes
466 1473 579 1510 animo,
595 1474 649 1503 sed
663 1472 795 1513 hispida»
804 1473 938 1513 pellibus
945 1472 1059 1513 sulvi8‚
1075 1474 1298 1504 consentientes
1312 1473 1443 1503 trahunt
1455 1482 1579 1503 currum
1595 1472 1680 1502 varie
1695 1472 1770 1503 stri-

918 1548 953 1559 Ν
959 1548 1152 1560 eeeeeeeeee

298 1599 365 1620 rec.
382 1589 507 1620 Sched.
534 1590 624 1620 Gud.
656 1591 753 1621 nullis
771 1591 822 1621 vel
837 1591 936 1630 longis
952 1592 1018 1622 inc.
1034 1591 1155 1623 Heius.
1193 1591 1343 1622 discurrit
1360 1589 1480 1622 Ambr.
1499 1592 1644 1621 tert—7
1667 1599 1769 1621 serum

297 1642 360 1673 pro
375 1633 471 1663 servit
488 1632 583 1664 Med.
601 1643 669 1665 see.
689 1634 768 1664 Put.
794 1634 916 1665 Petav.
935 1644 1004 1665 sec.
1038 1635 1136 1664 servit
1152 1635 1206 1664 vel
1221 1644 1323 1665 serum
1339 1634 1435 1664 Rott.
1472 1643 1575 1664 serum
1595 1643 1639 1664 m.
1657 1642 1708 1673 pr.
1733 1638 1770 1664 et

289 1676 382 1713 ferro
409 1685 451 1706 m.
480 1685 549 1706 sec.
574 1677 655 1707 Var.
680 1677 746 1707 LL.
771 1676 825 1707 ed.
851 1676 954 1708 Antv.
985 1676 1091 1716 frenis
1116 1678 1312 1717 conjecerat
1330 1676 1502 1714 Heinsius,
1518 1675 1577 1707 sed
1596 1676 1767 1716 vulgatam

298 1724 414 1749 tamen
444 1719 584 1749 retinuit
610 1728 797 1758 provocans
821 1720 863 1750 ad
882 1730 930 1752 vs.
948 1723 1000 1751 15.
1037 1720 1377 1760 patiensquejugorum
1395 1720 1448 1750 vel
1465 1720 1564 1760 lupati
1580 1718 1670 1749 idem
1688 1728 1767 1750 con-

291 1761 519 1802 jiciebat.—8
542 1761 687 1792 combibit
717 1772 778 1802 pro
802 1763 935 1803 concipit
964 1763 1056 1803 conj.
1081 1763 1203 1794 Heins.
1240 1774 1292 1794 ore
1308 1773 1370 1803 pro
1384 1773 1460 1793 aure
1479 1763 1553 1793 Pal.
1572 1762 1680 1793 Oisel.
1696 1766 1769 1792 tres

296 1804 460 1835 Mem—9
476 1804 625 1835 Absentis
641 1804 752 1835 Oxon.
770 1806 990 1845 see.110ctique
1009 1816 1070 1845 pro
1087 1806 1256 1846 longinqua
1272 1807 1350 1837 Vat.
1367 1816 1418 1846 pr.
1437 1805 1556 1836 Ambr.
1575 1815 1627 1845 pr.
1643 1804 1768 1837 Sched.

299 1847 479 1878 Gud.—10
505 1847 729 1887 Feruor-umque
745 1849 826 1879 Put.
864 1849 959 1880 ricem
976 1850 1126 1880 Florent.
1144 1854 1210 1880 tres
1225 1849 1321 1880 Med.
1339 1849 1407 1879 inc.
1424 1849 1543 1879 Heius.
1559 1848 1626 1879 duo
1645 1848 1768 1879 Petav.

297 1890 381 1920 Put.
397 1890 529 1920 Bonon.
546 1890 670 1921 Moret.
688 1901 739 1931 pr.
758 1891 870 1923 Oxou.
887 1902 957 1923 sec.
974 1893 1055 1922 Lov.
1083 1892 1212 1923 Buslid.
1230 1892 1314 1923 Cod.
1332 1892 1450 1932 Epigr.
1469 1890 1584 1922 Ambr.
1602 1892 1686 1921 Exc.
1701 1890 1768 1922 Lu-

297 1942 391 1963 cens.
417 1942 469 1972 pr.
497 1932 577 1963 Ald.
606 1934 685 1964 Var.
710 1934 777 1964 LL.
800 1944 818 1965 e
848 1945 955 1975 marg.
982 1935 1097 1966 Parni.
1135 1935 1217 1966 vices
1234 1936 1315 1965 Vat.
1336 1944 1385 1975 pr.
1414 1934 1492 1965 Vat.
1517 1934 1627 1965 Livin.
1656 1933 1769 1972 ⁸iugem

298 1974 419 2006 Ambr.
437 1981 518 2006 tert.
557 1976 628 2015 agis
645 1977 730 2008 Cod.
748 1978 867 2018 Epigr.
891 1977 1097 2008 Ambr.—ll
1124 1978 1205 2008 Hcec
1221 1979 1271 2008 vel
1294 1978 1362 2008 Vox
1377 1977 1505 2008 Moret.
1523 1985 1574 2017 pr.
1591 1976 1690 2007 deest
1704 1976 1769 2007 hoe

298 2018 466 2050 distichon
483 2019 652 2050 Lov.—]2
676 2020 815 2060 trepidas
833 2021 898 2052 inc.
918 2020 1037 2051 Heius.
1071 2021 1137 2051 hoec
1150 2024 1298 2061 properat
1314 2020 1431 2051 resides
1446 2020 1581 2050 volebat
1604 2018 1770 2050 Barth.—

299 2064 338 2092 13
364 2062 462 2093 Loeva
478 2062 606 2093 Moret.
618 2073 668 2103 pr.
693 2063 881 2102 Loetajnbec
895 2064 968 2094 laem'
983 2064 1147 2094 deductum
1161 2064 1291 2095 Buslid.
1314 2063 1413 2094 limite
1428 2072 1553 2093 currum
1564 2062 1678 2094 Oxou.
1695 2070 1768 2093 sec.

298 2104 377 2135 Vat.
395 2114 463 2135 sec.
478 2110 514 2136 et
530 2109 612 2136 tert.
650 2106 748 2136 limite
762 2117 884 2137 cursum
900 2108 983 2137 Var.
1009 2107 1074 2137 LL.
1097 2117 1114 2136 e
1134 2117 1238 2147 marg.
1256 2107 1371 2138 Parin.
1409 2105 1519 2136 ordine
1530 2115 1672 2145 gressum
1685 2104 1768 2136 Vat.

298 2156 350 2187 pr.
367 2147 442 2178 Pal.
460 2148 527 2178 duo
544 2148 638 2179 Med.
678 2149 777 2180 limite
795 2150 878 2181 Lov.
896 2149 1029 2180 Buslid.
1048 2150 1191 2189 Raphel.
1208 2149 1344 2181 Claver.
1383 2149 1490 2179 ordine
1502 2148 1623 2179 Ambr.
1642 2157 1694 2188 pr.
1710 2147 1766 2178 ed.

296 2189 412 2222 Parni.
447 2201 571 2222 currum
596 2192 675 2222 Vat.
705 2197 814 2233 quart.
844 2193 937 2224 Rott.
963 2193 1069 2223 oisel.
1095 2193 1248 2223 Florem.
1265 2192 1360 2223 Med.
1378 2201 1446 2222 sec.
1462 2191 1530 2221 inc.
1549 2191 1667 2222 Heius.
1685 2190 1768 2221 Put.

299 2231 366 2263 duo
391 2233 514 2265 Petav.
540 2235 672 2265 Bonon.
703 2234 817 2266 Ambr.
848 2241 928 2267 tert.
955 2235 1039 2267 Cod.
1065 2236 1181 2276 Epigr.
1211 2235 1330 2265 Ambr.
1351 2235 1437 2265 Exc.
1454 2233 1597 2264 anens.
1615 2243 1666 2274 pr.
1682 2233 1767 2264 Var.

299 2274 372 2306 LL.
390 2276 445 2306 ed.
462 2276 566 2308 Antv.
602 2279 703 2309 limite
721 2279 771 2308 vel
786 2280 894 2310 ordine
915 2288 1041 2309 currum
1065 2279 1150 2309 Exc.
1173 2279 1250 2308 Pat.
1273 2279 1431 2308 rem—14
1457 2276 1598 2307 Mutavit
1612 2275 1768 2316 trepidum

299 2317 381 2349 Vat.
399 2328 466 2349 sec.
487 2323 596 2359 petunt
615 2322 668 2351 vel
680 2324 788 2361 petens
804 2322 969 2353 Lov.-——l5
997 2321 1070 2351 Non
1085 2321 1194 2351 vinclis
1209 2321 1290 2350 Lov.
1331 2320 1397 2350 Nec
1413 2319 1524 2350 vinclis
1535 2318 1668 2357 samuloe
1684 2319 1766 2350 Vat.

297 2370 368 2392 sec.
391 2362 481 2392 mulae
502 2372 562 2401 pro
572 2362 706 2400 fomulae
720 2364 797 2395 Pal.
813 2364 922 2396 Oisel.
941 2364 1035 2395 Med.
1053 2373 1102 2404 pr.
1131 2363 1261 2404 humiles
1274 2361 1369 2393 Med.
1385 2367 1497 2403 quart.
1513 2363 1580 2393 tria
1596 2371 1678 2393 vero
1691 2362 1767 2392 haec

300 2402 449 2435 disticha
465 2404 607 2436 deerant
622 2407 703 2438 Vat.
722 2416 773 2446 pr.
791 2411 827 2438 et
843 2406 963 2437 Ambr.
979 2409 1116 2446 pr.-—l7
1143 2406 1355 2445 consensuque
1369 2415 1482 2445 parens
1498 2405 1592 2437 Med.
1609 2415 1661 2446 pr.
1697 2414 1768 2435 cum

290 2445 391 2484 fultis
416 2457 477 2488 pro
505 2451 536 2479 et
550 2447 652 2486 fulvis
671 2449 754 2481 Cod.
778 2449 900 2490 Epigr.
920 2449 1036 2480 Ambr.
1072 2452 1139 2480 tum
1154 2447 1257 2486 fulvis
1273 2447 1410 2488 legebat
1431 2447 1638 2480 Heins.—-18
1664 2448 1708 2479 Et
1721 2448 1770 2478 sic

957 2528 1103 2562 NOTAE

343 2596 363 2624 7
388 2593 575 2634 Patiensque
591 2593 745 2634 laborum]
779 2593 849 2625 Alii
875 2594 1006 2635 legunt,
1061 2603 1228 2634 noruntque
1243 2593 1339 2625 vicem
1353 2594 1462 2634 lingua
1475 2593 1578 2625 virilis
1590 2592 1672 2633 agit.

297 2645 477 2685 patiensque
492 2645 645 2684 luporum.
669 2644 719 2675 Ut
735 2643 826 2685 apud
844 2643 1006 2675 Ovidium
1105 2649 1125 2677 9
1147 2645 1347 2686 Longinqua]
1370 2646 1551 2684 Praecepta
1567 2654 1610 2675 ex
1636 2643 1768 2684 longin-

303 2694 346 2726 de
363 2695 481 2736 Equo:
506 2696 515 2712 ‘
532 2695 577 2725 Et
593 2694 732 2735 placido
757 2694 856 2725 duros
879 2694 1007 2735 accipit
1063 2706 1141 2738 quo,
1157 2706 1217 2727 sen
1239 2700 1419 2737 praecepta
1438 2694 1607 2736 Agasonis
1634 2693 1767 2736 longius

302 2754 362 2776 ore
389 2744 512 2786 lupos,'
546 2744 579 2775 id
614 2749 680 2785 est,
710 2744 813 2776 duras
841 2744 1006 2778 habenas.
1061 2747 1195 2778 remoti·

300 2795 369 2828 Sed
384 2799 579 2838 repugnant
600 2805 677 2838 quae
707 2799 907 2840 sequuntur,
926 2796 1006 2836 srae-
1105 2801 1146 2830 17
1171 2799 1384 2840 Consenanue
1396 2797 1503 2840 pares]
1518 2797 1564 2830 Et
1577 2797 1670 2830 velut
1685 2805 1768 2839 qua·
