1852 3182
644 213 1030 244 ririGiiAMMATA.
1454 207 1563 247 1131

110 322 213 363 Non
236 323 361 370 tales,
385 319 617 367 Clitumne,
640 318 766 358 lavas
790 320 830 358 in
852 320 1018 369 gurgite
1039 321 1205 369 tauros,

163 389 351 442 Tarpeio
370 386 552 427 referunt
574 399 684 438 quos
707 387 776 438 pia
800 391 902 425 vota
923 385 1046 425 Jovi.

108 455 208 497 Non
229 455 328 496 talis
349 454 508 506 Tyrias
530 453 749 505 sparsisse
764 454 985 506 juvencus
1009 464 1164 493 arenas
1540 455 1568 493 5

162 521 351 569 Dicitur,
372 525 569 573 optatum
593 519 768 573 quando
790 520 957 559 revexit
979 532 1130 559 onus.-

104 587 207 628 Non
227 586 422 628 Cretaeus
446 601 560 639 ager,
583 600 662 627 nec
685 587 817 626 amati
841 587 1021 626 conseia
1041 586 1153 626 tauri

159 653 352 702 Gnosos‚
374 667 456 693 nec
477 654 643 694 similes
665 654 832 706 paverit
855 652 936 692 lda
960 654 1092 693 feras.

101 722 207 776 Ipse
228 726 271 763 et
292 722 519 775 dispariles
540 727 733 762 monstro
757 722 1020 762 commissus
1044 721 1087 761 in
1107 726 1246 771 artus,

159 789 248 839 Qui
271 791 435 830 crimen
455 790 606 829 matris
630 789 824 843 prodidit
844 801 918 829 ore
939 802 1070 837 novo,
1513 791 1568 830 10

102 898 160 919 non
172 887 283 924 abluis,
297 898 315 918 o
331 890 499 926 CIitumne,
511 889 657 927 ejusmodi
675 892 780 918 tauros
796 889 828 918 in
839 898 918 927 aqua
932 892 1002 924 tua,
1017 897 1092 927 quos
1109 892 1223 917 tauros
1239 887 1337 927 iitpia
1354 891 1424 918 rota
1436 888 1569 918 reddunt

99 931 174 961 «lori
193 931 332 971 Tarpeio.
381 932 450 962 Non
472 932 591 962 'l'aurus
607 932 681 960 lulis
696 931 866 960 celebratur
881 931 1062 970 dispersisse
1075 932 1230 969 puli-erem
1248 931 1392 970 Tyrium,
1405 940 1472 961 cum
1489 934 1570 960 retu-

101 974 137 1004 lit
152 975 269 1013 pondus
284 975 427 1004 amabile.
476 975 547 1004 Non
574 978 657 1003 terra
677 974 845 1008 Cretensis,
873 982 966 1011 neque
995 972 1134 1002 Gnossus
1153 973 1250 1002 sciens
1269 974 1405 1003 Taurum
1428 977 1567 1003 umatum

101 1026 187 1052 esse,
205 1027 299 1056 neque
318 1017 373 1046 Idu
395 1018 545 1046 nutrierit
568 1016 682 1046 bestias
698 1016 858 1053 ejusmodi.
905 1015 974 1054 lpse
990 1015 1084 1044 etium
1101 1025 1166 1044 non
1183 1016 1258 1044 talis
1276 1022 1327 1045 est
1343 1017 1473 1046 Taurus
1497 1025 1566 1045 con-

96 1059 224 1096 junctus
238 1069 313 1089 cuni
327 1063 470 1099 portento
488 1069 545 1099 per
560 1058 694 1089 membru
710 1057 889 1096 dissimilia,
904 1057 1074 1098 quifiguru
1090 1057 1240 1087 inusitata
1253 1059 1385 1088 ostendit
1398 1059 1493 1088 scelus
1509 1067 1572 1087 ma-

710 1142 948 1153 eeeeeeeeeeee

100 1184 157 1216 Du
173 1185 323 1217 Dorcio.
358 1187 416 1216 DE
435 1187 609 1217 Locvs'rA.
628 1196 750 1227 nempe
768 1187 844 1224 hoc,
874 1188 1024 1218 Nectareo
1046 1196 1132 1216 muro
1154 1186 1256 1216 dulces
1271 1186 1439 1225 cinguntur
1454 1195 1569 1216 arena’.

100 1227 221 1258 Horret
237 1239 317 1267 apesi-
332 1229 456 1268 capitis,
472 1231 525 1269 35⁶·
553 1229 642 1269 qnod
671 1240 810 1260 numero
836 1238 971 1260 xxxiii.
989 1230 1127 1269 legitur.
1154 1229 1335 1269 Descriptio
1355 1229 1497 1259 Arment.
1521 1229 1569 1258 iii-

101 1270 262 1301 scribiiur
279 1272 310 1301 in
328 1272 422 1302 Med.
441 1282 491 1313 pr.
510 1273 592 1302 Lov.
608 1273 672 1303 inc.
688 1272 807 1303 Heius.
823 1277 858 1303 et
876 1273 958 1303 Exc.
977 1273 1117 1303 Lucens.
1134 1281 1184 1312 pr.
1201 1272 1234 1301 in
1253 1272 1392 1312 reliquis
1410 1271 1499 1301 nulla
1516 1275 1568 1301 est

101 1320 294 1352 inscriptio.

145 1358 163 1385 3
201 1356 271 1386 Non
310 1356 384 1385 tulis
421 1356 536 1386 Oxou.
574 1366 641 1387 sev.
693 1357 759 1386 Nec
782 1359 862 1387 tales
887 1357 966 1387 Vat.
995 1362 1107 1396 quart.
1148 1357 1219 1386 talis
1253 1356 1318 1386 inc.
1349 1356 1470 1386 Heins.
1503 1355 1567 1385 Cli-

100 1397 166 1428 cine
195 1408 255 1437 pro
289 1399 447 1428 Clitumne
472 1398 567 1428 Med.
594 1409 644 1438 pr.
688 1400 809 1429 Elicine
836 1400 910 1429 Pal.
954 1399 1079 1429 Ditime
1103 1398 1234 1428 anlid.
1276 1399 1419 1428 Ditumie
1445 1398 1569 1428 Moret.

102 1445 217 1480 pr.—-5
243 1442 315 1470 talis
336 1442 414 1471 Vat.
432 1448 542 1480 quart.
567 1441 689 1471 Petav.
718 1451 768 1481 pr.
793 1441 924 1471 Tinian.
948 1441 1082 1471 Borion.
1112 1440 1232 1470 Ambr.
1261 1445 1340 1470 tert.
1368 1441 1491 1470 Mosei.
1519 1450 1568 1480 pr.

101 1483 185 1512 Lov.
204 1484 287 1513 Cod.
308 1484 421 1522 Epigr.
440 1483 556 1513 Ambr.
596 1485 673 1513 tales
697 1483 764 1513 dno
789 1485 885 1514 Vult.
912 1483 984 1513 Pal.
1010 1483 1117 1513 ossei.
1148 1483 1296 1521 juventus
1320 1483 1446 1513 Moret.
1475 1492 1570 1522 pr.—

99 1527 120 1555 6
144 1525 282 1555 Ducitur
302 1525 397 1555 Ruit.
422 1526 537 1555 revixit
554 1525 608 1555 ed.
624 1527 733 1556 Vicct.
758 1536 831 1565 opus
846 1527 924 1556 Vat.
944 1531 1023 1555 tert.
1038 1536 1079 1555 ni.
1097 1528 1211 1564 pr.—7
1236 1525 1342 1555 uui-uli
1358 1525 1478 1555 conscia
1494 1525 1569 1555 Flo-

102 1571 190 1597 rent.
219 1568 339 1598 PetaV.
366 1571 483 1607 pr.—-S
510 1568 623 1597 Gnosis
651 1568 727 1598 Vat.
754 1578 822 1597 sec.
851 1567 981 1597 ssuslid.
1021 1568 1142 1597 Gnoses
1165 1568 1292 1597 More-t.
1317 1577 1367 1607 pr.
1387 1568 1466 1598 Lov.
1490 1567 1570 1599 Aid.

103 1609 225 1640 Gnosas
239 1610 313 1640 Pal.
329 1610 395 1639 duo
412 1610 506 1639 Med.
525 1610 640 1640 Heius,
660 1610 702 1640 H.
741 1620 800 1639 ηοη
816 1610 931 1639 similes
949 1610 1048 1639 Rott.
1084 1613 1213 1648 put-erut
1237 1610 1318 1639 Vat.
1347 1610 1453 1639 Liviri.
1480 1609 1569 1646 seros

102 1652 196 1683 Rott.
214 1653 322 1683 Oisel.
338 1653 403 1682 duo
423 1652 516 1683 Med.
546 1652 611 1682 duo
640 1652 759 1683 Heius.
786 1658 820 1682 et
848 1652 969 1682 I’etav.
992 1652 1124 1682 Bonon.
1142 1652 1209 1682 duo
1226 1650 1345 1681 Ambr.
1374 1651 1498 1682 Mon-et.
1517 1661 1570 1690 pr.

102 1694 216 1726 Oxou.
244 1705 308 1725 sec.
341 1696 420 1725 Lov.
449 1695 535 1725 Cod.
567 1695 686 1735 Epigr.
714 1694 833 1725 Anibr.
860 1695 945 1724 Exc.
971 1694 1115 1724 Lucem.
1145 1697 1260 1733 pr.—9
1285 1694 1414 1733 Ipseque
1439 1694 1570 1724 Buslid.

102 1737 246 1775 confusus
259 1738 350 1768 Med.
365 1747 432 1768 sec.
457 1737 590 1778 diffusus
607 1738 756 1768 Florent.
771 1737 825 1767 ed.
844 1737 960 1767 Parm.
983 1737 1158 1767 commissus
1170 1737 1249 1767 Vat.
1267 1746 1336 1766 sec.
1356 1737 1449 1767 Rott.
1464 1736 1571 1767 Oisel.

102 1780 168 1811 dno
181 1780 277 1812 Med.
294 1781 360 1811 dno
377 1781 496 1812 Heius.
513 1781 592 1811 Put.
609 1782 740 1811 Tliuan.
756 1781 886 1811 Bonon.
911 1780 977 1810 dno
994 1779 1117 1810 Petav.
1135 1780 1276 1809 totidem
1301 1778 1417 1810 Ambr.
1442 1779 1570 1810 Moret,

102 1832 153 1862 pr.
170 1823 279 1854 Oxon.
297 1834 365 1854 sec.
384 1824 466 1854 Lov.
483 1824 613 1854 Buslid.
641 1829 710 1854 vet.
733 1823 816 1863 Gyr.
843 1822 927 1854 Cod.
954 1823 1070 1862 Epigr.
1099 1821 1215 1853 Ainbr.
1242 1822 1325 1853 Exc.
1353 1822 1497 1852 anens.
1520 1832 1571 1862 pr.

102 1866 222 1896 Sched.
240 1866 332 1897 Gud.
365 1876 456 1897 arcus
478 1866 696 1898 Buslid.—10
720 1866 819 1897 edidit
835 1876 887 1897 ore
904 1865 949 1896 id.
966 1865 1096 1897 Biislid.
1133 1866 1273 1896 condidit
1295 1871 1362 1896 tres
1379 1865 1476 1895 Vatt.
1496 1864 1570 1895 Pal.

763 1953 908 1984 NOTAE

103 2007 185 2040 d'itae
220 2009 386 2050 Geryoni,
417 2012 579 2042 armentis
614 2012 807 2051 nobilitato,

103 2059 211 2100 cnjus,
240 2065 277 2091 nt
306 2061 353 2090 ait
384 2061 512 2100 Livius,
547 2063 556 2079 ‘
590 2062 693 2093 boves
725 2063 809 2093 mira

102 2110 229 2150 specie'
261 2111 429 2143 Hercules
458 2111 611 2143 abstulit.
657 2113 712 2143 De
740 2113 808 2144 Ge-

103 2169 208 2201 ryone
225 2161 412 2198 tergemino
428 2161 502 2192 liaec
514 2161 691 2193 Justinus:
717 2165 726 2179 ‘
741 2163 809 2193 Ge-

102 2219 242 2250 ryonem
255 2220 320 2241 non
336 2211 482 2250 triplicis
501 2216 645 2250 natura»,
664 2217 699 2242 ut
716 2210 810 2242 fabu-

102 2260 144 2291 lis
172 2261 341 2301 proditur,
369 2259 471 2292 fnisse
500 2261 630 2300 ferunt,
656 2263 714 2293 sed
740 2270 809 2294 tres

103 2310 226 2342 fratres
244 2317 349 2343 tantae
372 2312 562 2343 concordiae
587 2314 756 2354 extitisse,
774 2319 811 2345 ut

105 2370 170 2392 uno
188 2362 298 2392 animo
316 2363 386 2403 regi
403 2363 621 2395 viderentur!

148 2414 167 2441 3
193 2411 364 2452 Clitumne]
399 2413 588 2444 Clitumnus
613 2419 665 2446 est
689 2413 810 2446 fluvius

106 2461 254 2493 Umbria:
281 2462 314 2492 in
342 2462 464 2502 Italia3
489 2464 585 2504 cujus
603 2463 695 2495 fluvii
721 2476 809 2506 aqna

106 2516 187 2552 pota
202 2512 365 2543 candidos
384 2513 486 2544 boves
503 2513 646 2545 reddere
671 2515 809 2546 diceba-

106 2566 180 2601 tur;
204 2566 239 2593 et
255 2562 331 2593 ideo
346 2573 388 2593 ex
406 2564 477 2604 ejus
506 2565 639 2604 pascuis
662 2565 808 2596 deduce-

108 2610 206 2643 batur
221 2614 230 2630 ‘
245 2614 392 2644 maxima
404 2621 520 2645 taurus
533 2615 707 2655 Victima‚’
731 2627 807 2658 qnae

107 2660 181 2691 Jovi
199 2662 338 2703 Tarpeio,
362 2673 422 2695 seu
440 2665 808 2706 Capitolino‚iinmola-

109 2711 220 2744 batur.

151 2766 171 2795 4
194 2763 348 2802 Referunt
362 2776 436 2807 quos
447 2767 502 2808 pia
514 2768 599 2809 vota]
622 2769 690 2802 Qui
703 2769 806 2801 boves

864 2011 1021 2052 promissi
1038 2021 1079 2042 ex
1098 2015 1190 2050 voto,
1207 2009 1416 2049 referuntur,
1439 2009 1572 2040 solvun—

863 2067 931 2100 tnr,
949 2066 1144 2093 mactantur
1159 2061 1247 2094 Jovi.

907 2117 924 2143 5
958 2111 1131 2151 Jucencus]
1163 2111 1302 2152 Jupiter
1323 2110 1397 2151 ipse
1421 2114 1573 2142 mutatus

865 2163 897 2193 in
924 2163 1111 2203 juvencum
1145 2173 1204 2193 seu
1237 2167 1382 2200 taurum,
1421 2162 1500 2194 dum
1539 2164 1571 2194 in

866 2212 1054 2251 Phoenisia,
1066 2212 1123 2242 nbi
1139 2212 1219 2242 urbs
1231 2213 1350 2252 Tyrus,
1363 2213 1489 2252 sparsit
1502 2222 1574 2244 are-

864 2272 955 2300 nam,
986 2266 1022 2292 et
1057 2262 1171 2302 rapuit
1198 2262 1370 2302 Europam
1404 2261 1570 2302 Agenoris

860 2313 977 2351 tiliam,
1004 2313 1120 2353 sicque
1146 2313 1281 2344 revexit
1319 2322 1393 2343 eam
1418 2318 1455 2344 ut
1485 2323 1568 2344 onus

863 2363 1019 2393 amabile.

907 2408 942 2445 7⁷
967 2414 1109 2444 Cretoeus
1133 2413 1224 2453 ager]
1264 2413 1331 2444 Ubi
1363 2418 1477 2444 taurus
1516 2413 1572 2443 ille

864 2464 1040 2495 Cretensis
1076 2467 1306 2504 portentosus,
1334 2472 1434 2503 quem
1465 2463 1570 2493 iratus

865 2514 1048 2555 Neptunus
1065 2515 1098 2545 in
1114 2514 1253 2544 Cretam
1270 2513 1419 2544 immisit.

907 2567 927 2595 8
953 2564 1088 2604 Gnoses]
1113 2564 1204 2596 Urbs
1221 2564 1351 2604 Cretae,
1373 2563 1431 2594 ubi
1456 2567 1570 2594 taurus

864 2624 882 2644 a
898 2614 1069 2654 Pasiphae
1087 2620 1217 2645 amatus
1234 2619 1299 2645 est.

908 2664 983 2705 Ida]
1023 2666 1124 2696 Mons
1154 2666 1285 2696 Cretae:

862 2726 957 2748 mons
975 2716 1040 2748 Ida
1055 2717 1087 2747 in
1106 2716 1267 2757 Phrygia.

905 2770 926 2798 9
950 2767 1037 2808 Ipse]
1069 2767 1151 2807 Ipse
1172 2765 1386 2797 Minotaurus
1410 2762 1568 2803 conjunc·

1327 2668 1379 2694 est
1416 2666 1451 2693 et
1481 2661 1567 2693 alius
