1851 3213
251 192 364 235 1242

251 297 447 331 Ammianus
465 301 633 342 ignorant.

297 352 358 382 138
383 352 490 383 Oculis
516 353 694 393 liventibus]
728 355 780 385 Ex
808 354 954 385 Invidiae

250 399 431 433 Ovidianae
451 403 694 443 descriptione.
740 405 855 435 Barth.

293 453 355 482 139
381 453 464 483 Tunc
487 454 579 494 talia]
613 454 654 484 Τὸ
684 458 756 485 tunc
784 456 956 486 collectio-

248 511 326 533 nem
344 504 536 544 quampiam
562 505 702 545 spiritus
725 506 886 545 insinuat,
901 516 957 537 an-

248 556 387 594 tequam
404 554 512 584 oratio
531 555 656 595 aliquid
676 562 855 596 proponat.
886 557 955 588 Sae-

248 603 323 644 pius
340 604 388 635 ita
405 605 587 645 Virgilius:
613 608 621 622 ‘
639 607 733 638 Tunc
752 607 799 638 sic
817 617 891 639 orsa
908 608 954 639 lo-

248 654 307 694 qui
323 655 440 686 vates.’
485 657 601 687 Barth.

292 707 353 735 140
373 705 709 747 F1·ustraquej1wentoe
727 709 885 739 Consumis
890 710 953 750 flo-

246 754 326 795 rem]
362 756 474 796 Ipsam
493 758 570 788 vitae
588 757 698 796 ἀκμὴν,
714 768 879 789 summum
895 758 953 788 de-

247 814 317 847 cus,
334 811 537 847 tempusque
557 808 815 838 nobilissimum.
862 809 953 838 AEta-

246 857 351 887 tulam
379 862 481 887 vocat
510 857 677 897 Apuleius
703 857 794 887 hunc
822 856 954 897 florem,

245 907 325 946 quia
341 907 575 937 brevissimum
600 909 671 938 vita
699 911 833 947 tempus
849 908 954 939 habet

244 957 278 987 in
295 966 381 997 sese,
397 957 439 988 ad
457 958 590 997 apicem
609 963 667 989 aut
684 958 872 989 ascendens
888 969 953 989 caz-

244 1008 380 1049 teroqui
407 1013 465 1039 aut
493 1007 715 1040 descendens,
761 1008 948 1049 Apuleius:

243 1058 251 1072 ‘
270 1056 393 1089 AEtatis
415 1057 533 1089 florem
556 1057 695 1089 floribus
721 1064 759 1090 ut
782 1059 950 1091 decores!

246 1108 364 1140 Barth.

288 1163 346 1191 141
375 1161 499 1192 Pcttriz's
518 1160 617 1200 arvis]
655 1162 761 1192 Elusa:
782 1162 950 1194 nimirum.

244 1211 359 1244 Barth.

288 1265 350 1294 142
376 1263 460 1298 Quid
471 1264 575 1295 sidera
587 1265 714 1305 donent]
748 1265 889 1305 Gyrald.
915 1269 951 1296 et

243 1312 365 1353 Isingr.
379 1314 487 1344 debent
498 1325 508 1344 .·
531 1315 635 1345 etiam
651 1316 748 1355 prim.
761 1315 874 1346 Vatic.
890 1325 951 1355 pro

243 1364 378 1395 diversa
395 1365 563 1395 lectione:
588 1365 677 1406 quod
703 1370 840 1396 secutus
863 1364 949 1395 frus-

242 1419 296 1444 tra
335 1415 599 1455 RapheIengius.
639 1416 782 1446 Luc-ens.
818 1416 949 1446 dedent:

243 1464 337 1504 prior
362 1465 504 1504 Moreti,
528 1467 686 1506 spondent.
734 1466 860 1497 Caeteri
888 1475 950 1506 pro

244 1515 384 1556 vulgata
410 1517 558 1547 lectione
586 1522 691 1556 stant,
716 1526 814 1557 quam
832 1520 867 1547 et
890 1525 950 1547 nos

243 1567 493 1607 amplectimur.
551 1568 716 1608 Sequenti
748 1577 847 1598 versu
885 1570 949 1598 toto

241 1618 390 1649 donabere
405 1620 517 1649 mundo
531 1619 650 1659 scripti
666 1618 818 1649 nonnulli
832 1629 839 1648 :
864 1627 948 1658 quos

241 1667 331 1698 inter
358 1668 486 1708 primus
517 1669 725 1700 Vaticanus:
751 1678 835 1700 unus
862 1670 949 1700 dota-

241 1716 333 1748 bere:
354 1716 493 1749 frustra.
538 1719 581 1750 D.
601 1719 713 1749 Heius.

284 1767 398 1798 Sidera
413 1767 541 1807 donent]
587 1769 700 1809 Fingit
726 1769 831 1799 Furia
848 1769 948 1800 Chal-

240 1817 352 1850 daeum
388 1819 536 1859 aliquem
569 1823 628 1849 aut
654 1819 880 1860 astrispicem,
911 1825 949 1851 ut

241 1878 282 1900 ex
306 1869 524 1910 sequentibus
552 1870 691 1901 clarum.
728 1871 807 1901 Tria
834 1870 948 1902 Verba

241 1920 366 1960 posuit,
392 1921 512 1961 quibus
530 1929 661 1952 omnem
688 1921 731 1952 de
759 1922 946 1954 Eventibus

239 1971 419 2002 humanam
434 1972 711 2012 Speculationem
730 1973 947 2014 Philosophia

240 2022 420 2063 complexa
430 2026 481 2053 est
497 2034 503 2053 :
527 2023 626 2062 Fata,
639 2033 715 2064 quae
729 2028 806 2055 sunt
819 2025 945 2056 Stoico-

239 2080 333 2102 rum:
364 2073 499 2112 Sidera,
519 2083 580 2104 seu
596 2074 700 2115 Deos,
721 2085 794 2116 quae
812 2075 945 2107 Acade-

239 2122 404 2154 micorum
454 2124 669 2166 pluriumque
715 2136 756 2157 eo
804 2127 946 2158 redeun-

239 2173 324 2204 tium
351 2174 437 2206 scita
465 2175 621 2207 faciunt:
652 2177 851 2217 Fortunam,
868 2188 944 2219 quae

239 2225 511 2266 Epicuraeorum,
529 2231 565 2257 et
581 2227 654 2267 ejus
672 2228 783 2269 gregis
801 2233 945 2260 caetero-

239 2284 324 2306 rum.
369 2276 486 2308 Barth.

284 2327 344 2356 143
372 2326 441 2356 Totz'
457 2327 650 2358 dominabere
676 2320 799 2368 υὶιὶηιίο,
828 2330 865 2360 Si
889 2340 945 2370 pa-

237 2386 306 2407 rere
321 2376 410 2416 velis]
436 2377 556 2418 Neque
569 2378 640 2408 abit
653 2379 741 2419 quod
754 2380 795 2410 de
810 2379 944 2411 Caesare

239 2428 362 2460 scribit
377 2428 443 2458 Dio
461 2428 608 2468 Cassius,
636 2429 693 2460 lib.
710 2439 857 2462 xxxvn.
887 2442 944 2472 pa-

239 2487 312 2509 rum
329 2478 511 2509 sollicitum
534 2478 639 2509 fuisse
665 2490 821 2520 quorsum
838 2491 872 2512 se
888 2482 944 2513 de-

238 2529 404 2569 mitteret,
425 2539 593 2570 quamque
617 2530 843 2562 humilitatem
871 2543 941 2572 prae

238 2589 275 2610 se
291 2578 411 2620 ferret,
427 2579 528 2610 modo
545 2589 607 2620 per
623 2589 697 2611 eain
715 2583 870 2621 potentia
886 2594 942 2613 au-

239 2635 390 2672 geretur.
427 2630 545 2661 Barth.

283 2685 345 2714 1-16
368 2683 521 2714 Praescius
543 2682 652 2723 ardor]
678 2684 838 2714 Flammae
857 2684 940 2716 divi-

239 2743 292 2764 nae
309 2733 490 2773 particula.
518 2734 597 2765 Non
613 2734 701 2765 enim
719 2735 941 2766 humanarum

239 2783 359 2816 virium
383 2784 602 2825 praescientia
628 2783 832 2819 futurorum.
876 2785 940 2817 Ar-

507 205 649 236 NOTAE
682 206 947 237 VARIORUM
983 208 1034 237 IN
1070 208 1143 239 CL.
1170 208 1354 240 CLAUD.
1388 209 1464 239 111.

1007 305 1110 335 dorem
1128 305 1227 344 dixit,
1243 306 1321 346 quia
1342 305 1436 336 Deus
1452 303 1597 345 Ignenm
1613 305 1712 348 quip-

1008 355 1099 394 piam
1127 356 1261 395 Pagani
1283 355 1486 386 sciscebant.
1530 355 1620 386 Vide
1636 357 1712 388 Ma-

1008 405 1172 444 crobium,
1190 406 1246 437 lib.
1259 415 1283 437 1.
1300 407 1331 437 in
1345 406 1516 437 Somnium
1530 406 1712 447 Scipionis,

1008 466 1083 496 cap.
1103 460 1154 488 14.
1199 458 1253 488 Ita
1271 468 1289 488 a
1306 458 1459 488 Deorum
1477 458 1570 488 cultu
1597 457 1714 489 vatici-

1008 507 1294 547 niupetebantur:
1313 507 1642 547 videJamblichum,
1652 506 1712 538 lib.

1008 567 1033 587 1.
1048 557 1090 588 de
1107 560 1180 589 vita
1194 559 1297 598 Pytu.
1311 569 1340 590 c.
1355 562 1407 590 28.
1452 559 1567 590 Barth.

1049 608 1152 648 Inest]
1176 611 1287 640 Adest.
1334 610 1388 641 Sic
1413 610 1493 640 alibi
1521 609 1715 650 amethystus

1006 658 1096 690 inest.
1137 660 1257 692 Barth.

1051 710 1120 744 Quo
1139 711 1282 742 Thessala
1295 711 1401 751 cantu]
1445 711 1624 742 Thessalia
1644 714 1714 742 stu-

1006 759 1069 789 diis
1086 759 1233 799 Magicae
1251 760 1476 801 deditisfflna,
1488 767 1523 792 et
1539 762 1614 802 ejus
1631 770 1712 801 gen-

1006 809 1048 838 tis
1062 809 1312 841 incantationes
1326 811 1571 843 celeberrimae.
1595 811 1712 843 Barth.

1049 861 1109 888 147
1137 859 1265 899 Eripiat
1281 861 1504 902 lunarejubar]
1537 862 1632 893 Coelo
1656 862 1713 892 de-

1006 908 1131 940 trahat.
1188 910 1317 941 Lunam
1347 912 1436 942 enim
1465 912 1550 942 coelo
1576 911 1711 942 detrahi

1005 959 1211 990 carminibus
1224 961 1366 1000 Magicis
1377 961 1575 992 credebant.
1592 961 1711 993 Barth.

1047 1009 1148 1049 Signa
1163 1012 1285 1050 sagacis
1299 1011 1449 1052 AEgyptz']
1474 1012 1712 1043 characteres.

1051 1061 1177 1101 Eripiut
1193 1061 1416 1102 luuarejubar]
1432 1062 1540 1093 Vetus
1557 1062 1710 1102 gentium

1004 1119 1110 1150 error,
1124 1112 1252 1141 Lunam
1263 1112 1401 1151 magicis
1413 1111 1569 1143 cantibus
1583 1112 1712 1151 vexari,

1003 1166 1039 1192 et
1069 1171 1087 1192 e
1117 1162 1201 1192 caelo
1230 1162 1366 1193 deduci.
1419 1163 1525 1193 Mart.
1556 1161 1615 1192 lib.
1639 1171 1708 1193 xri.

1003 1212 1185 1252 Epigr.57'.
1211 1212 1312 1243 Ovid.
1330 1213 1389 1243 lib.
1408 1221 1449 1244 11.
1466 1212 1518 1244 El.
1535 1216 1566 1243 5.
1589 1212 1708 1244 Amor.

1003 1263 1155 1304 Ideoque
1171 1273 1213 1294 ne
1225 1264 1281 1294 illa
1296 1264 1429 1294 audiret
1444 1264 1710 1305 incantamenta,

1004 1313 1182 1344 tinnitibus
1212 1323 1309 1345 sacra
1339 1315 1413 1354 ejus
1444 1314 1708 1355 peragebantur.

1003 1362 1104 1394 ovid.
1132 1364 1190 1394 lib.
1213 1373 1278 1395 vn.
1305 1364 1391 1395 Met.
1422 1364 1504 1395 Fab.
1528 1367 1558 1394 2.
1585 1364 1707 1397 Senec.

1002 1413 1097 1444 Med.
1123 1413 1204 1445 Act.
1223 1423 1271 1445 tv.
1287 1414 1388 1445 Scen.
1406 1417 1436 1445 2.
1462 1415 1470 1431 ‘
1486 1414 1589 1456 inque
1617 1415 1710 1445 auxi-

1001 1464 1083 1494 liuui
1103 1464 1277 1495 Dictimna
1294 1470 1389 1496 tuum
1415 1465 1563 1506 pretiosa
1584 1468 1710 1495 sonent

1002 1515 1256 1547 aeraCorinthi.'
1281 1515 1522 1547 Juvenal.Sat.
1537 1524 1586 1547 w.
1609 1514 1709 1546 ‘Una

1000 1567 1166 1598 laboranti
1193 1567 1320 1608 poterit
1348 1577 1548 1599 succurrere
1578 1567 1707 1599 Lunaess

1002 1617 1092 1649 Hinc
1123 1617 1296 1649 defectum
1329 1618 1498 1659 putabant
1526 1617 1707 1659 proficisci.

999 1670 1096 1701 Serv.
1122 1670 1165 1700 ad
1188 1679 1227 1701 11.
1250 1670 1376 1711 Geor-g.
1408 1670 1494 1702 Stat.
1521 1679 1571 1701 vr.
1598 1670 1704 1701 Theb.

999 1719 1008 1735 ‘
1026 1720 1156 1760 quoties
1179 1719 1338 1750 avellitur
1361 1721 1463 1751 astris
1488 1721 1575 1751 Solis
1599 1729 1707 1762 opaca

999 1779 1093 1799 soror
1117 1770 1236 1809 procul
1260 1770 1460 1801 auxiliantia
1482 1774 1601 1810 gentes
1624 1771 1706 1802 AEra

999 1819 1167 1861 crepant.’
1213 1820 1313 1853 Quod
1325 1825 1437 1851 autem
1455 1821 1632 1859 Thessalam
1645 1831 1705 1862 po.

998 1876 1060 1901 nat
1083 1869 1202 1902 Claud.
1227 1880 1288 1911 pro
1314 1871 1465 1912 qualibet
1485 1881 1577 1912 saga,
1601 1872 1703 1903 docte

998 1922 1135 1962 quidem
1150 1933 1159 1962 ;
1182 1932 1260 1953 nam
1276 1923 1450 1954 Thessalia
1465 1923 1635 1955 veneficiis
1649 1923 1706 1956 de-

998 1978 1089 2003 vota.
1124 1973 1302 2014 Dempster.
1348 1973 1629 2014 Hieroglyphicae
1649 1983 1707 2005 no-

998 2029 1055 2064 tae,
1070 2024 1164 2055 varia
1187 2034 1301 2055 rerum
1324 2024 1461 2063 indicia,
1485 2033 1563 2065 quae
1581 2024 1704 2065 vulgus

998 2074 1148 2106 obscuris
1175 2074 1335 2106 ductibus
1362 2073 1549 2115 figurarum
1573 2076 1705 2116 consig-

997 2130 1092 2165 nata,
1110 2125 1213 2156 etiam
1240 2135 1314 2156 cum
1340 2125 1434 2156 edita
1460 2129 1585 2165 essent,
1608 2124 1705 2157 falle·

998 2183 1085 2209 rent.
1113 2178 1264 2217 sagacem
1280 2180 1456 2220 AEgyptum
1472 2182 1618 2219 propter
1633 2187 1702 2209 om-

996 2229 1089 2259 nium
1113 2228 1185 2260 fere
1213 2229 1336 2260 artium
1363 2229 1460 2261 initia
1482 2229 1561 2260 inde
1590 2229 1703 2269 petita

996 2286 1185 2321 nuncupat,
1213 2281 1378 2312 haerentia
1401 2280 1558 2311 nimirum
1584 2279 1666 2311 inibi
1682 2290 1703 2310 a

996 2332 1180 2372 primorum
1198 2332 1475 2363 Patriai·cliai·1ini
1489 2331 1702 2364 Judaeorum·

996 2392 1061 2424 que
1076 2383 1182 2421 cultu,
1204 2382 1294 2412 unde
1311 2387 1418 2412 mater
1434 2382 1558 2412 artium
1575 2380 1700 2411 dicitur

996 2444 1015 2465 a
1042 2434 1232 2472 Macrobio,
1257 2433 1314 2463 lib.
1333 2443 1358 2463 1.
1385 2433 1521 2463 Saturn.
1547 2441 1621 2472 cap.
1646 2434 1700 2463 15.

996 2485 1141 2523 Gellius,
1167 2483 1227 2513 lib.
1243 2491 1292 2512 Χῖ.
1306 2492 1381 2522 cap.
1400 2484 1450 2512 18.
1473 2482 1481 2497 ‘
1499 2481 1590 2521 apud
1608 2485 1701 2512 vete-

995 2544 1047 2564 res
1070 2533 1262 2573 AEgyptios,
1286 2532 1374 2572 quod
1399 2541 1503 2571 genus
1527 2531 1699 2562 hominum

994 2589 1129 2615 constat
1145 2591 1181 2613 et
1204 2583 1237 2613 in
1261 2583 1390 2612 artibus
1406 2582 1616 2622 reperiendis
1633 2583 1699 2613 sol-

993 2635 1097 2665 lertes
1114 2634 1297 2670 exstitisse,
1322 2638 1358 2664 et
1382 2634 1414 2663 in
1436 2633 1630 2673 cognitione
1647 2642 1699 2664 re-

993 2694 1066 2715 rum
1082 2682 1275 2722 indaganda
1292 2692 1446 2723 sagaces,
1469 2682 1563 2713 furta
1585 2683 1698 2714 omnia

992 2734 1100 2764 fuisse
1117 2732 1232 2763 licita?
1276 2732 1368 2763 Hinc
1386 2731 1616 2774 Αἷγυπτιάζειν,
1628 2743 1697 2764 ma·

991 2785 1061 2816 lum
1077 2783 1327 2825 malignumque
1343 2793 1430 2825 esse,
1446 2782 1629 2825 proverbio
1648 2784 1696 2816 Ιο-
