1851 3213
269 217 383 261 1158
690 224 768 255 cu.
801 219 1083 255 cuAumANl
1119 217 1321 251 Lxxvn.

870 456 1153 507 LXXVII.

347 634 419 677 27.
478 631 552 675 IN
582 627 887 673 JACO'BUM
919 621 1313 668 MAGISTRUM
1345 614 1662 672 EQUITUM.

277 756 388 798 PER
409 752 582 796 cineres
600 751 746 800 Pauli,
765 763 842 803 per
862 749 960 789 cani
976 747 1132 789 limina
1152 745 1287 796 Petri,

337 822 411 866 Ne
432 823 601 863 laceros
622 830 795 867 versus,
817 816 908 857 dux
932 815 1114 863 Iacobo,
1136 825 1273 854 meos„

281 889 357 933 Sic
378 893 454 930 tua
474 900 554 941 pro
577 887 736 941 clypeo
757 887 967 926 sustentet
987 886 1169 937 pectora
1189 879 1402 928 Thomas,

339 956 398 997 Et
416 968 564 996 comes
585 953 643 994 ad
664 953 828 993 bellum
852 950 1208 992 Bartholomaeus
1228 950 1313 987 eat.

283 1023 360 1066 Sic
381 1036 466 1077 ope
487 1022 746 1063 Sanctorum
769 1032 856 1060 non
875 1019 1090 1059 barbarus
1111 1017 1248 1056 irruat
1269 1013 1410 1068 Alpes
1428 1024 1439 1054 ε
1725 1008 1754 1049 5

343 1091 420 1132 Sic
437 1090 518 1132 tibi
540 1089 614 1130 det
634 1088 748 1129 vires
769 1090 923 1128 sancta
943 1086 1145 1126 Susanna
1165 1096 1271 1125 suas
1290 1096 1299 1123 ε

288 1158 365 1201 Sic
387 1158 654 1212 quicumque
671 1154 797 1196 ferox
818 1152 1013 1207 gelidum
1034 1150 1273 1193 tranaverit
1295 1147 1511 1196 Histrum,

346 1225 599 1278 Mergatur3
629 1223 833 1263 volucres
855 1234 941 1262 ceu
962 1218 1209 1261 Pharaonis
1230 1216 1334 1270 equi
1353 1230 1363 1258 :

335 1354 409 1386 Oro
426 1357 474 1393 te,
497 1352 621 1383 Ductor
647 1349 774 1390 Jacobe,
795 1360 851 1390 per
866 1350 983 1380 cineres
1000 1347 1106 1385 Pauli,
1127 1357 1183 1387 per
1207 1345 1354 1386 templum
1377 1343 1470 1375 Petri
1495 1342 1577 1382 cani,
1603 1352 1642 1373 ne
1664 1340 1763 1373 lanies

291 1398 432 1431 carmina
445 1405 531 1426 mea.-
554 1395 598 1425 sic
617 1394 751 1424 Thomas
777 1393 929 1423 sustineat
953 1401 1010 1431 pro
1035 1392 1121 1421 scuto
1145 1391 1253 1429 pectus
1273 1392 1372 1426 tuum,
1394 1389 1425 1417 et
1442 1385 1689 1416 Bartholomaeus
1713 1394 1761 1415 co·

289 1440 422 1472 mitetur
436 1442 471 1469 te
484 1438 523 1467 aa
537 1436 657 1468 bellum.
702 1435 756 1466 Sic
770 1435 911 1466 Barbari
926 1444 986 1465 non
1001 1434 1178 1472 irrumpant
1194 1431 1289 1471 Alpes
1311 1429 1397 1470 pulsi
1418 1429 1538 1459 auxilio
1553 1427 1736 1458 Sanctorum
1750 1436 1762 1458 .-

289 1484 334 1514 .sic
348 1484 456 1513 sancta
472 1480 617 1511 Susanna
640 1478 736 1509 addat
762 1477 821 1508 tibi
848 1479 926 1508 vires
951 1486 1032 1507 suas.
1079 1475 1133 1505 Sic
1147 1474 1326 1515 quicumque
1351 1471 1457 1503 hostis
1482 1474 1578 1502 atroce
1604 1469 1764 1509 trajecerit

292 1524 475 1558 Danubium
492 1522 668 1562 frigidum,
701 1521 936 1560 submergatur,
957 1518 1210 1559 quemadmodum
1236 1516 1306 1556 equi
1329 1516 1443 1547 celeres
1469 1512 1644 1545 Pharaonis
1663 1511 1764 1543 mersi

915 1613 1152 1627 eeeeeeeeeeee

337 1684 382 1715 In
398 1687 469 1714 vet.
485 1681 569 1713 Cod.
586 1680 726 1712 Daniel.
743 1685 780 1711 et
797 1679 910 1712 Oxou.
926 1689 992 1711 sec.
1016 1677 1217 1710 inscribitur
1248 1677 1287 1707 In
1303 1676 1457 1708 Jacobum
1474 1675 1668 1715 Magistrum
1682 1670 1768 1714 equi-

296 1730 377 1759 tum.
421 1725 463 1756 In
480 1725 565 1756 Exc.
581 1724 668 1755 Laeti
684 1727 760 1755 erat
783 1725 835 1754 Ad
850 1722 1001 1753 Jacobum
1015 1721 1207 1759 Magistrum
1223 1719 1371 1760 equitum.
1417 1719 1469 1750 Ad
1483 1718 1635 1750 Jacobum
1650 1717 1769 1748 Ducem

295 1769 403 1801 habet
415 1768 543 1800 Tbuan.
559 1772 594 1798 et
608 1766 736 1797 Moret.
755 1775 806 1806 pr.
830 1766 869 1798 In
881 1764 1034 1796 «Iacobum
1048 1764 1243 1803 Magistrum
1258 1762 1401 1793 Militum
1415 1761 1556 1792 exhibet
1569 1761 1634 1791 inc.
1649 1759 1769 1792 Heius.

298 1812 343 1845 In
358 1810 496 1851 reliquis
512 1810 610 1841 deest
625 1808 814 1848 inscriptio.
1531 1839 1533 1843 Α

343 1857 361 1885 1
396 1854 462 1885 Per
477 1853 593 1883 cineres
610 1851 847 1882 Petri...limina
865 1850 961 1881 Pauli
985 1849 1061 1880 Pal.
1079 1848 1148 1879 duo
1163 1847 1258 1879 Med.
1280 1848 1361 1878 Put.
1377 1845 1510 1878 Buslid.
1526 1846 1609 1876 Var.
1629 1845 1698 1876 LL.
1714 1843 1771 1875 ed.

302 1897 411 1929 Antv.
442 1895 513 1927 cuni
528 1895 607 1926 Vat.
625 1904 678 1934 pr.
695 1894 814 1925 Ambr.
837 1903 890 1934 pr.
908 1891 1097 1924 Bartholin.
1131 1891 1232 1922 sancti
1249 1895 1395 1931 quatuor
1410 1890 1507 1920 Vatt.
1524 1888 1599 1919 Pal.
1617 1888 1772 1918 Florent.

301 1943 371 1971 tres
387 1938 484 1970 Med.
501 1938 568 1969 inc.
586 1937 706 1968 Heius.
736 1937 817 1968 Put.
835 1936 903 1967 duo
919 1936 1043 1967 Petav.
1060 1935 1193 1965 Bonon.
1221 1933 1342 1964 Ambr.
1367 1937 1446 1963 tert„
1463 1931 1592 1963 Moret.
1607 1940 1659 1971 pr.
1685 1929 1772 1961 Cod.

301 1982 422 2023 Epigr.
437 1980 558 2012 Ambr.
576 1981 660 2011 Exc.
673 1979 798 2010 Petav.
814 1983 926 2020 quart.
942 1980 1028 2009 Exc.
1047 1977 1191 2008 Luceus.
1208 1986 1258 2017 pr.
1274 1977 1357 2006 Var.
1373 1975 1439 2006 LL.
1452 1984 1470 2005 e
1487 1983 1594 2013 marg.
1610 1974 1724 2004 Parm.
1738 1975 1775 2003 et

302 2025 359 2057 ed.
378 2024 478 2056 Antv.
501 2023 619 2054 lumina
635 2021 731 2053 Med.
748 2032 800 2062 pr.
815 2022 895 2052 Put.
912 2021 1028 2052 Oxou.
1046 2021 1177 2051 sem—3
1199 2029 1255 2060 per
1270 2020 1409 2059 clypeum
1423 2017 1507 2048 Cod.
1521 2016 1641 2056 Epigr.
1654 2014 1775 2047 Ambr-

303 2067 451 2106 defendat
471 2066 546 2098 Vat.
564 2075 613 2106 pr.
630 2064 750 2096 Ambr.
767 2075 820 2105 pr.
842 2067 995 2095 sustentet
1013 2063 1165 2094 Florent.
1187 2072 1264 2092 cum
1281 2060 1475 2092 octodecim
1493 2059 1580 2098 aliis,
1606 2058 1691 2090 Exc.
1709 2057 1775 2088 Lu·

304 2120 397 2142 cens.
415 2119 465 2150 pr.
483 2110 607 2139 Petav.
624 2111 736 2149 quart.
752 2108 833 2138 Var.
850 2107 919 2139 LL.
944 2116 962 2137 e
980 2116 1086 2145 marg.
1101 2105 1216 2136 Parm.
1232 2108 1267 2135 et
1284 2103 1338 2135 ed.
1364 2103 1535 2134 Antv.—5
1561 2110 1622 2142 pro
1647 2100 1774 2131 Sancto·

304 2163 386 2192 rum,
400 2152 556 2182 Junthodi
572 2151 636 2183 Ms.
651 2156 760 2189 vetus,
787 2150 877 2181 unde
903 2149 1048 2180 Judithoe
1063 2148 1153 2188 conj.
1170 2147 1290 2179 Barth.
1314 2157 1350 2177 ne
1366 2146 1514 2177 barbarus
1528 2145 1597 2184 leg.
1613 2143 1776 2174 Heius.—

305 2199 328 2226 6
350 2199 421 2226 tuas
434 2195 527 2225 Med.
545 2204 615 2225 sec.
632 2198 784 2225 ceterum
807 2192 926 2223 deerat
943 2192 1006 2224 hoc
1023 2191 1193 2222 distichon
1210 2190 1292 2221 Vat.
1310 2199 1363 2230 pr.
1380 2192 1416 2220 et
1431 2187 1550 2219 Ambr.
1567 2188 1686 2226 piu—7
1709 2184 1777 2226 qui-

306 2247 432 2278 cumque
440 2237 534 2276 ferus
558 2237 640 2268 Vat.
657 2246 707 2277 pr.
734 2235 852 2267 Ambr.
880 2245 931 2276 pr.
965 2234 1149 2266 transiverit
1167 2235 1247 2264 Vat.
1263 2242 1333 2263 sec.
1366 2230 1577 2262 transnaverit
1594 2227 1689 2260 Med.
1708 2236 1777 2258 sec.

306 2280 395 2312 Exc.
412 2281 556 2312 Lueeus.
572 2282 690 2321 pr.—S
725 2279 860 2310 volucris
877 2288 939 2319 pro
955 2279 1089 2310 volucres
1104 2276 1159 2308 ed.
1177 2276 1361 2307 Parn1.-9
1394 2273 1542 2315 rumphea
1557 2271 1678 2304 Ambr.
1696 2273 1778 2303 tert.

972 2390 1120 2424 NOTAE

355 2468 396 2501 In
421 2468 588 2509 Jacobum]
612 2469 690 2501 Hoc
714 2468 936 2510 Epigramma
957 2468 1021 2499 iro·
1075 2467 1154 2498 dum
1184 2470 1221 2497 tu
1253 2465 1342 2496 bibis
1378 2462 1528 2505 egregie,
1557 2465 1593 2494 et
1621 2457 1781 2493 convivas

313 2518 411 2552 nicae
426 2519 460 2551 in
472 2520 607 2551 Ducem
622 2520 853 2551 Christianum
869 2520 1019 2561 quidem,
1077 2516 1225 2549 bibendo
1242 2514 1381 2546 occidis.

314 2571 376 2603 sed
400 2571 551 2602 vinosum
579 2570 761 2609 hominem,
785 2570 951 2611 scriptum
967 2575 1022 2602 est
1119 2570 1137 2597 5
1163 2564 1364 2604 Sanctorum]
1376 2563 1536 2595 Bai-thius
1547 2561 1645 2603 legit,
1658 2561 1714 2593 Sic
1728 2569 1783 2603 ope

316 2631 338 2653 a
363 2621 475 2653 Poeta
504 2621 658 2661 Pagauo,
689 2620 856 2651 irridente
884 2622 1023 2651 Sancto·
1076 2616 1235 2648 Judithae.

314 2680 392 2702 rum
417 2671 452 2702 in
479 2672 580 2702 rebus
600 2670 728 2701 bellicis
757 2670 1024 2710 implorationes.
1121 2670 1141 2698 8
1166 2666 1343 2697 Pharaonis
1357 2664 1441 2707 equi]
1465 2663 1532 2697 Qui
1545 2660 1692 2695 absumti
1706 2663 1784 2693 sunt

317 2719 427 2754 Quasi
451 2720 594 2762 diceret,
617 2721 726 2752 Parce
750 2720 833 2750 meis
859 2719 1026 2760 versibus,
1079 2717 1113 2750 in
1128 2717 1214 2750 mari
1229 2717 1343 2750 rubro.

321 2774 360 2805 et
384 2770 434 2805 sic
457 2770 523 2804 tibi
550 2769 691 2815 faveant
719 2769 831 2803 saneti
856 2770 892 2802 in
922 2769 1026 2811 bello,
