1852 3182
366 226 540 256 PANEG.
576 227 625 255 ΙΝ
663 228 804 258 PROB.
841 229 899 258 ΕΤ
933 231 1078 261 OLYB.
1111 234 1248 263 CONS-

80 326 164 353 tum.
208 321 332 352 Scitius
359 324 482 357 tamon,
519 330 592 350 mea
621 322 778 361 opinione

78 372 172 411 legas
186 372 334 408 secutum,
350 370 438 400 sedis
453 371 622 401 nimirum.
662 372 777 404 Barth.

121 424 162 452 22
187 421 281 451 Haud
292 430 376 450 snt-us
390 431 426 450 ac
442 421 585 461 tut-itam]
614 422 777 454 Acrae-iam

77 471 251 502 Leideusis
274 481 289 500 a
318 471 467 500 secunda
501 482 625 502 mann:
652 478 687 504 ut
720 475 778 504 illa

75 522 171 552 Statii
190 521 377 560 respexerit
395 521 500 551 Theb.
521 531 541 552 ι.
566 526 573 538 ‘
589 524 700 563 qualis
716 534 777 563 per

74 572 188 602 nubila
216 570 358 600 Pha-bos
400 570 539 602 Atracia
574 573 675 604 rubet
703 579 775 605 arte

73 620 189 652 labos-,¹
249 622 364 650 Arcton
408 631 468 659 pro
508 629 609 652 nocte
652 624 775 663 posuit,

71 670 236 712 quomodo
249 670 433 709 Lycaoniam
447 672 583 702 umbram
598 673 685 704 idem
699 675 774 705 Sta-

71 722 136 752 tius
151 721 317 752 Thebaid.
332 732 384 753 ιιι.
412 724 455 754 D.
479 724 588 754 Heius.

114 771 252 802 Tacitum
295 772 384 803 Luna
419 773 586 813 regnante]
636 775 774 806 Partem

68 822 142 853 coeli
175 822 333 859 intelligit
365 824 694 864 Septentrionalem,
718 826 774 855 ubi

67 878 208 914 propter
228 873 315 904 aeris
333 873 570 913 frigiditatem,
596 876 774 906 lucidiores

67 923 187 960 stetim,
200 929 233 954 et
255 924 356 955 Luna>
376 934 516 964 regumn
534 925 696 956 illustrius
710 932 772 957 est.

65 973 184 1004 Barth.

107 1026 148 1054 23
176 1024 289 1055 Fratre
306 1025 421 1066 retuso]
466 1026 598 1056 Rem-uso
615 1027 772 1057 emenda-

66 1079 119 1105 rat
137 1075 167 1105 in
180 1076 265 1106 libro
279 1086 338 1105 suo
354 1086 493 1115 magnus
505 1076 769 1117 Scalige¹·‚qnod

65 1125 316 1164 Raphelengins
348 1126 538 1164 expressit:
569 1126 672 1156 nolim
705 1126 770 1157 fac-

63 1178 145 1204 tum.
194 1175 333 1205 Barthio
351 1175 535 1214 majoribus
557 1176 770 1207 Commenta-

62 1224 118 1254 riis
135 1224 286 1254 arridere
302 1224 401 1255 video
417 1234 555 1255 recusso:
579 1226 669 1266 quod
695 1227 770 1257 Lei·

62 1273 176 1304 densis
193 1278 228 1304 et
252 1274 377 1304 Moreti
396 1274 505 1304 codex
527 1284 603 1305 cum
635 1276 768 1308 duobus

61 1325 135 1356 aliis
151 1323 338 1365 praeferunt
354 1335 360 1355 :
385 1325 552 1365 quomodo
568 1326 576 1341 ‘
592 1336 767 1366 repercus-

62 1385 134 1406 sum
148 1374 264 1405 solem'
284 1374 426 1405 Ovidius
439 1375 536 1407 dixit.
582 1377 766 1416 Vulgatam

61 1426 241 1456 lectionem
269 1425 384 1465 primae
414 1425 582 1456 editiones
603 1431 638 1456 et
657 1427 767 1457 Medi-

61 1485 142 1506 ceus
174 1485 258 1506 unus
289 1485 364 1505 cnm
386 1475 515 1505 duobus
544 1477 718 1507 Vaticanis
733 1482 766 1508 et

62 1526 270 1556 Farnesiano
284 1530 438 1555 tuentur:
459 1525 500 1555 de
513 1536 579 1566 qna
593 1536 657 1556 uon
670 1526 765 1557 dubi-

60 1576 212 1607 tandum.
233 1575 349 1605 Relnso
361 1585 423 1615 pro
436 1575 483 1605 obt
491 1586 557 1606 uso:
574 1576 595 1606 l.
609 1585 646 1606 ιι.
662 1577 763 1616 det.

61 1626 224 1666 Proserp.
243 1626 398 1656 similiter
414 1629 422 1642 ⁴
438 1626 525 1655 hunc
543 1624 656 1656 fronte
674 1632 765 1657 retn-

59 1687 94 1708 sa
111 1677 243 1715 Delius,
255 1677 342 1707 huuc
358 1675 469 1707 fracta
484 1676 650 1716 Cephisus
667 1686 765 1707 arnn-

58 1727 135 1758 dine
148 1727 264 1768 luget!
288 1736 337 1757 lv.
356 1727 458 1757 Cous.
472 1726 561 1757 Hon.
578 1728 586 1743 ‘
603 1727 683 1757 Visa
701 1727 764 1758 eti-

58 1788 109 1808 am
137 1777 250 1808 medio
278 1777 413 1817 populis
438 1776 637 1807 mirantibus
651 1777 763 1808 audax

57 1829 163 1860 Stella
179 1829 244 1866 die,
258 1827 447 1859 dubitanda
463 1827 556 1867 nihil,
582 1837 643 1858 nec
667 1828 762 1859 crine

57 1884 172 1910 retuso
193 1876 392 1918 Languida!
428 1878 536 1910 Quem
553 1877 664 1909 locum
678 1877 762 1909 frus-

59 1934 110 1961 tra
140 1931 277 1961 Delrius
307 1929 466 1960 tentavit.
491 1938 538 1960 vi.
568 1929 669 1960 Cous.
695 1929 763 1960 Ho-

58 1980 156 2018 norii‚
179 1982 187 1997 ‘
205 1980 361 2020 Namque
385 1980 481 2010 velut
511 1980 627 2010 stellas
649 1980 761 2021 Baby-

57 2032 147 2062 lonia
161 2041 239 2061 cura
254 2031 407 2062 salubres
422 2031 565 2072 Optima
575 2037 762 2073 tuncspou-

58 2081 119 2112 det
136 2082 337 2112 mortalibus
362 2081 463 2112 edere
488 2081 571 2120 fata,
591 2084 761 2115 Caelieolae

57 2142 132 2163 cum
150 2133 241 2163 celsa
266 2137 397 2171 tenent,
424 2142 620 2174 summoque
648 2133 762 2165 ferun-

59 2187 114 2214 tur
137 2183 296 2222 Cardine,
319 2193 382 2213 nec
401 2183 510 2214 radios
529 2184 647 2214 humili
665 2185 761 2215 stati-

57 2242 121 2264 one
138 2233 344 2264 retundunt!
390 2234 567 2266 Quomodo
592 2235 660 2265 illic
681 2245 760 2275 quo-

57 2293 122 2325 que
135 2284 201 2314 loci
214 2293 255 2314 ex
274 2285 417 2315 vetustis
432 2284 527 2314 libris
545 2286 759 2317 scribendum

56 2335 192 2366 monui:
215 2335 320 2365 radios
335 2333 489 2373 frangere
515 2335 602 2366 dixit
629 2336 759 2367 Statius

57 2384 265 2417 Achilleidos
304 2395 343 2416 11.
379 2396 444 2417 non
484 2387 634 2417 dissimili
674 2388 760 2427 loco,

54 2435 63 2450 ⁸
81 2435 271 2476 Frangebat
289 2435 400 2467 radios
415 2436 529 2466 humili
544 2437 616 2476 jani
636 2448 759 2477 pronus

58 2484 203 2526 Olympo
223 2487 380 2526 Phoebus,
401 2492 436 2518 et
454 2487 585 2519 Oceani
604 2493 760 2528 penetra·

58 2536 125 2568 bile
141 2537 235 2569 littus
249 2539 376 2569 anhelis
392 2538 623 2570 Permittebat
640 2540 760 2580 equis!

57 2586 114 2618 Ita
139 2588 227 2618 enim
265 2589 365 2628 malo,
397 2599 496 2630 qnam
535 2590 758 2629 I‘romittebat,

58 2637 147 2677 quod
182 2647 269 2669 nunc
307 2640 443 2679 legitur.
491 2642 626 2671 contusa
656 2643 758 2672 sidera

59 2685 147 2717 dixit
180 2688 276 2719 Bello
313 2690 493 2721 Gildonico
523 2697 651 2729 noster,
684 2692 692 2706 ‘
711 2692 756 2723 Et

58 2741 200 2768 contusa
225 2748 325 2778 vagos
341 2741 537 2780 jaculentur
563 2741 677 2772 sidera
692 2742 756 2773 ‹tri-

57 2787 148 2819 ncsz'
170 2786 219 2819 sic
235 2789 324 2819 enim
345 2791 595 2832 antiquissimus
611 2791 756 2832 Gyraldi

1421 229 1534 270 1215

831 323 927 362 liber,
954 328 989 354 et
1020 326 1115 355 inulti
1144 326 1214 355 alii.
1262 327 1371 361 Vulgo
1395 332 1532 368 confusa,

830 372 981 404 Avienus
995 375 1025 404 in
1049 376 1279 415 prognosticis
1296 377 1337 407 ‹h—
1358 380 1463 419 Luna,
1477 383 1485 398 ‘
1505 384 1530 413 si

829 424 975 455 crassior
1000 431 1101 467 atque
1139 428 1259 457 retusi<
1289 428 1458 459 Cornibus
1487 432 1534 462 in-

828 474 1007 513 greditur.'
1035 482 1068 506 et
1082 477 1203 517 Vir-gil.
1217 477 1343 515 Geor-g.
1368 487 1390 509 1.
1414 480 1422 494 ‘
1441 480 1533 512 Pura

828 534 891 554 nce
910 525 1038 556 obtusis
1053 536 1113 566 per
1128 528 1249 558 coelmn
1264 529 1424 560 cornibus
1439 530 1499 561 ibit
1513 532 1533 562 :'

828 579 861 603 et
894 574 1030 607 ibidem.
1061 579 1069 592 ⁴
1088 577 1173 607 Nam
1203 588 1312 618 neque
1331 583 1401 609 tum
1424 581 1532 612 stellis

827 624 917 655 acies
933 626 1050 656 obtusa
1070 627 1228 659 videtur)
1267 629 1406 670 Statius,
1424 631 1531 664 Theb.

827 683 861 704 x.
886 676 894 690 ‘
914 675 977 706 Iris
989 682 1023 707 et
1037 677 1194 709 obtusum
1210 679 1425 720 multojnbar
1439 683 1532 712 exci-

827 730 878 756 tat
896 726 990 765 igni.’
1013 728 1068 758 Sic
1083 734 1117 759 et
1132 729 1271 760 hebetari
1283 730 1385 760 sidera
1397 731 1479 762 Silio
1495 737 1530 762 et

826 775 959 807 Avieno
976 777 1082 816 (licta,
1113 779 1221 810 hebere
1246 780 1396 819 Lucano,
1419 781 1529 813 Statio

826 836 864 857 ac
881 834 997 858 nostro
1010 830 1167 868 languere.
1198 830 1242 861 D.
1260 831 1378 861 Heius.

868 878 1007 909 Sidereoe
1033 882 1142 911 cedunt
1164 881 1260 921 acics]
1300 882 1404 912 Matri
1437 883 1530 913 nimi-

824 937 920 958 rum:
962 939 1026 960 non
1054 930 1199 971 injuria;
1230 932 1405 963 stellarum
1438 934 1527 964 enim

821 983 932 1007 mater
947 978 1046 1010 Luna.
1094 981 1244 1012 Ordines
1263 983 1345 1013 dicit
1361 986 1443 1014 acies
1457 984 1528 1015 sive

822 1027 971 1059 chorum.
1018 1029 1140 1070 Inepte
1164 1031 1313 1070 Delrius,
1334 1034 1389 1072 qui
1408 1044 1527 1065 comm.

821 1078 855 1107 in
894 1078 1034 1110 Senecae
1074 1080 1258 1120 Hippolyt.
1299 1082 1401 1119 jin-ies
1432 1084 1526 1123 legit.

821 1128 1040 1169 Comparatio
1056 1130 1175 1161 similis
1190 1131 1222 1161 in
1243 1132 1387 1163 Horatio
1406 1144 1413 1163 :
1441 1136 1449 1150 ‘
1468 1134 1528 1164 mi-

820 1183 875 1209 cat
892 1179 981 1210 inter
1005 1190 1121 1211 omnes
1145 1181 1272 1213 Juliurn
1303 1183 1408 1222 sidus,
1433 1185 1527 1216 velut

819 1229 910 1260 inter
927 1230 1021 1270 ignes
1036 1232 1131 1262 Luna
1147 1231 1319 1264 minores?
1343 1234 1460 1265 Barth.

861 1284 901 1311 24
926 1282 1070 1312 AEmulus
1097 1282 1194 1323 orbis]
1241 1284 1382 1314 Plenum
1421 1286 1524 1318 Lnnae

819 1330 936 1361 orbem
961 1332 1056 1362 dicit.
1081 1332 1282 1364 Petronius:
1309 1336 1316 1351 ‘
1342 1335 1526 1368 Delectata

819 1381 876 1411 illa
893 1381 966 1411 risit
983 1386 1051 1412 tam
1077 1382 1251 1421 blandum⁷
1275 1389 1312 1415 ut
1336 1385 1415 1415 mihi
1432 1386 1523 1417 vide-

819 1439 915 1464 retur
939 1435 1075 1474 plenum
1100 1444 1136 1465 os
1161 1441 1259 1467 extra
1283 1436 1404 1467 unbem
1430 1439 1525 1470 Luna

819 1484 996 1524 proferre.¹
1019 1485 1110 1523 Ergo
1140 1487 1281 1517 AZmulus
1310 1487 1404 1526 orbis,
1426 1490 1523 1530 quasi

818 1544 933 1574 parem
954 1536 1172 1576 splendorem
1189 1537 1459 1580 dignitatemque
1473 1539 1523 1571 af.

817 1583 976 1616 sectaret.

857 1635 1007 1666 Adversis
1037 1636 1176 1675 ignibus]
1223 1637 1278 1667 Ab
1302 1639 1519 1678 oppositione

815 1686 905 1716 enim
928 1687 1015 1717 Solis
1031 1688 1240 1718 illuminatur
1255 1688 1359 1718 Lnnae
1379 1689 1495 1727 globus
1511 1701 1518 1720 :

815 1740 851 1766 et.
866 1741 935 1766 tum
952 1737 1047 1767 Luna
1059 1737 1276 1772 obscuratur,
1288 1747 1390 1776 quum
1406 1738 1520 1770 Solem

814 1796 879 1817 non
897 1787 1027 1827 excipit
1045 1787 1236 1818 adversum.
1269 1787 1388 1818 Barth.

856 1840 896 1868 25
920 1837 1021 1868 Jubar
1045 1837 1190 1878 Arcturi]
1223 1837 1303 1877 Ipse
1326 1837 1517 1870 Arcturus:

805 1886 909 1927 jubar
935 1888 1024 1918 enim
1047 1889 1223 1919 stellarum
1248 1886 1370 1926 fulgor.
1417 1888 1469 1919 Sic
1483 1893 1519 1920 et

812 1937 926 1968 Leonis
940 1938 1000 1976 ira,
1013 1948 1073 1978 pro
1091 1938 1165 1978 ipso
1183 1938 1309 1968 Leone.
1342 1938 1458 1968 Barth.

842 1990 898 2019 ,26
922 1987 1121 2028 Intermicat]
1159 1987 1266 2018 Modo
1284 1988 1400 2028 micat,
1416 1988 1517 2020 modo

814 2039 1029 2078 obscuratur,
1059 2040 1200 2080 perque‘
1220 2040 1404 2070 intervalla
1427 2041 1516 2071 reln-

813 2099 907 2128 cenS‚
922 2090 1058 2120 tandem
1077 2090 1169 2120 cedit
1190 2090 1307 2120 Lunae.
1340 2090 1451 2121 Barth.

855 2143 894 2170 27
923 2141 1140 2179 Caligantz'bus
1156 2139 1266 2179 armis]
1305 2140 1445 2171 Orionis
1472 2141 1515 2172 si-

812 2190 874 2220 dus
885 2197 1049 2221 armatum
1062 2191 1260 2228 rinahnemo
1271 2190 1390 2221 nescit.
1409 2190 1516 2223 Ovid.

813 2241 871 2272 lib.
896 2251 978 2274 Χιιι.
1018 2243 1258 2283 ‘nitidumque
1289 2242 1428 2273 Orionis
1459 2253 1514 2274 en·

813 2292 906 2322 seni)
933 2294 1048 2324 Barth.

854 2347 896 2375 29
922 2344 1116 2384 Quis-sactu]
1139 2345 1189 2375 Ne
1207 2345 1278 2375 scil.
1294 2343 1374 2376 fatis
1388 2345 1514 2376 adscri-

813 2395 912 2425 batur
940 2396 1043 2426 honos
1069 2395 1196 2426 virtute
1229 2401 1358 2434 partus.
1407 2396 1512 2426 Facta

812 2445 901 2475 cuim
919 2451 997 2477 sunt
1016 2452 1201 2477 memoratu
1227 2446 1339 2486 dignae
1364 2456 1416 2476 res
1434 2455 1509 2486 ges-

812 2500 867 2526 toe.
914 2495 979 2526 Alii
1010 2496 1084 2534 suta
1116 2497 1248 2535 legunt,
1281 2506 1341 2536 per
1366 2506 1442 2537 quae
1475 2500 1510 2526 et

812 2546 914 2576 vitain
932 2557 1064 2576 onmem
1081 2546 1245 2577 denotare
1263 2546 1430 2576 videntur.

853 2599 894 2626 30
920 2596 1057 2637 Nimius]
1109 2597 1306 2633 lnnnensm,
1351 2604 1507 2625 summas,

811 2646 986 2687 Apuleius,
1014 2647 1071 2678 lib.
1097 2656 1175 2677 vm.
1219 2646 1414 2677 ‘Abactum
1445 2644 1509 2674 sibi

809 2705 911 2728 nocte
939 2698 1069 2728 asinum
1111 2698 1362 2738 perquirenn-s,
1406 2694 1506 2725 nimio

808 2748 921 2779 studio
937 2755 1063 2779 cuncta
1079 2747 1266 2777 diversoria
1290 2743 1508 2776 scrutantur!

850 2800 888 2828 31
922 2798 1003 2828 Vivit
1020 2798 1133 2837 adhuc]
1168 2796 1341 2834 lutegrmu
1365 2793 1514 2841 gloriam-
