1852 3182
503 190 566 218 DF.
601 191 775 222 MALLll
810 195 992 228 'rili-ton.
1026 201 1162 230 CONS.

102 276 204 308 mium
224 282 394 310 tantorum
415 281 565 312 laborum
583 282 665 314 dicit
680 284 806 315 Consu-

102 327 221 366 latum,
237 339 336 369 quem
354 332 472 361 suunni
487 332 621 362 honoris
636 334 708 364 loeo
728 336 806 366 viris

101 378 243 408 eruditis
273 380 469 411 tribuebant
503 382 692 422 Principes,
718 388 805 417 uude

104 432 283 468 tantopere
299 439 337 459 eo
357 431 468 469 paullo
486 437 562 461 ante
581 432 722 465 donatus
740 438 808 475 glo-

101 477 211 508 riatur
231 478 409 517 Ausonius,
435 480 562 510 Plinius
582 482 806 524 Panegyrico.

100 527 217 560 Bar-m.

145 581 207 609 257
234 580 382 620 Illumque
397 581 553 623 habitum]
587 585 805 618 Consularem

103 631 231 668 togam.

145 679 213 714 Quo
224 680 378 719 jungitur
392 683 471 712 ‹1111oe
490 683 603 723 Curia]
641 685 805 717 Consula-

99 726 143 758 ris
156 727 392 768 Imperatoria*
411 732 574 773 dignitas.
619 732 697 767 Non
715 738 803 768 euim

98 778 201 809 ullum
219 780 363 820 legimus
378 792 419 812 ex
433 784 687 822 magistratibus
702 787 803 817 alium

99 831 287 871 suscepisse
308 832 498 873 Principes,
517 845 619 874 penes
636 846 717 876 quos
736 838 804 877 ple-

97 889 177 910 num
200 882 349 912 omnium
378 893 488 914 rerum
516 885 692 917 arbitrium
718 893 802 920 erat.

100 930 218 962 Barth.

140 985 204 1014 258
221 983 326 1015 Socios
337 995 476 1025 proceres
487 997 555 1018 cum
576 989 722 1029 Principe
728 990 803 1028 jun-

96 1032 164 1072 git]
188 1032 276 1064 Socio
303 1041 447 1075 quatuor
470 1038 601 1078 scripti.
625 1040 802 1070 concinne.

100 1082 148 1113 sic
166 1089 202 1114 et
216 1084 558 1125 Bartliiojudciante.
576 1097 651 1118 mox
663 1089 803 1128 refloruit

98 1141 161 1172 pro
177 1133 320 1173 refloreat
347 1141 492 1176 quatuor
517 1137 607 1168 libri.
637 1140 743 1177 patuit
771 1149 804 1170 e-

99 1182 180 1214 tiam
207 1188 242 1215 et
265 1188 329 1215 stat
356 1186 538 1226 legendum
561 1197 636 1219 cum
660 1189 804 1221 meliori-

96 1233 168 1265 bus.
192 1235 248 1266 alii
271 1239 378 1275 pateat
402 1242 437 1268 et
460 1240 541 1271 stet:
571 1239 659 1279 quod
677 1239 803 1271 frustra

98 1289 237 1315 secutus
253 1286 517 1327 Raphelengius.
557 1289 629 1320 Stat
646 1290 732 1320 labor
746 1301 803 1331 op-

97 1335 199 1365 timus
227 1337 413 1368 Vaticanus
440 1344 474 1370 et
502 1342 651 1371 Crescunt
673 1342 804 1373 virtutes

97 1385 199 1425 paulo
231 1392 322 1417 ante.
384 1389 662 1431 Raplielengiana
700 1393 801 1423 lectio

97 1435 276 1467 Bartliium
300 1438 404 1469 habet
431 1440 710 1480 approbatorem.
756 1443 799 1473 D.

97 1485 212 1517 Heius.

139 1539 203 1568 259
229 1538 327 1574 Quem
343 1539 465 1580 qnater]
490 1540 589 1572 Anno
607 1543 696 1573 enim
713 1543 801 1574 Con-

97 1587 240 1618 sulatum
258 1589 378 1619 Manlii
396 1591 617 1630 praecedente
641 1599 800 1633 quartum

96 1647 172 1668 eum
195 1638 358 1669 honorem
384 1641 487 1679 gessit
515 1641 687 1673 Honorius
714 1643 800 1684 Imp.

95 1686 196 1719 Anno
214 1689 405 1720 Christiano
427 1693 499 1721 398.

138 1737 286 1776 Perfecto
321 1739 415 1780 anno]
467 1740 616 1781 Expleto
653 1752 672 1773 a
711 1753 799 1776 sese.

93 1788 799 1830 Stringitfatuametinertemambitionem

94 1840 276 1871 multorum
303 1845 397 1872 retro
424 1841 630 1882 principum,
653 1844 709 1883 qui
726 1845 798 1883 plu-

95 1899 150 1921 res
175 1891 380 1922 Consulatus
399 1891 535 1922 nomine
558 1896 690 1923 tantum
717 1893 798 1924 inie-

95 1944 186 1980 runt,
202 1941 318 1981 paucis
335 1940 452 1972 diebus
468 1942 647 1981 gerendos.
672 1943 787 1974 Barth.

136 1993 199 2021 263
227 1991 366 2021 Oruetur
386 1991 537 2031 propriis]
564 1992 691 2023 Eadem
709 2004 797 2025 com-

93 2041 235 2072 mendat
251 2042 286 2073 in
300 2041 487 2073 Stilichone
504 2051 543 2074 11.
560 2043 725 2074 Laudum.

137 2091 285 2132 Propriis
320 2091 477 2123 industria
505 2093 608 2132 donis]
659 2093 797 2125 Meritis

93 2141 188 2172 nulla
202 2142 400 2181 ambitione,
416 2143 516 2174 nullis
530 2143 627 2174 donis
645 2144 707 2183 ipsi
719 2145 796 2174 sub-

94 2192 224 2223 tractis.
258 2192 340 2232 Ipsa
355 2193 444 2223 enim
462 2194 567 2224 virtus
581 2203 716 2225 suorum
732 2194 796 2225 sibi

95 2241 260 2273 donorum
277 2249 386 2273 mater
403 2249 467 2274 est.
493 2244 608 2274 Barth.

136 2295 201 2324 264
217 2293 374 2334 Ambitus,
387 2294 529 2334 invidia]
553 2295 720 2326 Portenta
730 2295 796 2327 duo

93 2342 316 2374 humanorum
344 2344 496 2375 laborum
523 2346 645 2386 quibus
688 2346 796 2377 virtus

94 2393 218 2433 saepius
230 2404 330 2435 quam
344 2395 413 2425 ulla
425 2396 455 2426 vi
468 2396 581 2426 hostili
592 2397 796 2436 concutitur,

94 2448 131 2475 et
148 2445 295 2484 praemiis
309 2446 532 2486 ingenuitatis
549 2457 615 2478 suae
632 2447 797 2479 interver-

94 2494 192 2526 titur.
218 2495 317 2528 Idem.

136 2547 201 2576 266
224 2546 298 2578 Non
318 2547 368 2579 hic
381 2548 499 2579 violata
514 2548 645 2588 curulis]
682 2549 720 2580 In
749 2550 797 2580 iu-

94 2594 219 2626 vidiam
246 2596 476 2630 Orientalium
499 2599 647 2640 partium
668 2600 732 2631 hoc
747 2600 796 2630 di-

93 2645 155 2685 cit,
185 2646 308 2686 quibus
344 2649 567 2681 Consulatum
606 2650 683 2681 iniit
719 2660 795 2681 cum

93 2695 216 2728 Mallio
242 2697 306 2729 hoe
331 2703 448 2731 nostro
474 2701 660 2742 Eutropius
683 2701 796 2733 Eunu-

95 2745 188 2778 chus.
211 2745 309 2779 Idem.

1451 199 1560 241 14:39

901 290 963 319 207
988 290 1160 331 lucescant]
1199 295 1452 338 Contemeraut,
1491 302 1559 332 vio-

859 337 942 370 lant.
988 341 1166 381 Virgilius:
1192 346 1200 360 ‘
1221 350 1394 387 totamque
1413 351 1557 383 incestat

859 387 977 419 sunere
991 392 1156 423 classem!
1190 394 1345 426 lucas-tare
1362 398 1402 428 tle
1420 403 1559 432 mortuis

860 437 996 479 dii-itur,
1021 451 1162 481 quorum
1189 449 1300 474 tactus
1318 446 1560 483 abominabilis.

861 489 957 520 Idem.

902 542 964 569 205
989 542 1127 582 Solisque
1148 547 1284 581 gerenda
1306 547 1471 588 Patribus]
1504 550 1559 580 Se-

859 590 1033 619 nator-ibus
1050 597 1083 621 et
1103 593 1192 624 viris.
1220 595 1316 626 Ideni.

901 642 964 668 209
989 640 1095 670 Itomoe
1125 643 1225 673 lutura
1250 647 1411 687 pudorem]
1445 648 1500 679 Sic
1525 649 1557 680 in

858 688 1080 728 Eutropium:
1107 694 1115 708 ‘
1131 692 1207 722 Heu
1226 695 1301 724 cicli
1320 701 1486 737 terraeque
1501 709 1559 738 pu-

857 737 934 768 dor!
973 740 1130 772 trabeata
1159 752 1221 781 per
1252 744 1369 775 urbem
1400 746 1560 779 Ostenta-

857 792 910 818 tur
927 798 1021 827 anus,
1038 791 1240 833 titulumque
1257 794 1441 828 etl'oemiuat
1459 799 1559 831 anui.’

858 837 952 868 Idem.

898 891 961 918 270
1006 890 1164 931 Votorum]
1211 894 1381 927 Bonorum
1425 908 1558 931 sueces-

854 947 961 968 sunm.
987 939 1084 972 Idem.

898 993 954 1020 271
973 991 1088 1022 ,ionius
1102 994 1198 1034 lucos]
1218 995 1390 1028 Musarum
1409 1000 1556 1030 eliorum.

855 1041 1042 1081 Papinius:
1070 1045 1078 1059 ‘
1098 1046 1218 1085 Neque
1236 1048 1324 1078 enim
1341 1048 1485 1079 Aonium
1501 1060 1555 1082 ne-

855 1100 928 1120 mus
946 1091 1074 1123 advena
1091 1094 1207 1132 pulso)
1230 1095 1326 1127 Idem.

897 1143 960 1170 272
986 1142 1078 1172 Felix
1107 1143 1256 1184 Helicon]
1291 1147 1410 1177 Omnis
1437 1149 1556 1180 chorus

855 1190 1047 1223 liberaliter
1098 1193 1309 1226 eruditorum
1371 1197 1555 1230 homiuum.

859 1243 952 1273 Idem.

896 1295 958 1323 273
984 1293 1275 1333 Riseruutfloribus
1291 1297 1407 1337 amnes]
1435 1299 1556 1331 Rubue-

854 1345 926 1372 ruut
943 1344 1090 1382 optimus
1108 1344 1306 1376 Vaticanus.
1353 1352 1390 1377 ut
1417 1348 1554 1388 Nuptiis

854 1393 1017 1424 Honorii:
1043 1394 1051 1409 ‘
1070 1394 1240 1425 Mavortia
1257 1397 1353 1436 signa
1371 1397 1555 1430 rubescunt

853 1443 1029 1475 Floribus.'
1065 1445 1124 1475 sed
1150 1446 1420 1479 nilmutaudum.
1468 1450 1553 1480 vide

853 1503 927 1533 quae
945 1495 1057 1525 notavi
1078 1496 1118 1525 ad
1145 1496 1316 1528 Nasonem
1336 1498 1474 1529 Metam.
1495 1508 1553 1530 xv.

853 1553 900 1574 vs.
914 1547 988 1575 205.
1014 1546 1057 1576 D.
1075 1546 1187 1577 Heius.

896 1594 1196 1635 Riseruntfloribus]
1215 1596 1335 1627 Subito
1347 1598 1433 1628 natis
1448 1608 1454 1628 :
1480 1607 1555 1638 por-

852 1649 981 1675 tentum
999 1646 1085 1675 euim
1104 1646 1275 1676 laetiticum
1293 1647 1432 1677 iudicat.

893 1696 989 1726 Docti
1001 1696 1118 1735 ammes]
1140 1697 1207 1728 Qui
1224 1696 1344 1727 doctos
1356 1696 1483 1727 fuciunt
1497 1706 1554 1737 po-

851 1749 954 1776 tores.
981 1746 1094 1776 Barth.

892 1799 953 1827 275
979 1797 1083 1827 Rodio
1098 1796 1316 1837 descripserat]
1352 1796 1404 1827 ΑιΙ
1423 1797 1553 1828 Mathe·
1582 1803 1585 1806 '

850 1846 900 1876 sin
931 1846 1051 1876 Manlii
1082 1846 1186 1876 nostri
1225 1847 1387 1885 pertinet,
1415 1856 1480 1878 non
1510 1847 1551 1878 ad

849 1895 984 1926 Poc'sin.
1009 1896 1106 1926 Idem.

891 1948 953 1976 277
977 1945 1100 1975 Limina
1110 1945 1224 1986 nostri]
1248 1944 1385 1977 Allusus
1402 1956 1472 1977 mos
1486 1947 1551 1978 Ro·

848 2005 966 2026 manus
985 2005 1049 2035 quo
1075 1995 1175 2026 officii
1203 1996 1314 2036 gratia
1338 2006 1444 2028 novus
1461 1998 1547 2029 Con-

847 2045 898 2075 sul
926 2044 1178 2084 producebatur
1204 2044 1246 2075 ab
1270 2045 1386 2076 amicis
1411 2047 1551 2088 aliisque

849 2094 1060 2134 proceribus,
1071 2094 1112 2125 ad
1124 2095 1368 2135 capessendum
1379 2096 1551 2128 honorem.

849 2144 947 2175 Idem.

890 2199 953 2227 278
981 2195 1116 2227 Visimus
1129 2195 1224 2235 oedes]
1254 2196 1339 2227 Post
1363 2197 1451 2227 liunc
1479 2207 1551 2229 ver-

831 2256 919 2288 ‚sum
943 2246 977 2277 in
1004 2245 1131 2285 optimo
1147 2246 1329 2286 Vaticano,
1352 2246 1454 2287 priori
1472 2247 1551 2278 Lei-

849 2297 956 2336 densi,
973 2301 1008 2327 et
1031 2306 1097 2327 uno
1125 2297 1249 2327 Moreti
1265 2297 1351 2328 libro
1367 2297 1452 2328 alius
1468 2298 1550 2338 legi·

849 2353 915 2388 tur,
932 2358 1031 2389 quem
1049 2358 1108 2379 suo
1125 2348 1200 2379 loco
1217 2348 1435 2379 inserendum
1453 2358 1549 2380 cura-

847 2397 969 2429 vimus.
1024 2397 1229 2429 Oxoniensis
1257 2403 1294 2429 et
1330 2398 1548 2429 Lovaniensis

848 2448 1004 2479 codicum
1039 2448 1183 2488 margini
1221 2449 1324 2479 etiam
1356 2448 1548 2488 adscriptus

847 2504 932 2531 erat.
976 2500 1043 2532 Qui
1075 2504 1188 2531 tamen
1214 2509 1328 2531 omnes
1353 2503 1549 2530 constanter

848 2550 963 2580 Notior
983 2553 1027 2580 est
1044 2550 1214 2581 Stilichone
1229 2552 1344 2580 domus.
1368 2550 1459 2579 nullo
1475 2558 1547 2579 sen-

847 2610 896 2631 su.
942 2601 1057 2632 Quare
1075 2600 1318 2631 admittendam
1336 2599 1451 2629 censui
1472 2598 1546 2629 feli-

846 2650 1014 2681 cissimam
1032 2650 1193 2690 Gasparis
1207 2648 1360 2679 Gevartii
1374 2647 1547 2687 conjectu-

847 2710 918 2731 ram
943 2700 1156 2740 reponentis:
1187 2698 1302 2728 Notior
1323 2700 1367 2728 est
1395 2696 1545 2729 Helicone

843 2751 958 2782 domus.
981 2748 1149 2791 quomodo
1162 2757 1222 2790 per
1238 2748 1352 2779 literas
1368 2756 1421 2779 me
1434 2756 1544 2789 nuper
