1851 3213
270 219 286 260 1
296 217 381 260 428

269 327 374 364 atque
401 319 639 361 compositum,
664 323 830 350 astrorum
859 327 976 348 cursus

269 374 452 414 intelligit3
477 377 593 404 vatum
612 372 818 412 optimorum
836 379 976 401 consen·

270 435 343 456 sum
361 424 524 455 imitatus.
550 422 724 459 Manilius,
742 421 801 451 lib.
818 429 859 450 11.
882 419 976 459 ‘Sig-

266 483 456 515 norumque
472 474 604 510 choros,
628 476 663 502 et
678 471 792 501 mundi
820 469 977 501 flammea

270 523 388 556 tecta!
437 524 557 553 Chorus
574 522 661 551 enim
677 521 901 561 compositum
920 530 978 560 ag-

266 583 359 612 men,
384 573 574 612 scitumque
592 581 690 602 omne
719 571 875 610 denotat,
900 580 974 602 eum

267 625 353 656 nihil
382 626 498 654 laetuin
531 621 604 653 fere
635 622 823 653 haberetur
854 621 975 662 priscis

270 674 418 706 Graeciae
451 673 584 704 vatibus
605 673 675 703 sine
703 672 847 710 choreis,
871 671 977 702 chori-

268 734 334 765 que
358 723 511 754 omnibus
527 722 699 760 adessent,
712 722 828 760 sacris,
843 720 977 760 fabulis,

268 775 369 814 ludis,
385 774 560 806 conviviis.
578 774 640 803 Est
656 773 744 802 enim
761 773 882 802 chorus
902 781 978 812 pro-

268 825 380 866 prium
409 823 664 854 concinentium
687 820 874 860 hominum,
892 825 927 851 et
943 820 978 850 in

268 884 426 907 coronam
444 873 602 904 orbemve
626 871 821 902 coeuntium
846 880 976 910 agmen.

313 923 528 965 Implcrz'tque]
568 922 733 963 Impulerit
757 922 824 952 aiii.
865 922 978 961 Imple-

268 976 326 1016 rit,
342 976 409 1007 suis
426 974 627 1014 confecerit,
640 973 840 1012 absolverit,
861 982 979 1004 nume-

270 1027 328 1058 ris.
352 1027 470 1057 Barth.

314 1076 539 1117 Impuleritque
554 1075 675 1115 choros]
700 1075 779 1106 Hoc
796 1078 862 1115 est,
879 1074 978 1105 caelo·

270 1137 344 1158 rum
361 1137 403 1157 ex
420 1131 517 1156 motu
544 1131 763 1163 concentum,
789 1125 831 1155 de
849 1135 915 1165 quo
932 1125 978 1154 A·

269 1176 468 1218 pollinaris:
504 1175 669 1206 ‘solidum
696 1175 857 1215 princeps
889 1173 979 1214 quod

269 1227 406 1258 Musica
427 1225 589 1255 mundum
608 1225 807 1263 Temperet,
823 1229 858 1254 et
875 1223 979 1254 certis

270 1280 475 1308 concentum
493 1274 616 1304 reddat
642 1274 683 1304 ab
702 1272 827 1304 astris!
859 1273 979 1303 Deli-io.

316 1326 384 1361 Quo
401 1325 487 1355 viz-at
510 1324 654 1355 machina
675 1323 777 1363 motu]
816 1323 900 1356 Quis
923 1323 979 1353 ille

270 1377 315 1408 sit
340 1376 493 1417 spiritus,
507 1375 565 1416 qui
588 1373 749 1405 mundum
764 1383 893 1404 omnem
911 1383 978 1404 mo-

270 1432 365 1466 veat,
381 1431 416 1457 et
433 1427 525 1456 intus
553 1431 645 1466 agat.
693 1426 814 1456 Multis
829 1425 871 1456 de
888 1426 952 1456 hoc
970 1437 978 1464 ;

270 1477 350 1507 Deo
374 1485 497 1515 nempe
532 1476 620 1516 ipso,
650 1476 796 1506 Timaeus
837 1476 979 1514 Locrus,

272 1526 414 1557 Ocellus
433 1526 602 1565 Lucanus,
625 1525 842 1562 Aristoteles,
869 1526 980 1557 Plato.

272 1578 372 1608 Motu
390 1582 503 1607 autem
533 1576 617 1607 vivit
643 1577 810 1615 machina,
831 1576 979 1617 alioquin

271 1628 478 1659 subsessura.
523 1627 696 1663 Manilius,
712 1626 769 1657 lib.
788 1635 827 1657 11.
851 1627 860 1642 ‘
876 1627 980 1657 Nam-

272 1687 337 1718 que
354 1687 472 1707 canam
491 1677 596 1707 tacita
622 1676 765 1707 Naturae
788 1681 901 1708 mente
924 1687 980 1717 po-

272 1731 404 1759 tentem
429 1725 655 1767 Infusumque
672 1728 785 1757 Deum
802 1727 897 1766 coelo,
913 1732 980 1757 ter-

273 1778 400 1818 risque,
435 1776 608 1816 fretoque,
646 1776 826 1816 Ingentem
857 1777 980 1817 aequali

274 1828 514 1860 moderantem
555 1826 686 1857 foedere
732 1827 876 1867 molem,'
916 1830 979 1859 Sec.

274 1879 391 1911 Barth.

317 1932 378 1961 103
403 1928 519 1960 Sidera
566 1926 636 1966 cur]
682 1927 845 1959 Planetas
881 1927 978 1959 dicit.

273 1980 374 2011 Idem.

319 2032 380 2060 105
404 2030 457 2060 An
484 2029 617 2069 geminae
653 2033 833 2061 convertant
863 2031 981 2061 (ethera

273 2079 404 2119 mentes]
440 2080 628 2110 Contrariae
661 2079 791 2111 scilicet
825 2079 913 2118 duae,
943 2084 982 2110 ut

273 2130 387 2161 omnia
402 2131 467 2161 alia
483 2130 670 2161 secuudum
687 2130 781 2162 litem
798 2130 894 2162 fiunt.

317 2181 460 2221 Mentes]
483 2182 556 2212 Dii.
582 2182 691 2212 Deum
723 2182 812 2212 enim
836 2181 980 2212 animam

273 2235 491 2271 mentemque
510 2231 674 2261 machinae
702 2231 802 2271 hujus
833 2231 980 2261 universi

273 2281 396 2312 statuit
412 2283 518 2312 omnis
548 2292 628 2312 vere
642 2282 850 2322 sapientium
868 2282 981 2312 Philo-

274 2332 456 2372 sophorum
473 2333 603 2364 Schola.
627 2333 806 2373 Virgilius:
832 2334 842 2350 ‘
860 2339 979 2365 totam-

275 2392 341 2423 que
357 2380 468 2412 infusa
487 2392 547 2421 per
563 2390 658 2413 artus
676 2384 774 2414 Mens
792 2384 900 2424 agitat
914 2394 981 2414 mo-

274 2431 365 2463 lem.'
390 2432 508 2462 Barth.

319 2485 382 2513 106
415 2482 505 2512 Sitne
551 2484 632 2513 color
676 2485 821 2524 proprius
864 2486 982 2526 rerum]

273 2532 403 2572 Magna
415 2531 622 2572 disceptatio
646 2533 735 2564 inter
749 2535 982 2575 Philosophus,

273 2582 357 2612 color
372 2581 431 2622 qui
448 2581 555 2611 visum
573 2582 676 2620 subit,
697 2583 784 2614 sitne
815 2585 850 2614 in
869 2585 982 2623 rebus,

273 2642 316 2664 an
347 2632 431 2662 lucis
459 2633 601 2671 appulsu
631 2639 826 2672 generetur,
856 2634 981 2674 ipsisve

275 2682 449 2714 oculorum
468 2681 569 2712 radiis
587 2682 725 2723 confiat,
747 2684 847 2725 inque
865 2685 902 2714 iis
919 2684 981 2714 dif-

274 2730 454 2762 ferentiam
472 2741 564 2761 suam
586 2731 704 2763 faciat.
748 2733 837 2764 Vide
851 2734 981 2766 Stobaei

277 2781 498 2814 collectanea
513 2781 675 2825 Physica,
692 2792 769 2825 cap.
788 2786 840 2816 19.

483 225 628 257 NOTAE
661 224 928 255 VARIORUM
966 223 1016 253 [N
1051 223 1126 253 CL.
1160 222 1343 253 CLAUD.
1378 220 1508 251 XVII.

1067 316 1220 357 Luc-isque
1235 314 1372 355 repulsu]
1396 314 1506 355 Lege:
1544 310 1635 343 Sitne
1650 312 1730 343 color

1025 367 1169 406 proprius
1183 375 1297 405 rerum,
1309 364 1419 395 lucisve
1435 363 1581 404 repulsus.
1626 362 1732 402 Ipsis-

1028 417 1110 447 sima
1137 417 1294 447 veritate.
1348 414 1537 445 Haereatne
1565 413 1600 443 in
1629 413 1731 444 rebus

1027 468 1130 508 color,
1158 478 1200 498 an
1232 465 1443 506 repulsiones
1479 463 1564 495 lucis
1592 463 1732 506 eludant

1027 517 1134 548 aciem
1151 518 1340 555 oculorum,
1356 514 1557 555 fingantque
1584 513 1730 545 colores.

1027 567 1144 598 Barth.

1068 619 1220 659 Lat-isque
1249 616 1388 658 repulsu]
1412 615 1574 646 Meliores
1603 614 1732 646 lucisne.

1026 670 1127 702 iidem
1158 671 1258 711 paulo
1283 674 1362 700 ante
1388 668 1535 699 variisne.
1557 666 1730 707 quomodo

1028 720 1189 751 Bai-thius
1221 720 1439 759 conjecerat:
1478 718 1542 748 hoc
1573 717 1647 748 loco
1674 717 1733 748 ille

1028 770 1124 800 malit
1148 769 1260 800 lucisve
1284 769 1422 808 repulsus
1449 769 1588 798 Eludant
1613 768 1712 799 aciem
1727 779 1738 799 .·

1028 829 1128 859 quam
1158 818 1381 849 mutationem
1412 817 1548 849 minime
1578 828 1733 850 necessa-

1028 869 1110 900 riam
1126 869 1226 899 duco.
1254 869 1301 899 D.
1319 868 1432 898 Heius.

1073 922 1134 950 107
1158 918 1248 950 Luna
1275 919 1430 949 Recursus
1450 918 1572 949 nutriat
1601 916 1734 959 Oceani]

1029 969 1160 1000 AEstum
1174 970 1244 1000 sive
1268 969 1576 1009 reciprocationem
1599 969 1733 1001 Oceani

1029 1019 1127 1058 dicit,
1152 1019 1342 1060 ignorabile
1359 1024 1556 1059 portentum
1581 1019 1738 1058 Naturae,

1029 1070 1140 1100 causis
1168 1079 1304 1110 semper
1328 1069 1490 1108 latituris,
1518 1069 1561 1100 ad
1587 1068 1737 1100 Lunaria

1030 1124 1144 1150 tamen
1169 1120 1396 1159 incrementa,
1411 1120 1580 1161 horasque
1597 1120 1669 1160 ejus
1694 1119 1736 1151 si-

1031 1170 1121 1200 deris
1137 1169 1224 1209 fieri,
1240 1179 1292 1200 res
1310 1169 1531 1200 demonstrat.

1075 1221 1153 1254 Quoe
1178 1220 1282 1259 Luna]
1320 1221 1433 1251 Quota
1459 1221 1549 1252 hora.
1595 1221 1738 1252 Lunari·

1030 1269 1093 1299 bus
1109 1269 1197 1299 euim
1217 1269 1307 1299 horis
1333 1271 1425 1300 velut
1450 1280 1640 1310 appensum
1666 1281 1735 1303 mo·

1033 1325 1131 1350 vetur
1157 1321 1313 1360 pelagus·
1359 1321 1476 1352 Barth.

1076 1373 1137 1401 108
1163 1371 1230 1406 Quo
1249 1370 1359 1408 fracta
1385 1371 1525 1403 tonitrua
1550 1372 1656 1412 vento]
1679 1372 1735 1405 Ab

1031 1421 1219 1451 Elementis
1247 1421 1417 1461 astrisque
1441 1422 1483 1453 ad
1505 1427 1737 1455 meteororum

1030 1473 1272 1502 tractationem
1303 1472 1407 1504 venit.
1451 1473 1628 1505 Socratico
1654 1483 1736 1505 vero

1032 1526 1067 1552 et
1091 1522 1274 1553 Platonico
1301 1532 1394 1554 more
1420 1523 1534 1554 omnia
1561 1523 1669 1556 refert
1693 1525 1736 1555 ad

1033 1581 1153 1602 causas
1172 1572 1357 1603 naturales.

1076 1622 1193 1652 Fracta
1209 1623 1363 1663 tonitrua]
1386 1623 1463 1656 Qua
1480 1623 1512 1654 vi
1536 1624 1667 1656 sonitus
1686 1624 1737 1656 illi

1033 1672 1275 1713 perterricrepi
1304 1671 1420 1705 fractis
1449 1673 1537 1706 fiunt
1575 1675 1737 1708 nubibus.

1032 1723 1153 1754 Barth.
1530 1726 1533 1731 ’

1076 1776 1138 1803 109
1163 1774 1244 1808 Quis
1272 1775 1379 1806 trahat
1416 1775 1595 1813 imbriferas
1626 1775 1736 1816 nubes]

1032 1823 1108 1855 Hoc
1127 1834 1205 1854 vero
1223 1830 1276 1856 est
1292 1826 1374 1856 Divi
1390 1826 1480 1856 illius
1497 1826 1662 1858 Socratici
1678 1836 1736 1858 ne-

1033 1875 1173 1914 gotium.
1224 1876 1303 1907 Jovi
1333 1876 1451 1916 vulgus
1479 1876 1591 1907 secuti
1617 1876 1737 1907 Poetae

1032 1925 1121 1956 hanc
1140 1925 1207 1955 vim
1221 1926 1386 1965 tribuunt,
1408 1936 1508 1966 quem
1521 1926 1737 1967 Strepsiades

1032 1975 1225 2015 peringens
1239 1975 1387 2006 cribrum
1404 1976 1589 2006 meientem
1606 1976 1738 2017 pluvias

1031 2024 1146 2056 facere
1159 2026 1368 2057 crediderat.

1075 2076 1162 2108 Sara
1181 2077 1371 2118 Grandinis]
1403 2077 1459 2109 Ab
1482 2077 1622 2118 effectu,
1648 2079 1738 2111 saxis

1034 2128 1120 2167 pari.
1144 2128 1261 2160 Barth.

1078 2179 1147 2213 Quo
1181 2188 1258 2209 saxa
1295 2178 1451 2218 creentur]
1499 2180 1654 2210 Creantur
1669 2180 1739 2220 ple-

1034 2229 1151 2270 rique:
1193 2228 1344 2265 ferantnr
1381 2230 1491 2260 Aldus
1542 2235 1578 2262 et
1615 2230 1736 2262 decem

1033 2290 1075 2311 ex
1103 2281 1234 2311 nostris.
1273 2280 1338 2311 duo
1357 2280 1518 2319 feruntur.
1548 2287 1616 2313 tres
1641 2291 1736 2313 ruan-

1031 2335 1096 2362 tur.
1127 2334 1271 2362 rotantur
1316 2332 1478 2363 Mazariu.
1512 2332 1658 2375 Putean.>
1700 2336 1736 2363 et

1033 2382 1245 2413 Rhemensis.
1291 2382 1380 2421 Lege.
1406 2386 1558 2413 rotemur.
1595 2383 1736 2414 ‘rotare

1032 2433 1124 2463 saxa'
1152 2441 1202 2464 1v.
1220 2433 1317 2464 Cons.
1334 2432 1478 2463 Honorii
1506 2432 1608 2463 etiam
1635 2432 1735 2473 dixit,

1033 2493 1080 2514 vs.
1099 2486 1172 2515 330.
1188 2484 1211 2514 l.
1236 2492 1261 2513 ι.
1286 2483 1319 2513 in
1338 2482 1449 2513 Rufin.
1483 2484 1492 2499 ‘
1510 2483 1611 2513 Haud
1638 2492 1736 2515 secus

1033 2533 1183 2573 hyberno
1201 2532 1348 2563 tumidus
1365 2541 1441 2562 cum
1455 2533 1586 2564 vortice
1600 2537 1734 2565 torrens

1033 2584 1123 2612 Saxa
1135 2586 1222 2612 rotat
1235 2581 1271 2612 :'‘
1280 2591 1361 2611 saxa
1374 2582 1497 2612 rotare’
1509 2583 1632 2622 passim
1645 2583 1736 2624 apud

1033 2632 1153 2672 poetas
1169 2643 1176 2662 ε
1206 2635 1347 2662 creentur
1363 2636 1478 2663 tamen
1494 2633 1595 2672 prim.
1619 2634 1733 2666 Vatic-

1032 2682 1084 2722 qui
1114 2686 1257 2713 creentur
1287 2682 1396 2713 codex
1427 2683 1587 2715 Claverii.
1649 2685 1736 2720 Quid

1031 2732 1137 2763 trahat
1154 2732 1268 2769 etiam,
1283 2742 1350 2763 non
1367 2733 1448 2773 quis,
1464 2733 1682 2766 Florentiuus
1697 2735 1732 2766 S.

1030 2782 1156 2814 Marci.
1172 2787 1209 2814 et
1227 2781 1335 2823 flabra
1361 2793 1429 2815 uon
1446 2782 1557 2825 flagra
1583 2784 1736 2826 potiores
