1851 3213
276 203 392 247 1294

276 310 361 342 rides
383 310 493 342 silvas.-
515 314 633 342 noster
658 310 717 341 lib.
739 320 797 341 111.
816 310 857 341 de
875 310 982 350 Rapt.

277 362 364 392 ‘nec
381 361 508 392 virides
536 361 686 393 audebat
713 362 822 391 visere
847 361 951 391 saltus
967 355 984 392 :¹

275 412 365 452 apud
390 413 581 452 Maronem,
609 413 631 442 l.
658 421 708 443 1v.
739 413 748 429 ‘
764 412 854 442 Dum
878 412 983 451 trepi-

275 462 357 493 dant
373 463 447 500 alae,
460 463 632 503 saltusque
643 461 803 501 indagine
815 460 982 501 ciugunt.'

274 511 465 552 lsingrinus
495 513 625 544 Venetos
654 513 765 549 saltim,
783 516 820 542 ut
854 511 983 542 Venetos

273 567 391 594 montes
427 563 650 594 Fescenniuis
689 563 789 593 dixit.
850 562 905 593 Sic
945 566 982 592 et

272 615 281 631 ‘
296 613 418 654 Libyci
432 613 548 645 saltus'
571 613 660 644 bello
686 612 780 644 Gild.
799 616 833 643 et
858 615 867 629 ‘
882 613 980 644 Cala-

271 663 325 695 bri
356 665 474 696 saltus’
500 664 589 705 apud
620 664 752 702 Silium,
770 664 791 693 l.
808 672 874 694 vn.
915 664 980 693 Im-

271 715 364 746 missa
380 716 484 746 etiam
497 715 646 753 indagine
660 723 723 753 pro
732 713 883 744 immensa
895 713 979 743 Isin-

271 765 408 805 grinus:
434 765 523 806 qnod
550 765 591 795 de
619 765 724 794 nihilo
743 773 810 793 non
834 767 899 800 est,
914 762 979 792 etsi

270 820 389 848 rustam
401 816 582 854 indaginem
596 825 615 844 a
628 815 768 844 Lucano
783 812 849 842 dici
861 811 978 843 sciam.

270 867 367 898 Idem
399 867 420 898 l.
449 875 506 896 111.
544 864 670 894 ‘Hane
695 863 798 903 jubet
828 862 978 892 immisso

269 918 384 948 silvam
399 915 622 957 procumbere
639 912 755 944 ferro!
779 912 867 943 Vide
882 917 978 944 notas

269 967 372 998 Cous.
390 966 524 1005 Manlii,
542 975 589 995 vs.
608 967 682 995 331.
710 964 758 994 D.
777 963 890 995 Heius.

311 1020 375 1048 378
398 1019 571 1057 AEquo:·e11s
604 1013 785 1056 populator]
824 1013 976 1045 Nimium

268 1073 344 1099 erat
381 1067 507 1098 humile
542 1068 751 1107 piscatorem
789 1064 975 1095 nominare.

266 1118 487 1158 Populatorem
515 1117 600 1147 scite
625 1115 721 1155 dicit,
738 1114 816 1155 quia
841 1114 976 1153 integra

266 1169 403 1209 agmina
430 1168 534 1208 cogit,
560 1172 596 1198 et
623 1170 736 1196 vastat
759 1165 798 1195 iis
822 1165 975 1205 pelagus,

264 1228 343 1250 nam
359 1223 393 1250 et
412 1219 554 1259 piscium
571 1222 649 1248 sunt
671 1215 801 1256 populi.

313 1270 484 1309 Plagarnm
507 1267 685 1307 anfractus]
723 1266 898 1297 Cavitates
917 1266 975 1295 im-

264 1330 363 1361 pares
379 1326 415 1352 et
442 1320 533 1350 nullo
558 1318 690 1350 ordine.
743 1318 800 1347 Sic
826 1317 973 1348 ‘aurium

264 1375 386 1401 cavata
402 1369 568 1400 anfracta'
600 1368 711 1398 Varro
729 1367 815 1397 dixit
832 1367 972 1397 Parme-

264 1417 362 1451 none.
389 1419 502 1450 Barth.

305 1474 368 1502 380
393 1471 575 1502 Excludunt
592 1469 682 1509 alios]
710 1467 762 1499 Ad
782 1470 970 1498 extremum

263 1522 410 1553 circulus
437 1521 493 1552 ille
519 1526 588 1552 tam
606 1525 703 1550 arcte
733 1518 915 1557 clauditur,
932 1523 970 1549 ut

260 1573 350 1603 solus
366 1581 442 1603 cum
459 1570 623 1610 Principe
641 1570 672 1600 in
697 1569 843 1600 militum
856 1568 969 1599 medio

261 1627 446 1662 remaneat,
475 1621 530 1653 cui
546 1619 728 1651 mactando
754 1629 871 1650 omnes
892 1619 967 1650 istae

262 1673 476 1705 caeremoniae
492 1672 634 1703 fiebant.
664 1671 762 1702 Idem.

304 1725 485 1755 Excludunt
498 1722 590 1762 alios]
613 1722 662 1753 Ut
675 1723 828 1762 piscator
842 1721 968 1751 minus-

259 1775 354 1806 culos
366 1775 475 1815 pisces
498 1773 612 1814 rejicit
630 1773 663 1802 in
680 1782 800 1813 aquam
816 1777 852 1802 et
871 1771 967 1812 quasi

259 1825 425 1865 excludit,
449 1829 487 1855 ut
512 1824 712 1864 opimiorem
739 1822 890 1863 praedam
916 1831 967 1852 re-

258 1876 384 1906 tineat:
421 1875 470 1906 sie
496 1874 640 1905 militum
672 1883 798 1905 corona
824 1873 967 1904 involvit

261 1925 419 1957 Rufinum
429 1925 528 1966 hujus
544 1925 592 1956 rei
606 1924 874 1965 imprudentem.
892 1924 965 1954 Cla·

259 1986 322 2007 ver.

304 2027 400 2066 Cingi
411 2026 595 2064 sefervidtis
607 2026 674 2065 ille]
697 2025 786 2066 Angz'
799 2025 832 2056 in
845 2025 964 2066 quinto

257 2078 437 2109 Vaticano.
461 2079 507 2109 D.
525 2077 639 2108 Heins.

300 2131 360 2159 381
385 2129 548 2169 Apprensa
559 2127 658 2167 veste]
675 2128 775 2158 More
791 2127 962 2158 hominum

256 2187 379 2218 magua
393 2179 554 2210 serietate
576 2179 723 2219 aliquem
741 2178 962 2209 attinentium

255 2233 315 2260 aut
337 2230 542 2269 urgentium.
569 2230 684 2260 Barth.

298 2284 361 2312 382
384 2280 577 2320 Augustum]
599 2280 782 2311 Arcadium.
822 2279 880 2310 De
897 2277 960 2309 Ar-

255 2332 369 2372 cadio,
396 2331 558 2372 nigellum
589 2332 758 2362 homiuem
789 2330 894 2361 fuisse
926 2335 961 2362 et

256 2387 400 2414 staturae
449 2382 581 2422 pusillae
632 2381 751 2412 scribit
789 2381 961 2421 Georgius

252 2431 444 2471 Cedrenus,
471 2431 512 2462 ad
545 2432 626 2462 nihil
663 2440 871 2471 magnopere
903 2441 961 2471 ap-

254 2487 326 2515 tum
342 2488 573 2524 praeterquam
590 2483 705 2514 literas
719 2483 805 2514 scite
821 2483 962 2524 pingen-

255 2535 328 2567 das.

299 2585 463 2625 Tribunal]
488 2586 653 2625 Ligneum
669 2585 830 2616 electioni
847 2585 960 2625 Impe-

253 2636 375 2667 ratoris
391 2635 425 2666 in
448 2635 544 2667 Urbe
567 2636 602 2666 id
619 2635 723 2666 fuisse
740 2636 843 2667 docet
859 2635 959 2667 Codi-

252 2697 315 2718 nus
344 2687 378 2717 in
404 2686 502 2717 Aulae
529 2687 775 2728 descriptione,
802 2687 834 2718 in
869 2687 959 2728 quod

252 2738 378 2769 deinde
394 2737 509 2769 throni
528 2738 622 2770 aurei
639 2738 795 2770 solebant
820 2737 959 2779 imponi.

252 2789 370 2822 Barth.

535 216 679 248 NOTAE
713 215 983 247 VARIORUM
1019 215 1072 245 IN
1107 216 1183 246 CL.
1217 215 1402 246 CLAUD.
1437 215 1482 244 V.

1079 311 1142 340 384
1173 309 1242 341 Vox
1257 311 1385 350 desuper
1397 307 1523 348 ingens]
1544 308 1596 339 Ex
1612 306 1739 349 impro-

1036 359 1106 389 viso
1123 359 1187 400 ipsi
1211 360 1305 390 velut
1330 361 1415 390 coelo
1444 359 1576 399 illapsa,
1591 358 1648 399 qui
1674 360 1742 391 alia

1035 411 1148 440 omnia
1165 415 1235 441 tum
1250 410 1488 450 exspectabat.
1519 409 1640 440 Subita
1652 409 1743 440 enim

1034 461 1146 491 onmia
1162 462 1248 492 coelo
1274 461 1419 492 demissa
1441 459 1630 491 credebaut
1646 465 1742 491 vete-

1034 522 1098 549 res,
1111 516 1147 543 et
1164 512 1350 552 inopinata.
1376 511 1495 543 Barth.

1076 565 1137 593 385
1165 563 1263 593 Nobis
1293 562 1402 600 etiam,
1431 560 1612 601 deterrime,
1639 560 1742 602 nobis]

1032 614 1127 644 Malo
1153 614 1329 644 teterrime:
1353 612 1443 654 quod
1473 615 1592 652 postea
1623 610 1744 642 confir-

1031 664 1138 694 mavit
1156 665 1293 704 quintus
1321 663 1520 694 Vaticanus.
1566 662 1622 692 Ita
1649 661 1741 692 enim

1032 713 1064 743 in
1093 713 1211 743 codice
1228 713 1467 744 Theodosiano
1496 710 1655 743 Rufinum
1682 720 1741 742 vo-

1032 767 1112 793 cant
1139 763 1264 793 Arcad.
1292 768 1328 793 et
1361 763 1491 793 Honor.
1509 761 1550 793 A.
1567 761 1610 793 A.
1656 762 1664 778 ‘
1683 761 1740 792 Ne

1030 813 1129 842 unius
1146 813 1210 843 viri
1227 813 1367 843 illustris
1382 817 1515 843 tantum
1525 812 1640 843 valeat
1656 815 1741 843 tem-

1031 863 1157 902 poralis
1208 861 1352 893 offensio
1394 862 1563 893 teterrimi
1607 862 1737 903 judicis

1029 912 1181 944 inimici.'
1242 913 1331 944 Nam
1367 913 1548 943 'ratianum
1595 911 1738 944 Rufinus

1031 963 1302 1004 proscripserat:
1340 967 1457 993 noster
1472 963 1492 994 l.
1511 972 1536 993 1.
1562 962 1604 993 de
1630 963 1738 1002 Rapt-

1029 1015 1037 1030 ‘
1053 1014 1232 1045 teterrime
1250 1013 1417 1045 fratrum.'
1440 1014 1485 1044 D.
1500 1013 1616 1044 Heius.

1072 1068 1135 1096 386
1164 1065 1309 1095 Famulus
1343 1063 1482 1104 catenas]
1521 1062 1656 1094 Alludit
1692 1062 1737 1094 ad

1028 1116 1127 1147 ritum
1147 1116 1322 1156 triumphi,
1347 1115 1380 1145 in
1398 1125 1463 1155 quo
1490 1113 1632 1154 captivi,
1647 1117 1739 1145 cate·

1028 1167 1099 1197 nati
1118 1167 1346 1205 ducebantur,
1372 1165 1495 1205 procul
1521 1167 1636 1195 amoto
1654 1163 1738 1204 pris—

1028 1218 1109 1248 tinae
1137 1217 1316 1257 dignitatis
1344 1220 1447 1247 statu.
1471 1214 1601 1245 Tibull.
1625 1214 1683 1245 lib.
1710 1223 1736 1246 1.

1026 1269 1123 1309 Eleg.
1152 1271 1183 1299 7.
1208 1267 1356 1308 princip.
1384 1274 1418 1297 et
1445 1266 1467 1296 l.
1494 1275 1545 1296 1v.
1574 1265 1615 1296 ad
1645 1266 1737 1296 Mes-

1026 1320 1151 1349 salam:
1177 1320 1185 1336 ‘
1201 1319 1312 1349 libera
1326 1318 1488 1350 Romanae
1506 1316 1652 1357 subjecit
1667 1316 1737 1347 col-

1024 1370 1056 1400 la
1071 1371 1229 1400 eatenae.’
1251 1369 1363 1399 Carm.
1385 1377 1425 1398 11.
1450 1367 1530 1406 fine,
1553 1368 1561 1384 ‘
1580 1367 1734 1407 captivos

1024 1420 1181 1451 vincture
1197 1418 1330 1450 novos.⁷
1360 1418 1523 1458 Propert.
1541 1418 1562 1449 l.
1580 1426 1620 1448 11.
1634 1417 1688 1448 El.
1702 1419 1734 1449 2.

1024 1471 1126 1502 Ovid.
1141 1471 1340 1501 l.1v.Trist.
1352 1470 1448 1509 Eleg.
1462 1479 1502 1500 11.
1512 1468 1554 1500 de
1567 1468 1672 1501 Pont.
1682 1468 1736 1500 El.

1023 1526 1052 1554 1.
1067 1523 1140 1554 etl.
1154 1525 1184 1553 2.
1198 1522 1240 1552 de
1257 1521 1367 1552 Arte:
1393 1521 1401 1537 ‘
1416 1520 1519 1551 Ibunt
1533 1524 1613 1551 ante
1629 1519 1734 1551 duces

1021 1573 1153 1604 onerati
1171 1573 1259 1604 colla
1276 1571 1428 1604 catenis!
1464 1572 1555 1602 Flor.
1580 1580 1636 1601 111.
1653 1573 1682 1601 1.
1699 1570 1733 1601 in

1020 1623 1086 1655 fine
1099 1624 1140 1655 de
1152 1624 1338 1663 Jugurtha:
1354 1622 1432 1653 hinc
1445 1621 1597 1662 estquod
1608 1621 1733 1661 Varro,

1019 1675 1040 1706 l.
1057 1684 1104 1707 1v.
1120 1675 1162 1705 de
1178 1674 1259 1714 ling.
1272 1675 1349 1705 Lat.
1366 1673 1528 1703 victoriam
1540 1682 1559 1702 a
1572 1671 1732 1702 vinciendo

1020 1725 1147 1756 dictam
1164 1724 1289 1755 tradat.
1338 1722 1498 1753 Rufinum
1512 1730 1592 1762 ergo
1607 1720 1732 1761 arguit,

1019 1775 1137 1805 eadem
1154 1774 1293 1806 feritate
1308 1773 1341 1804 in
1360 1773 1451 1804 cives
1472 1775 1640 1811 utentem,
1665 1780 1731 1812 qua.

1019 1828 1075 1858 alii
1103 1828 1136 1858 in
1162 1827 1277 1857 hostes
1301 1825 1382 1856 belli
1400 1825 1477 1864 jure
1501 1825 1604 1864 at'que
1631 1833 1729 1864 aequo

1018 1880 1134 1911 Marte
1152 1879 1308 1910 devictos
1325 1877 1469 1908 fuissent
1485 1877 1545 1907 usi.
1581 1876 1729 1916 Dempst.

1060 1933 1121 1960 387
1152 1930 1241 1960 Unde
1254 1927 1322 1959 redi
1338 1927 1452 1967 nescis]
1468 1926 1650 1964 Nescisne,
1666 1926 1729 1956 im-

1016 1990 1101 2021 pure
1118 1984 1274 2019 tyranne,
1290 1988 1350 2008 nos
1367 1987 1384 2008 a
1401 1977 1481 2008 viris
1495 1977 1623 2015 venire,
1638 1976 1728 2006 viros

1015 2031 1209 2061 debellasse
1235 2030 1269 2059 in
1298 2029 1400 2059 Italia
1428 2028 1609 2067 haetenuS,
1637 2036 1727 2058 nunc

1016 2081 1184 2112 foemineis
1203 2079 1392 2120 agminibus
1416 2078 1554 2108 minime
1581 2077 1727 2108 servitu-

1016 2142 1069 2162 ros
1086 2133 1097 2162 ?
1122 2132 1212 2162 Laus
1231 2130 1367 2161 occulta
1383 2127 1595 2167 Stilichonis,
1610 2127 1728 2158 Hono-

1013 2182 1065 2222 rii,
1085 2182 1189 2212 totius
1207 2180 1372 2220 Antiquae
1387 2179 1523 2209 Romae:
1551 2177 1636 2208 dicit
1661 2177 1724 2207 hoc

1012 2233 1108 2263 miles
1133 2232 1212 2263 olim
1230 2231 1291 2262 sub
1304 2229 1499 2261 Theodosio
1517 2228 1559 2259 ab
1577 2227 1726 2258 Oriente

1013 2283 1046 2313 in
1075 2282 1304 2313 Occidentem
1328 2279 1542 2311 debellandis
1569 2277 1723 2318 tyrannis

1013 2335 1148 2365 ductus.
1173 2331 1349 2365 Quomodo
1359 2340 1391 2361 v.
1405 2332 1479 2361 217.
1495 2328 1636 2360 Stilicho
1649 2327 1723 2358 dix-

1012 2385 1060 2416 it:
1086 2383 1312 2423 ‘redeatjam
1331 2382 1426 2412 miles
1445 2378 1558 2411 Eous!
1581 2377 1700 2409 Barth.

1056 2438 1118 2465 389
1142 2433 1202 2464 Bis
1226 2431 1391 2470 domitum]
1427 2430 1553 2469 Papin.
1577 2429 1670 2459 Silva
1697 2438 1723 2462 1.

1011 2487 1020 2504 ‘
1032 2487 1082 2516 Tu
1099 2485 1198 2516 civile
1213 2482 1323 2522 nefas,
1341 2487 1376 2513 tu
1390 2481 1524 2512 tardum
1543 2481 1576 2511 in
1590 2478 1723 2510 foedera

1013 2537 1167 2567 Montem
1178 2535 1296 2574 Longo
1310 2534 1425 2564 Marte
1442 2530 1585 2563 domas.'
1609 2532 1721 2563 Quem

1012 2585 1182 2626 expressit
1203 2584 1420 2616 Claudianus.
1465 2582 1584 2613 Innuit
1606 2585 1720 2612 autem

1012 2636 1115 2675 bella,
1132 2635 1253 2676 quibus
1269 2634 1458 2665 Maximum
1477 2638 1513 2664 et
1529 2633 1720 2673 Eugenium

1010 2686 1232 2726 Theodosius,
1248 2686 1338 2717 socio
1367 2685 1567 2724 Stilichone,
1581 2683 1720 2715 subver-

1012 2737 1067 2768 tit.
1093 2736 1191 2767 Idem.

1052 2787 1115 2818 Bis
1139 2786 1279 2827 rupimus
1303 2785 1413 2828 Alpes]
1435 2784 1567 2828 Saepius
1596 2783 1645 2816 ita
1668 2781 1714 2815 de
