1852 3182
498 210 558 238 DF.
592 210 657 237 lv.

46 303 227 345 feliciaque
264 304 374 335 omnia
411 302 476 333 dici
507 306 543 333 et
580 301 654 332 fieri
693 312 749 334 ue-

46 355 230 385 cessarium
261 364 333 385 esse
363 353 601 394 opinabantur.
630 353 747 384 Barth.

88 405 221 444 Auspice
234 414 305 435 moa:
315 403 432 442 [crtum]
449 402 526 434 Non
538 402 652 442 Aspice
666 413 749 434 unus

46 452 203 485 Ambros.
229 459 264 486 et
290 454 422 484 Tliolos.
445 452 612 493 quomodo
636 453 749 492 legen-

46 503 200 544 dumjum
213 504 369 534 viderunt
379 503 428 534 Cl.
441 502 624 534 Gevartius
636 503 747 534 Elect.

46 564 70 585 ι.
90 558 140 585 12.
166 559 201 586 et
226 555 258 585 in
285 553 591 585 observationibus
616 553 748 584 Grono-

45 605 117 635 vius
134 608 262 635 noster.
292 613 369 634 mox
403 603 517 633 Omina
547 612 613 633 non
644 603 748 634 omnia

45 664 120 684 cum
145 654 277 693 Deli-io,
298 653 485 693 Scaligero‚
506 652 616 683 Fabro
644 652 677 682 in
693 652 749 683 Se-

42 704 234 743 mestribus,
259 714 296 734 ae
314 703 432 735 eodem
457 703 631 734 Gronovio
648 703 750 734 corri-

42 752 202 793 gendum.
237 754 425 785 Confirmat
443 754 604 786 Lucensis
617 758 652 784 et
669 753 749 784 duo-

42 803 154 835 decim
171 806 240 845 alii,
263 811 301 837 ut
317 805 442 837 frustra
466 807 636 845 vulgatam
654 806 748 836 lecti-

42 864 140 886 onem
158 860 296 887 tueatur
313 857 482 887 Bartliius.
507 857 551 887 D.
570 856 683 886 Heius.

84 908 147 936 612
173 906 307 946 Qualer]
332 908 509 939 Quartum.
535 906 650 937 Barth.

85 954 231 987 Solennia
245 957 324 987 ludit
345 957 459 987 Omnia
475 956 616 996 libertas]
634 957 747 987 Caere-

42 1005 173 1036 monins
204 1007 363 1046 intelligit
389 1007 581 1038 libertatem
598 1007 749 1037 indican-

43 1061 110 1094 tes,
141 1066 215 1097 quae
239 1057 508 1087 manumissionis
536 1057 626 1087 actui
656 1057 748 1088 adlui-

43 1104 164 1136 bendae
182 1111 272 1145 sunt,
300 1106 550 1146 designantque
568 1106 674 1145 ipsam
691 1105 747 1137 flo-

42 1154 149 1185 rentis
166 1155 325 1195 Reipubl.
352 1155 559 1194 libertatem,
586 1155 748 1186 hostium-

40 1213 107 1245 que
124 1214 201 1235 mox
218 1204 464 1245 capiendorum
481 1205 746 1237 multitudinem.

44 1255 143 1286 Idem.

82 1308 144 1337 613
169 1306 345 1337 Deductum
364 1305 493 1336 Vindice
507 1307 634 1346 morem]
667 1306 746 1336 Vin-

40 1357 106 1388 dex
137 1366 256 1387 servus
282 1357 333 1387 M.
366 1357 479 1395 Bruti,
496 1366 572 1387 cum
593 1358 746 1398 conjura-

41 1406 167 1437 tionem
196 1405 355 1437 adversus
374 1406 536 1446 populum
556 1406 745 1438 Romanum

41 1455 274 1496 patefecisset,
299 1456 426 1496 primus
456 1455 604 1496 publice,
632 1466 745 1487 coram

40 1517 168 1538 summo
181 1508 393 1548 magistratu,
404 1517 504 1537 manu
519 1509 658 1538 emissus
673 1511 744 1539 est:

38 1557 83 1589 ad
98 1558 193 1599 cujus
204 1556 497 1588 manumissionem
513 1567 587 1597 quae
600 1562 745 1588 servatae

39 1613 119 1640 sunt
149 1608 376 1647 caeremonioe,
401 1607 442 1638 ad
469 1614 623 1648 posteros
641 1608 746 1639 etiam

40 1658 306 1689 descenderunt.
332 1658 430 1689 Idem.

82 1711 144 1740 615
171 1708 272 1739 Grato
288 1712 403 1739 remeat
417 1708 555 1738 securior
570 1707 650 1747 ictu]
668 1708 748 1738 Cer-

40 1762 96 1790 tus
132 1759 291 1790 nimirum
314 1759 386 1799 jam
417 1758 602 1796 libertatis,
634 1767 746 1798 neque

41 1810 205 1851 deinceps
222 1808 423 1840 verberibus
438 1809 625 1849 subjectns.
663 1809 748 1839 Per-

40 1869 156 1891 cussus
171 1860 260 1890 enim
277 1859 311 1890 in
329 1859 515 1897 maxillam,
531 1859 748 1890 manumitte-

40 1911 153 1951 batur,
182 1911 321 1952 ictuque
345 1910 514 1942 transibat
539 1910 570 1941 iu
610 1911 747 1942 liberta—

41 1966 122 1993 tem.
146 1962 245 1993 Idem.

83 2015 148 2043 616
175 2011 291 2043 Tristis
314 2010 464 2050 conditio]
510 2011 645 2041 Revera
672 2010 747 2041 tris-

42 2061 181 2093 tissima.
203 2062 213 2078 ‘
230 2061 376 2101 AEquata
393 2061 538 2091 servitus
557 2060 747 2101 quadrupe-

41 2111 169 2144 dibus.'
185 2112 279 2152 Lege
295 2111 444 2151 Aquilia,
457 2114 545 2141 teste
560 2110 654 2150 Caio,
670 2119 746 2150 cap.

40 2165 74 2194 2.
93 2162 135 2193 ad
150 2163 234 2202 Leg.
252 2161 364 2202 Aquil.
389 2162 486 2192 Idem.

84 2215 147 2244 617
172 2213 211 2243 In
227 2213 323 2242 cit-em
344 2211 473 2242 rubuere
496 2210 600 2250 geme]
647 2210 746 2242 Illico

41 2268 80 2296 ut
93 2263 271 2295 irrubuere
287 2272 395 2303 genae,
407 2262 489 2292 civis
506 2271 548 2292 ex
565 2271 662 2291 servo
680 2261 747 2292 fac-

41 2317 96 2345 tus
111 2318 175 2345 est.
222 2313 339 2354 Usque
357 2312 441 2343 adeo
459 2317 571 2343 autem
588 2312 620 2342 in
638 2313 746 2343 civem

41 2368 115 2396 turn
129 2363 298 2395 rubebant
309 2372 418 2404 genae,
433 2367 470 2393 nt
483 2363 656 2402 extemplo
672 2366 749 2402 post

42 2414 342 2446 circumactionem
375 2418 409 2443 et
425 2413 531 2443 ictum
550 2413 748 2452 acciperent

40 2464 187 2505 insignia
213 2464 349 2504 civium,
376 2464 486 2495 albam
515 2468 749 2503 vestem,anu·

42 2515 111 2546 lum
128 2523 280 2554 aureum,
297 2517 361 2546 διο.

89 2565 246 2605 Tergaque
276 2564 422 2604 removit]
466 2564 552 2595 Pars
584 2564 673 2595 enim
708 2574 749 2595 ea

44 2615 197 2653 corporis
232 2616 340 2655 poenis
379 2615 556 2646 servilibus
585 2614 749 2656 exposita.

46 2662 166 2694 Barth.

88 2715 153 2744 618
180 2713 422 2752 Pervnissifelia:
438 2715 553 2754 injuria
578 2715 657 2756 voti]
692 2715 749 2746 Sic

43 2764 166 2807 scripti
201 2763 274 2797 fere
303 2774 416 2798 omnes
453 2775 530 2798 cum
553 2766 655 2806 Ald0‚
682 2774 749 2796 non

689 210 828 240 CONS.
862 211 1046 241 HONOR.

1395 207 1407 244 1
1417 205 1502 246 :363

798 304 952 343 promissi.
999 303 1104 334 Praef.
1121 304 1178 334 lib.
1198 313 1236 334 11.
1254 305 1285 334 in
1300 306 1376 336 Rus.
1400 309 1408 323 ‘
1427 318 1501 347 per-

802 355 911 385 missis
935 355 1008 396 jam
1034 356 1114 386 licet
1139 356 1187 386 ire
1216 356 1347 386 choris!
1370 358 1499 388 Statius

801 405 1029 445 Epithalamio
1056 406 1172 437 Stellae
1199 406 1271 446 pari
1303 407 1425 437 mendo
1455 409 1501 438 iu-

801 454 958 494 quinatus
983 466 989 485 :
1037 457 1045 472 ‘
1076 457 1126 486 Tu
1173 460 1286 486 tamen
1337 456 1501 487 attonitus

799 504 966 544 (quamvis
996 506 1074 536 data
1097 506 1195 546 copia
1232 510 1335 536 tantm
1369 505 1504 543 Noctis)

801 554 910 585 adhuc
949 560 1059 595 optas,
1095 556 1326 598 permissaque
1366 557 1501 586 numine

801 602 924 634 dextro
942 605 1032 635 Vota
1064 615 1175 645 pares.
1222 607 1331 645 Pone,
1354 615 1373 636 o
1397 606 1503 636 ‹lulcis

801 654 945 693 suspiria
977 659 1084 693 vates,
1117 655 1222 687 Pone.
1252 660 1310 687 tua
1337 655 1412 686 est)
1437 667 1504 695 pro-

800 704 893 734 missa
910 708 979 736 rota
996 705 1040 736 ibi
1057 706 1182 736 lectum
1200 706 1373 737 hactenus.
1392 716 1501 747 neque

801 753 901 784 aliter
915 755 1130 787 scribendum
1152 755 1277 787 Acliill.
1308 765 1347 788 n.
1368 767 1413 788 vs.
1429 760 1502 789 266.

799 803 810 819 ‘
826 805 971 844 eripitur
984 806 1113 836 miserae
1133 807 1313 846 permissus
1330 806 1503 848 Acliilles‚'

802 854 918 894 utjam
935 854 1020 886 vidit
1037 856 1243 888 Gronovius.
1268 857 1312 888 D.
1334 858 1446 889 Heitffi.

844 904 1087 944 I’romissivoeij
1112 906 1307 937 Libertatis.

847 955 937 984 filia:
964 954 1094 994 injuria]
1119 955 1214 987 Ictus
1242 965 1352 995 manu,
1378 957 1502 997 injuria

801 1004 990 1043 speciatim.
1020 1004 1132 1036 Barth.

843 1056 905 1084 620
930 1054 968 1084 In
997 1064 1105 1084 nomen
1135 1058 1262 1085 rentum
1291 1056 1390 1095 tuum]
1415 1056 1500 1087 Con-

800 1105 956 1134 sulatum.
1002 1104 1042 1134 Iu
1075 1104 1195 1134 Fa<t0s
1226 1105 1312 1134 cuim
1344 1105 1435 1135 illico
1465 1111 1502 1136 ut

799 1159 896 1185 erant
913 1154 1032 1193 creati,
1059 1154 1242 1185 Consulum
1268 1154 1401 1185 nomina
1418 1156 1503 1185 rct‘c-

799 1206 976 1237 rebantur.

845 1256 1010 1286 Praemissn
1028 1255 1151 1292 ‚littaris
1186 1254 1275 1285 Dant
1305 1255 1444 1294 exemplu
1457 1255 1503 1295 fi-

797 1305 881 1345 dem]
919 1305 1056 1336 Veteris
1087 1305 1258 1345 Sapientis
1297 1304 1340 1334 de
1379 1305 1502 1344 Moyse

799 1355 1030 1387 testimonium
1064 1359 1116 1385 est
1140 1365 1146 1385 :
1182 1354 1390 1385 Proediccioue
1410 1354 1501 1391 sutu-

796 1415 902 1436 rorum
920 1405 1020 1446 fidem
1033 1404 1148 1441 secisse
1172 1404 1412 1443 paeteritorum.
1458 1405 1501 1434 Et

798 1457 958 1487 memoria
983 1456 1283 1496 praemi-lapsorum
1323 1455 1502 1486 consilium

799 1507 856 1538 dat
881 1507 1011 1538 illustre
1028 1506 1070 1537 de
1089 1505 1224 1536 suturis.
1251 1506 1367 1536 Barth.

840 1560 900 1589 621
929 1557 1057 1592 Quoties
1088 1560 1118 1587 te
1147 1556 1284 1586 cursibus
1309 1556 1384 1596 ceri]
1409 1557 1499 1589 Quo-

798 1608 873 1646 ties,
899 1608 959 1646 ait,
983 1606 1045 1638 tibi
1071 1607 1290 1637 Consulatum
1315 1606 1424 1645 dedit,
1453 1611 1500 1637 to-

798 1658 864 1688 ties
880 1657 1035 1688 Victoria
1050 1657 1162 1696 aliqua
1177 1656 1299 1696 insigni
1315 1661 1434 1687 auctus
1449 1660 1501 1687 est

796 1707 1015 1738 Theodosius.
1040 1707 1136 1737 Idem.

840 1760 903 1788 623
931 1757 1069 1787 Tranare
1097 1755 1295 1795 Gruthungi]
1337 1756 1419 1786 Tam
1448 1756 1501 1787 liic

799 1817 899 1849 quam
916 1807 990 1837 aliis
1008 1805 1097 1846 apud
1127 1806 1262 1846 poetam
1287 1810 1437 1837 nostrum
1456 1807 1503 1836 lo-

799 1859 845 1889 cis
863 1857 1027 1889 Gothunui
1043 1857 1076 1887 in
1090 1856 1236 1895 vulgatis
1251 1855 1501 1895 exemplaribus

798 1909 1018 1947 vocabantur,
1049 1911 1209 1948 tanquam
1244 1915 1286 1936 ex
1313 1905 1434 1937 Gothis
1465 1910 1502 1936 et

799 1959 933 1990 Hunnis
965 1956 1116 1988 conflati·
1160 1957 1252 1991 Libri
1291 1957 1411 1997 scripti
1438 1957 1502 1988 etsi

798 2009 882 2039 mire
900 2009 989 2039 inter
1004 2017 1040 2038 se
1065 2007 1279 2046 dissentiant,
1304 2017 1370 2038 uuo
1389 2011 1502 2038 tamen

798 2068 964 2090 consensu
995 2057 1123 2088 editam
1152 2057 1334 2087 lectionem
1352 2067 1418 2087 non
1445 2067 1501 2097 ag-

798 2113 953 2140 noscunt.
993 2108 1001 2124 ¹
1017 2106 1236 2146 Gruthungos
1253 2110 1389 2146 gentem
1406 2105 1503 2138 belli-

798 2159 922 2191 cosani'
938 2161 1040 2189 vocat
1068 2157 1278 2196 Ammianus,
1306 2155 1363 2187 lib.
1381 2164 1502 2188 xxvu.

798 2219 861 2240 nce
887 2209 988 2239 aliter
1019 2206 1225 2238 Oxonieusis
1251 2210 1286 2237 et
1313 2205 1500 2238 Leidensis.

800 2259 989 2297 Greothingi
1015 2259 1047 2288 in
1071 2257 1179 2288 Fastis
1202 2256 1307 2287 Idatii
1326 2255 1501 2296 appellan-

798 2314 863 2341 tur.
898 2309 1058 2348 Isiugrin.
1075 2313 1109 2339 et
1128 2309 1226 2348 prim.
1244 2307 1403 2338 Vaticau.
1421 2316 1498 2338 cnm

798 2360 886 2391 Alilo
904 2370 943 2391 ac
963 2359 1077 2400 primis
1090 2358 1295 2389 editionibus
1309 2356 1501 2388 Gruthumzi.

799 2410 868 2441 Alii
881 2410 1015 2441 codices
1035 2408 1203 2447 Grutongi,
1229 2407 1400 2446 Grotungi,
1417 2406 1501 2437 Gru-

798 2461 898 2500 tonm',
927 2460 1096 2498 Grotunm',
1126 2458 1276 2497 Gritongi
1300 2462 1334 2488 et
1366 2455 1500 2487 similia.

801 2512 850 2542 vir
880 2510 1097 2542 doctissimus
1123 2508 1166 2539 ad
1189 2509 1276 2538 Hist.
1306 2507 1394 2546 Aug.
1421 2506 1501 2535 Gro-

798 2561 910 2600 thungi
938 2561 1032 2600 legit.
1077 2558 1240 2600 Sequenti
1275 2566 1373 2587 versu
1407 2559 1500 2585 recte

798 2611 915 2651 scripti
943 2609 1015 2641 fere
1043 2618 1157 2640 omnes
1178 2607 1331 2645 termille,
1349 2614 1413 2636 non
1429 2604 1500 2634 tibi.

797 2672 877 2693 mox
905 2670 966 2702 pro
987 2660 1092 2691 cuneis
1116 2657 1311 2695 immanibus,
1329 2663 1411 2686 unus
1426 2653 1500 2683 Me-

799 2713 865 2744 dic.
884 2722 951 2743 sec.
969 2711 1080 2742 Vatic.
1098 2714 1134 2740 et
1149 2709 1259 2739 Palat.
1275 2704 1443 2736 navalibus.
1463 2706 1500 2734 ut

799 2764 891 2804 alibi,
913 2762 1032 2795 ‘lituis
1059 2759 1234 2793 navalibus
1263 2755 1345 2788 arsit
1375 2754 1500 2796 Hispa-
