1852 3182
535 219 586 248 IN
623 217 852 248 RUFlNUM
888 219 983 249 LlB.
1017 219 1050 250 1.

111 319 172 348 35⁷
202 317 248 348 En
264 316 337 355 tibi]
374 314 484 345 Etiam
514 313 625 343 Furiae
657 313 762 353 ipsius

67 367 214 398 omnium
238 366 396 396 malorum
425 362 584 393 auctricis
608 372 762 392 sermone

66 415 239 447 blanditur
248 412 458 455 principibus
470 413 551 451 suis,
562 422 700 442 aureum
713 422 762 442 se-

65 467 176 497 culum
189 474 301 497 eorum
313 463 521 503 temporibus
534 463 696 504 tribuens,
707 464 763 494 lio-

64 527 120 549 mo
137 517 179 548 ad
195 515 398 548 adulandum
413 514 533 546 factus.

109 567 316 606 Revocataque
337 566 580 606 seculafursus]
610 564 763 606 Παρέλκει

63 617 101 647 τὸ
128 626 244 648 rursus,
290 615 468 656 Apuleius,
497 616 553 648 lib.
580 626 634 648 ιιι,
671 618 680 634 ‘
698 627 761 648 nec

63 667 119 708 qui
135 667 355 706 laverim,qui
372 667 542 706 terserim,
559 668 614 709 qui
628 667 762 698 domum

62 727 191 748 rursum
219 718 417 749 reverterim
447 729 518 760 prae
547 719 669 751 rubore
697 729 764 750 me-

57 767 166 799 mini!

102 820 165 850 360
189 818 388 858 Barbam-is]
424 819 652 851 Barbararnm
677 820 763 862 nati-

60 879 160 901 onum
190 869 448 910 irruptionibus,
486 880 567 912 quas
596 871 760 902 excivisse

60 919 222 950 Rufinum
239 930 342 960 supra
355 919 452 952 dixit.
475 921 590 951 Barth.

103 973 165 1002 363
190 970 372 1011 sortemque
386 971 500 1011 meam]
544 970 757 1011 Portionem,

61 1021 157 1060 quasi
181 1023 273 1050 sorte
302 1019 419 1051 divisae
448 1024 563 1051 essent
590 1020 759 1060 regiones.

61 1070 159 1101 Idem.

102 1121 164 1150 364
209 1120 319 1158 Vergit
358 1119 391 1150 in
425 1119 578 1151 Austrum
601 1119 759 1160 Signifer]

64 1169 232 1200 Zodiacus
254 1169 402 1200 circulus
425 1169 580 1210 signifer,
610 1180 629 1200 a
655 1170 758 1210 siguis

58 1219 239 1252 duodecim
255 1229 377 1251 nomen
390 1220 506 1252 habet.
530 1220 621 1252 Plin.
640 1220 698 1251 lib.
715 1229 757 1252 11.

58 1280 133 1311 cap.
160 1272 194 1301 4.
224 1274 259 1301 et
285 1279 358 1310 cap.
390 1273 442 1302 16.
475 1270 578 1301 ‘hinc
604 1280 758 1302 connexa

56 1320 275 1351 latitudinum
299 1320 453 1361 signiferi
481 1320 756 1361 obliquitatisque

59 1379 179 1401 caussa
196 1373 269 1401 est!
291 1374 327 1401 et
343 1380 419 1411 cap.
433 1373 485 1401 77.
500 1381 508 1401 :
531 1372 539 1387 ‘
554 1370 679 1411 positio
694 1371 758 1412 sig-

55 1420 156 1452 niferi
173 1421 263 1452 circa
279 1421 390 1451 media
415 1421 465 1452 sui
487 1421 655 1462 obliquior
679 1420 756 1452 est.'

59 1471 152 1502 Tull.
178 1480 221 1502 ex
247 1471 370 1509 Arato,
398 1471 455 1502 lib.
475 1481 499 1502 1.
527 1471 571 1502 de
602 1471 757 1502 Divinat.

57 1521 152 1552 Serv.
169 1521 210 1552 ad
228 1521 356 1561 Georg.
370 1530 394 1552 1.
421 1523 430 1539 ‘
445 1521 613 1563 Obliquus
630 1532 695 1563 qua
721 1531 756 1553 se

56 1572 228 1612 signorum
258 1571 415 1603 flecteret
435 1572 516 1603 ordo
531 1572 551 1602 :'
575 1578 690 1603 noster
714 1573 755 1604 de

57 1623 189 1662 sphaera
216 1622 447 1653 Archimedis:
474 1623 483 1639 ‘
501 1622 677 1654 Percurrit
699 1633 755 1653 va-

57 1673 142 1703 rium
161 1673 323 1703 mentitus
351 1671 492 1711 signifer
508 1673 654 1704 annum.'
678 1673 753 1704 Lib.

56 1731 81 1752 1.
100 1721 141 1752 de
158 1722 285 1753 laudib.
300 1722 518 1753 Stilichonis:
542 1723 552 1739 ‘
566 1732 629 1753 nec
643 1722 754 1754 dubiis

56 1773 218 1804 titubavit
234 1772 374 1813 signifer
391 1772 516 1804 astris.’
538 1773 682 1811 Dempst.

96 1826 158 1854 365
182 1824 278 1854 Sedes
292 1823 394 1854 ricino
408 1822 503 1862 Iconi]
528 1824 649 1854 Cessat
663 1822 754 1854 vidc-

54 1873 149 1913 licet‚
166 1873 254 1914 quod
271 1874 332 1903 ἀπὸ
347 1875 449 1904 κοινοῦ
463 1873 697 1905 advocandum
710 1883 753 1905 ex

55 1924 206 1964 sequenti
224 1933 333 1954 versu.
359 1924 476 1955 Barth.

100 1976 163 2005 366
185 1975 372 2005 Jamdudum
384 1975 518 2013 geminoe
533 1973 664 2012 cessant]
697 1974 753 2004 Sic

59 2023 111 2054 ed.
131 2023 270 2054 vicent.
288 2024 430 2064 Gyrald.
449 2023 607 2054 Patavin.
622 2024 754 2054 Eccles.

59 2074 202 2106 Cathed.
220 2080 386 2114 excerpta
409 2074 601 2114 Pomponii,
625 2079 660 2104 et
678 2074 754 2104 Cla-

56 2125 142 2156 verii
159 2124 280 2162 codex,
297 2124 351 2164 qui
382 2130 493 2154 tamen
520 2125 647 2162 egelidoe
670 2134 755 2164 prm-

55 2175 135 2207 fert.
180 2176 248 2206 Sed
265 2175 389 2206 docere
412 2185 471 2206 uos
488 2176 675 2211 debuisset,
694 2185 754 2206 cur

55 2227 176 2266 egelida
193 2226 272 2256 libra
287 2231 436 2256 vocetur.
481 2226 619 2265 Vulgati
631 2226 754 2265 gelidoe.

57 2277 201 2308 Lucens.
228 2281 263 2307 ct
290 2276 416 2315 Regius
436 2276 609 2315 gelidaque
632 2280 752 2306 vacant.

59 2328 164 2368 Lego,
188 2328 381 2368 geminoeque
410 2331 539 2358 vacant:
562 2333 598 2357 ut
624 2329 751 2358 Lucan.

54 2377 114 2408 lib.
132 2387 155 2408 1.
185 2387 262 2417 pars
275 2378 402 2408 «theris
417 2378 469 2408 illa
490 2378 592 2408 sereni
610 2378 686 2408 Tota
703 2388 754 2408 ta—

53 2430 121 2459 cet:
155 2428 212 2458 ubi
243 2428 339 2467 plura
369 2427 471 2458 habes
499 2427 531 2458 in
556 2427 643 2458 hanc
671 2438 753 2459 rem.

57 2477 288 2508 Distinctione
318 2479 419 2508 etiam
455 2478 568 2508 locum
592 2478 753 2518 juvimus.

56 2526 279 2558 Bau-thianum
295 2529 399 2558 sedeas
415 2538 475 2567 pro
491 2529 576 2559 sedes
591 2528 671 2569 quid
688 2529 752 2560 sibi

54 2576 137 2606 velit
151 2586 216 2606 non
234 2587 404 2618 assequor.
429 2578 473 2608 D.
494 2578 605 2609 HeIns.

103 2625 242 2656 Gemina>
257 2628 376 2667 Librtr]
399 2628 573 2659 Justitiam
590 2629 678 2660 enim
695 2630 753 2670 qni

60 2675 113 2704 vel
130 2675 273 2714 pingunt
289 2679 343 2708 vel
367 2678 511 2719 fingunt,
534 2679 574 2710 τὰ
596 2679 679 2720 ζυγὰ
704 2681 754 2711 καὶ

55 2723 96 2754 τὰ
112 2724 235 2761 σταθμὰ
250 2726 390 2764 addunt,
417 2730 604 2762 indicantes
627 2737 754 2763 cuncta

59 2775 151 2806 illam
169 2774 336 2805 homiuum
353 2776 446 2809 facta
461 2780 753 2822 cogitationesque

140 2830 254 2870 Delplt.
269 2833 298 2861 et
317 2831 388 2862 I'ur.
406 2832 491 2864 Clas.

721 2835 838 2866 Claud.

1406 216 1518 258 1266

815 313 997 354 (Παθμίζειν
1033 314 1083 346 καὶ
1108 314 1326 355 ζυγοστατεῖν.
1375 320 1515 351 (sennium

815 374 896 404 ergo
920 369 1063 405 propter
1089 365 1171 396 (luas
1199 367 1314 396 lances
1331 377 1349 397 a
1378 374 1514 402 staterae

808 415 892 454 jugo
932 416 1110 455 a¹qualiter
1146 415 1403 455 dependentes:
1445 425 1514 450 tum

814 474 914 504 quum
929 464 984 495 Sol
999 465 1151 495 inLibrae
1163 465 1262 495 ‹lomo
1275 468 1515 506 versatur‚dici

814 516 994 556 noctisque
1022 515 1112 546 vices
1138 517 1286 555 :equales
1313 525 1396 547 esse.
1457 518 1516 549 Sin

809 565 923 602 gelida»
938 565 1044 605 legas,
1068 565 1261 603 dicendum,
1278 567 1356 607 quia
1384 571 1515 599 autum-

814 615 892 645 nale
923 617 1067 657 signum,
1095 622 1131 648 et
1172 618 1301 649 idcirco
1342 618 1514 660 frigidum.

815 664 938 696 DeIrio.

860 717 923 746 369
950 717 1034 747 Tuus
1048 715 1123 755 iste]
1160 716 1201 746 Τὸ
1231 717 1289 747 iste
1318 718 1513 758 ignominio-

813 775 884 795 sum
899 770 962 798 est.
996 767 1045 797 Eo
1063 767 1152 797 enim
1169 771 1312 799 utuntur
1328 770 1512 810 scriptores

813 825 887 846 cum
902 815 1046 846 ludibrio
1061 816 1291 848 adversarium
1305 819 1445 858 liabent,
1456 826 1515 853 aut

812 870 1005 897 contemtus
1047 867 1157 907 gratia
1196 878 1317 900 nomen
1355 871 1513 904 reticent.

811 916 928 948 Barth.

853 968 916 997 370
939 967 1105 1007 Ipsumque
1125 967 1251 1007 fatigat
1278 970 1410 1010 ‹ether-a]
1434 971 1512 1002 Vir-

809 1016 865 1057 gil.
888 1017 897 1032 ‘
915 1020 951 1047 et
966 1018 1087 1047 coelum
1104 1018 1240 1048 territat
1256 1020 1382 1050 armis.’

850 1069 911 1097 371
938 1068 1005 1098 Nec
1023 1068 1077 1098 vili
1095 1069 1227 1099 moriens
1241 1071 1388 1100 condetur
1399 1072 1511 1112 arena]

808 1117 945 1149 Indicat
958 1117 1128 1157 Rufinum,
1140 1118 1204 1149 diis
1216 1124 1249 1150 et
1262 1120 1452 1152 hominibus
1466 1123 1514 1154 in.-

809 1168 931 1207 visum,
946 1178 989 1199 ne
1005 1168 1167 1199 vilissima
1183 1170 1318 1210 quidem
1343 1181 1445 1203 arena
1461 1182 1512 1204 se·

807 1219 941 1258 pultum
968 1219 1032 1257 iri;
1055 1229 1131 1261 quae
1164 1225 1259 1251 certe
1289 1226 1444 1253 extrema
1475 1228 1511 1255 et

807 1269 943 1299 miseria
967 1274 1004 1300 et
1030 1279 1141 1309 poena.
1186 1270 1365 1311 Horatius,
1395 1272 1455 1303 lib.
1485 1282 1511 1305 1.

808 1318 875 1350 Od.
892 1321 944 1349 28.
988 1318 1114 1350 Arenae.
1128 1325 1241 1351 autem
1258 1322 1365 1352 tenuis
1380 1322 1511 1363 insper-

807 1368 856 1400 sio
874 1369 1027 1409 quamvis
1055 1371 1232 1410 sepultura
1260 1381 1325 1402 non
1343 1378 1430 1411 erat,
1450 1374 1508 1413 jus

809 1423 920 1450 tamen
957 1420 1030 1460 ejus
1068 1420 1248 1451 obtinebat
1287 1423 1509 1461 persuasione

806 1468 953 1509 Paganae
969 1470 1233 1509 superstitionis.
1258 1471 1358 1503 Unde
1374 1472 1507 1514 Archy-

807 1524 858 1549 tas
931 1526 1092 1560 precatur
1148 1521 1239 1562 apud
1302 1523 1506 1555 Horatium:

805 1570 1041 1610 ‘Quamquam
1068 1570 1223 1612 fectinas,
1250 1582 1314 1603 non
1345 1579 1396 1604 cst
1414 1584 1508 1606 mora

805 1619 917 1659 longa,
930 1620 1048 1651 licebit
1066 1620 1198 1661 Injecto
1217 1627 1270 1652 ter
1279 1623 1420 1663 pulvere
1433 1634 1508 1655 cur-

805 1670 881 1701 ras.'
905 1671 1020 1701 Barth.

848 1722 910 1750 372
934 1722 1068 1761 Jamque
1082 1722 1199 1762 aderit]
1223 1722 1507 1755 Quasidivinitus

809 1769 910 1800 rebus
927 1770 1121 1802 infelicibus
1137 1772 1332 1813 Sospitator
1345 1775 1512 1807 adventu-

806 1830 875 1851 rus.
901 1821 998 1852 Idem.

849 1875 911 1902 373
937 1873 1052 1903 Fratre
1064 1873 1202 1913 corusco]
1226 1874 1397 1916 Glorioso,
1420 1876 1509 1907 illus-

806 1922 860 1952 tri.
906 1923 1079 1954 Sidereum
1105 1933 1196 1964 saepe
1230 1925 1380 1956 Heroe'm
1409 1930 1509 1958 vocat

805 1972 924 2003 eodem
941 1983 1051 2004 sensu.
1097 1973 1271 2006 Alluditur
1291 1975 1388 2007 simul
1408 1977 1510 2017 juve-

805 2023 882 2052 nilis
899 2022 1016 2062 decor,
1042 2034 1142 2064 quem
1170 2025 1294 2066 ubique
1321 2027 1355 2057 in
1383 2027 1509 2067 princi-

807 2083 885 2114 pum
903 2080 1006 2105 aetate
1024 2075 1082 2105 illa
1098 2076 1214 2107 laudat
1231 2077 1397 2109 adulator.
1412 2078 1508 2110 Idem.

849 2126 911 2154 374
938 2125 1001 2159 Qui
1016 2126 1154 2166 subiget]
1178 2126 1310 2166 Subigat
1339 2135 1374 2159 et
1402 2133 1506 2168 prote-

804 2178 853 2204 rat
871 2174 1015 2205 Lucens.
1033 2175 1178 2207 rectius:
1204 2177 1255 2217 qui
1274 2181 1424 2217 proteret,
1442 2188 1509 2211 non

805 2228 832 2253 et
852 2224 981 2255 Moreti
1006 2226 1110 2264 prior,
1135 2237 1290 2266 nervose,
1318 2233 1354 2259 et
1376 2229 1424 2260 sic
1439 2229 1503 2260 Ra-

806 2274 964 2314 pheleng.
989 2276 1031 2306 D.
1049 2277 1162 2308 Heius.

849 2327 911 2355 375
938 2325 1054 2366 Asper]
1079 2327 1199 2358 Glacie
1230 2333 1423 2366 concretus,
1453 2328 1510 2361 fri·

807 2375 978 2416 gidissimo
1005 2378 1092 2408 enim
1121 2378 1196 2409 loco
1225 2379 1320 2420 situs,
1360 2379 1447 2410 unde
1472 2384 1508 2411 et

806 2427 974 2467 quondam
991 2427 1143 2459 Arcturo
1158 2430 1235 2461 huic
1260 2429 1362 2461 fluvio
1384 2438 1507 2461 nomen

806 2478 883 2517 fuit,
901 2484 939 2509 ut
957 2484 1076 2510 auctor
1092 2479 1300 2512 Plutarchus
1331 2480 1397 2521 περὶ
1413 2492 1508 2511 ποτα-

804 2531 878 2567 μῶν.
905 2529 1019 2561 Barth.

849 2581 912 2609 376
937 2580 1125 2620 Pontemque
1137 2581 1206 2620 pati
1227 2584 1356 2619 cogetur
1368 2579 1507 2619 Araxes]

805 2629 973 2659 Fluminis
989 2630 1177 2668 pernicitas
1198 2635 1231 2660 et
1249 2630 1408 2660 violentia
1428 2638 1505 2668 pro-

804 2679 959 2710 verbium
976 2679 1143 2719 quoddam
1159 2680 1200 2709 de
1218 2690 1253 2709 re
1266 2680 1410 2709 maxime
1427 2686 1507 2717 ope-

805 2738 881 2759 rosa
898 2735 932 2759 et
951 2729 1097 2769 gloriosa
1113 2729 1232 2760 Poetis
1247 2728 1386 2766 dedere,
1401 2727 1507 2758 Arax-

805 2789 858 2810 em
875 2784 983 2820 ponte
998 2784 1164 2811 sternere.
1194 2779 1314 2821 virgil.
1328 2778 1388 2809 lib.
1405 2788 1504 2812 vnn:

1351 2835 1371 2863 4
1388 2832 1416 2863 L
