1851 3213
298 226 320 266 1
330 220 412 268 190

785 232 862 265 CL.
895 231 1178 264 CLAUDIAN!
1213 232 1274 262 CI.

301 331 392 373 Aut
412 331 545 373 sunda
563 330 780 373 violenter
800 341 922 379 aves,
943 331 1209 380 noctemque
1232 327 1313 369 sub
1337 324 1470 366 astris

299 399 474 453 Exigis,
498 403 541 440 et
560 411 716 453 puram
737 397 889 439 fractis
909 397 1027 437 bibis
1049 396 1254 436 amnibus
1271 394 1447 434 undam.

300 467 540 507 Immanem
561 467 722 506 interea.
741 465 922 505 Nemeae
945 476 1020 517 per
1039 463 1178 504 lustra
1196 463 1364 503 leonem

1709 460 1766 502 75

300 534 408 588 Ipsa
429 533 689 575 Chimaeraea
711 536 880 572 cretum
902 531 957 572 (le
980 534 1104 584 gente
1127 543 1321 571 noverca

301 601 354 642 In
376 606 452 643 tua
471 601 670 655 depastis
691 599 891 641 armabat
907 602 1012 640 vota
1025 599 1245 653 juvencis,

307 670 591 723 Augebatque
610 668 700 709 fero
719 669 850 715 vires,
873 667 1130 720 rabiemque
1145 666 1349 720 juvabat,

303 737 522 778 Naturam
543 738 687 777 minus
707 748 804 777 esse
822 739 998 788 putans.

304 804 497 845 Funera!
529 816 662 857 quam
680 803 837 842 multos
859 801 1010 841 stravit
1035 814 1135 841 cum
1156 800 1359 841 dentibus
1381 802 1536 854 apros!

1060 734 1171 774 Heu'
1189 738 1354 787 quanta
1370 734 1561 774 virorum

303 871 407 912 Non
426 871 547 911 illum
569 881 738 922 magnae
760 869 955 910 viduatis
975 868 1196 909 montibus
1214 869 1348 909 urbes

304 937 541 978 Armorum
561 936 726 989 fregere
746 936 894 985 minis,
920 934 1140 989 Martique
1160 935 1385 977 domando

303 1004 525 1046 Assuetas
542 1017 690 1045 morsu
712 1004 828 1045 fudit
847 1004 1050 1057 graviore
1073 1006 1285 1045 catervas.

305 1071 440 1113 Hunc
462 1071 607 1125 gravis
629 1071 900 1126 Eurystheus
919 1070 1058 1126 (nam,
1080 1075 1122 1112 te
1145 1083 1424 1125 quocumque
1445 1071 1633 1121 levares,

297 1214 411 1252 jaculis
426 1213 586 1252 timendis,
603 1216 633 1244 et
647 1223 722 1244 arcu
736 1213 856 1244 intento
870 1216 925 1244 aut
941 1211 1047 1251 funda
1062 1212 1177 1244 sternis
1188 1212 1290 1243 acrius
1305 1213 1442 1242 volucres
1457 1211 1571 1252 nerins,
1590 1215 1620 1243 et
1634 1212 1774 1243 traducis

305 1260 424 1288 noctem
439 1257 492 1287 sub
510 1257 585 1296 Dio,
606 1259 636 1287 et
648 1259 740 1296 potas
754 1266 865 1295 aquam
887 1266 1001 1296 puram
1018 1256 1132 1296 fluviis
1152 1256 1265 1295 ruptis·
1313 1255 1446 1285 Interim
1461 1264 1591 1286 noverca
1609 1259 1665 1286 tua
1685 1255 1705 1287 J
1711 1264 1776 1286 uno

306 1301 374 1339 ipsa
387 1299 528 1329 armabat
552 1300 669 1329 leonem
685 1301 895 1339 portentosum
919 1308 977 1338 per
988 1299 1090 1338 sylvas
1113 1298 1286 1333 Nmzeaeas,
1309 1297 1442 1327 leonem
1464 1297 1606 1335 genitum
1628 1299 1664 1329 de
1679 1298 1777 1337 stirpe

310 1342 496 1380 Chimeroea,
509 1341 663 1371 armabat
677 1346 790 1371 autem
807 1342 838 1371 in
854 1340 1007 1371 desideria
1024 1343 1078 1370 tua
1096 1340 1196 1370 tauris
1212 1339 1377 1378 dez-oratis,
1390 1343 1419 1370 et
1435 1339 1623 1378 adjungebat
1640 1340 1777 1372 animali

300 1385 372 1422 sero
394 1385 488 1421 vires,
504 1387 533 1414 et
560 1383 723 1421 adjurabat
742 1383 886 1422 furorem
913 1383 1031 1422 ipsius,
1048 1383 1232 1413 existimaus
1247 1385 1392 1412 naturam
1409 1392 1468 1412 non
1493 1384 1641 1424 sufficere.
1678 1383 1779 1415 Heu!

308 1429 379 1466 quot
407 1430 522 1457 mortes
547 1426 701 1456 hominum
715 1424 729 1455 ,¹
786 1426 889 1460 Quam
912 1426 1023 1455 multos
1049 1425 1103 1455 hic
1131 1425 1183 1454 leo
1205 1424 1378 1464 prostravit
1403 1434 1494 1465 apros
1518 1425 1660 1456 dentibus
1688 1425 1774 1457 suis!

312 1468 411 1499 Urbes
425 1469 567 1508 ingentes
582 1468 743 1499 exhaustis
758 1468 905 1499 moenibus
927 1478 986 1498 nun
1003 1468 1183 1498 domuerunt
1205 1468 1292 1497 illum
1309 1468 1440 1497 leonem
1464 1470 1582 1498 terrore
1604 1477 1757 1499 armorum
1770 1479 1780 1499 .·

306 1512 407 1543 immo
421 1512 476 1542 ine
487 1511 597 1542 delevit
611 1521 711 1542 morsu
723 1511 999 1541 atrocioreturmas
1010 1510 1198 1547 ‹ts-saductus
1210 1509 1434 1547 belloserendo‘
1449 1511 1642 1551 Eurystheus
1652 1510 1779 1542 acerbus

306 1555 454 1595 (etenim,
470 1564 655 1596 quocumque
664 1553 768 1592 ferres
779 1557 822 1594 te,
829 1553 938 1592 fatum
952 1554 996 1584 sic
1010 1553 1168 1584 auxilians
1180 1552 1350 1591 orbijussit
1368 1558 1402 1584 te
1413 1553 1484 1594 pati
1491 1553 1582 1591 jussa
1593 1553 1721 1594 tyranni
1731 1563 1778 1585 se—

923 1649 997 1661 ete!
1002 1649 1038 1661 θ’
1043 1649 1116 1660 ›ee-e
1122 1648 1159 1660 ‘e

309 1715 389 1747 Aid.
406 1715 505 1746 Ludis
519 1715 552 1746 in
568 1714 714 1746 millerias
732 1714 854 1754 Isingr.
872 1715 1005 1755 Gryph.
1032 1717 1063 1744 rt
1086 1714 1179 1744 oerz'as
1195 1713 1418 1744 Cimon—74
1441 1713 1568 1743 crudam
1594 1722 1654 1754 pro
1667 1723 1781 1753 puram

308 1757 394 1797 conj.
412 1758 618 1789 Heium—75
646 1757 763 1787 Nemea
779 1757 858 1788 ΑΜ.
878 1757 1004 1797 Isiiigr.
1023 1756 1240 1797 Gryph.—77
1255 1755 1330 1793 sata
1345 1765 1406 1796 pro
1423 1759 1493 1786 vota
1513 1755 1707 1788 [Νίκῃ-78
1731 1766 1781 1787 ra-

306 1800 443 1840 biemque
458 1800 588 1831 novabat
605 1800 817 1840 conjiciebat
840 1799 1051 1830 Heins.-79
1085 1802 1259 1840 quantaque
1273 1808 1412 1830 errorum
1428 1798 1595 1829 Ald.—81
1632 1798 1779 1830 moem'bus

308 1852 370 1884 pro
386 1842 539 1874 ‚nantibus
554 1842 722 1874 Ald.-83
741 1852 859 1874 morsus
871 1841 1039 1874 Ald.—84
1063 1853 1121 1883 quo
1136 1845 1247 1873 cuncta
1260 1840 1339 1873 Ald.
1357 1850 1493 1872 moveres
1506 1841 1596 1882 c'onj.
1615 1841 1780 1873 Heius.—

970 1949 1115 1982 NOTAE

306 2024 400 2055 mina
429 2024 575 2065 primum
611 2022 826 2065 Deferimus,
853 2033 1015 2066 saevoque

307 2075 383 2115 gelu
401 2074 562 2105 duramus
581 2079 616 2106 et
633 2074 757 2106 undis.’

352 2127 392 2156 74
420 2125 538 2156 Puram
554 2125 683 2165 undam]
706 2125 839 2167 Aquam
857 2125 1008 2157 crudam.

350 2178 391 2206 75
411 2175 552 2216 Nemeae]
582 2176 701 2207 Nemea
719 2176 771 2207 vel
790 2176 906 2207 Nemee
922 2177 1019 2218 sylva

307 2224 464 2267 Achaiae,
479 2226 511 2257 in
527 2237 594 2268 qua
608 2227 779 2258 Hercules
796 2227 926 2258 leonem
941 2236 1018 2267 por-

308 2280 453 2307 tentosae
471 2277 716 2317 magnitudinis
729 2276 900 2308 confecit:
928 2277 1018 2308 unde

308 2330 344 2357 et
360 2326 536 2357 celebrata
551 2328 728 2366 Nemeaea,
750 2328 806 2369 qui
823 2328 894 2358 ludi
921 2332 1020 2359 erant

309 2377 344 2408 in
357 2376 518 2407 Herculis
534 2377 695 2408 honorem
712 2378 873 2409 instituti.

351 2431 396 2460 76
421 2428 621 2468 Chimoeroea]
647 2429 714 2460 Hic
730 2429 840 2461 Poeta
851 2429 935 2461 facit
951 2431 1020 2461 leo-

309 2488 388 2510 nem
402 2479 603 2510 Netneaeum
618 2479 787 2510 Chimaera
803 2485 914 2511 satum
930 2491 938 2519 3
964 2480 1020 2511 alii

309 2528 442 2560 faciunt
461 2528 639 2559 Chimaerae
650 2527 813 2560 fratrem:
833 2531 889 2561 alii
903 2531 1022 2562 dicunt

311 2588 388 2611 eum
397 2589 438 2609 ex
452 2578 551 2619 globo
564 2579 670 2610 Lunae
683 2579 871 2611 decidisse:
891 2582 945 2611 alii
956 2581 1023 2611 alia

311 2628 473 2670 afferunt,
490 2635 525 2660 ut
542 2631 575 2660 in
594 2638 629 2660 re
646 2628 802 2660 fabulosa
818 2630 890 2661 fieri
910 2631 1006 2662 solet.

354 2683 395 2711 77
419 2680 585 2721 Armahat]
614 2681 703 2712 Juno
728 2681 870 2711 armabat
893 2682 1019 2721 leonem,

311 2734 456 2762 naturam
488 2732 589 2762 minus
615 2741 678 2762 esse
704 2735 819 2771 putans
831 2742 842 2768 ‚·
869 2733 931 2763 hoe
956 2737 1020 2771 est,

312 2782 511 2814 existimans
521 2782 709 2814 naturalem
725 2782 833 2813 leonis
845 2781 1020 2814 feritatem

1071 2023 1235 2054 minorem
1253 2031 1326 2053 esse
1343 2021 1385 2053 ad
1406 2021 1668 2062 opprimendum
1692 2022 1781 2054 Her-

1071 2074 1195 2113 culem,
1211 2083 1288 2104 eum
1307 2072 1511 2113 impellebat
1532 2072 1575 2103 ad
1592 2076 1707 2104 tauros
1723 2072 1781 2104 de-

1072 2125 1254 2164 vorandos,
1284 2125 1406 2166 quibus
1435 2124 1607 2156 devoratis
1632 2127 1692 2155 aut
1725 2124 1783 2156 de-

1073 2175 1178 2217 pastis
1196 2174 1342 2206 ferocior
1358 2174 1543 2206 evaderet:
1573 2174 1632 2206 sed
1649 2175 1782 2207 contin·

1072 2226 1174 2267 gebat
1191 2236 1233 2257 ex
1247 2230 1326 2257 voto
1343 2236 1403 2256 seu
1419 2225 1591 2257 desiderio
1607 2225 1782 2265 Herculis,

1073 2275 1345 2317 quod‚confect0
1359 2280 1509 2306 monstro
1527 2275 1784 2315 ferocior-emia-

1066 2326 1176 2366 jorem
1201 2325 1318 2366 gloriae
1337 2330 1489 2366 segetem
1514 2330 1603 2357 esset
1618 2326 1784 2357 collectu-

1076 2386 1143 2406 rus.

1118 2429 1159 2458 80
1186 2426 1326 2466 Funera]
1355 2427 1448 2460 Quot
1473 2427 1627 2459 homines
1653 2426 1784 2459 occidit

1075 2478 1130 2509 leo
1148 2478 1351 2508 Nemeaeus!
1659 2486 1660 2489 ¹

1119 2529 1159 2559 84
1176 2527 1323 2567 Lerares]
1348 2528 1572 2568 Quocumque
1585 2532 1617 2558 te
1634 2528 1784 2568 levares,

1077 2578 1200 2616 ferres,
1228 2579 1428 2616 attolleres3
1459 2579 1508 2609 ita
1532 2577 1612 2609 fatis
1638 2579 1784 2610 volenti-

1076 2630 1138 2661 bus
1156 2628 1346 2669 imperabat
1370 2629 1596 2669 Eurystheus,
1610 2629 1666 2669 qui
1685 2633 1720 2659 et
1735 2628 1785 2660 di-

1076 2681 1166 2711 citur
1186 2681 1350 2720 Tyrannus
1373 2679 1555 2717 Argolicus,
1583 2679 1670 2719 quod
1693 2682 1786 2710 esset

1075 2732 1149 2762 Rex
1167 2731 1392 2771 Mycenarum
1411 2729 1443 2759 in
1458 2729 1710 2770 Peloponneso,
1726 2738 1785 2760 cu·

1069 2783 1127 2823 jus
1142 2792 1220 2824 pars
1234 2786 1287 2813 est
1303 2781 1408 2821 Argia
1423 2789 1483 2812 seu
1502 2780 1640 2820 Argolis.

1848 2339 1851 2351 ..
1848 2288 1851 2324 -Α
1848 2251 1851 2279 ..ψ
1844 1612 1851 2244 -ῄ--η--ΜΑῧο-ΔΜ
