1851 3213
311 229 331 272 ]
340 228 426 271 214

311 339 394 365 tuna
409 333 501 365 viro.'

354 388 393 417 n
418 385 483 416 His
517 394 613 424 neque
644 393 702 424 per
733 382 875 423 dubium]
913 382 1017 413 Liber

308 435 453 466 Barthio
477 435 643 466 collatus:
669 434 735 464 His
754 443 848 473 neque
860 443 916 473 per
928 432 1016 464 dubi-

307 496 360 517 um
386 486 482 526 pendi
505 485 646 516 Fortuna
672 494 830 524 pavorem,
857 484 935 524 Nec,
963 485 1014 522 ᾅϊ.

307 536 385 568 Hoc
402 543 465 575 est,
482 537 622 577 Ignorat
639 535 816 573 aestimari,
838 545 904 565 non
929 535 1016 565 solet

306 588 440 619 censeri
459 588 500 618 ab
517 587 567 617 his
590 586 695 617 dubio
718 595 855 628 pavore.
901 585 1015 625 Scrip-

306 642 384 670 tura
412 638 574 679 eleganti,
598 647 673 668 cum
701 636 743 667 de
760 636 894 677 judicio
910 635 1014 666 homi-

305 692 384 721 n'um
402 689 744 730 prudentissimorum
761 688 933 728 loquatur,
957 687 1013 728 qui

305 741 491 772 Fortunam
515 740 620 780 ipsam
637 740 669 770 in
686 749 744 769 suo
761 738 910 769 habeant
925 737 1012 768 arbi-

305 791 384 822 trio.
422 791 538 822 Barth.

351 842 470 873 Pendet
497 841 636 871 Fortuna
653 837 813 877 furorem]
859 837 915 867 Sic
940 837 1012 876 jam

304 902 390 932 puer
405 892 484 922 olim
498 889 681 930 legendum
699 888 766 930 vidi
782 899 790 925 ;
809 887 897 928 quod
910 896 1013 917 mem-

302 941 418 972 branae
450 945 583 979 septem
611 944 670 969 aut
697 943 776 969 octo
798 937 1011 968 confirmant.

303 991 402 1022 Vidit
428 995 463 1021 et
489 989 649 1021 Barthius
666 989 699 1019 in
717 989 821 1029 priori
839 988 1010 1019 editione:

301 1050 380 1072 nam
397 1041 429 1071 in
448 1040 632 1081 posteriori
652 1049 713 1079 pro
731 1039 869 1079 vulgata
881 1043 1011 1078 pugnat

302 1091 487 1122 immerito,
534 1090 723 1130 Perper-am
746 1088 911 1119 hactenus
942 1088 1010 1119 lec-

303 1146 374 1172 tum
393 1151 550 1182 pavorem.
587 1139 803 1171 Tantundem
834 1143 886 1170 est
914 1149 953 1169 ae
983 1139 1010 1169 si

302 1193 457 1232 dixisset,
471 1191 610 1223 fortuna
626 1191 675 1221 bis
689 1200 754 1221 non
770 1190 899 1231 pendet
915 1199 932 1220 a
951 1189 1009 1219 du-

300 1245 357 1276 bio
373 1243 501 1284 favore,
525 1253 592 1274 non
608 1243 738 1273 debent
762 1241 916 1272 fortunas
933 1251 1010 1271 suas

279 1317 282 1323 ,
301 1295 405 1326 dubio
432 1294 550 1325 favori.
597 1294 626 1324 P
644 1298 679 1323 et
695 1294 721 1323 F
739 1293 772 1323 in
800 1292 1010 1332 manuscrip-

301 1346 344 1377 tis
368 1346 561 1386 promiscue
588 1343 752 1375 confundi
782 1348 921 1373 notum:
961 1343 1010 1374 ita

300 1395 389 1436 apud
403 1395 478 1426 Val.
496 1395 654 1425 Flaccum
673 1394 731 1424 lib.
752 1403 805 1424 111.
823 1403 890 1423 non
907 1394 1009 1433 longe

299 1456 319 1476 a
346 1444 426 1485 fine,
456 1445 595 1484 legitur,
617 1445 626 1461 ‘
648 1444 724 1474 Non
757 1453 797 1474 ea
821 1442 879 1474 fax
911 1443 1010 1483 odiis,

299 1496 477 1536 oblitaque
514 1495 652 1526 numine
689 1493 777 1525 fesso
809 1495 900 1527 Juno
927 1494 1009 1525 sui:'

299 1539 454 1586 cunrpux
469 1545 683 1577 scribendum
702 1545 758 1575 sit.
805 1544 872 1576 Sed
889 1544 1008 1575 modus

298 1597 533 1638 exemplorum
562 1605 630 1626 non
661 1600 773 1626 esset:
811 1595 855 1626 de
885 1595 1007 1636 quibus

298 1647 389 1678 alibi.
435 1647 513 1677 Hoc
530 1646 666 1677 interim
685 1645 724 1676 ὣς
739 1645 771 1676 ἐν
787 1644 920 1686 παρόδῳ.
960 1646 1006 1676 D.

301 1698 415 1730 Heius.

343 1751 382 1780 12
407 1747 582 1789 Sedfixus,
598 1748 664 1788 Sym]
700 1748 786 1778 Fato
815 1747 923 1778 veluti
951 1747 1006 1777 de-

296 1799 387 1832 bitus
402 1804 438 1830 et
454 1798 645 1829 immobilis

344 1852 383 1880 13
403 1847 548 1879 Procedit
575 1847 683 1887 honos]
721 1847 852 1878 Ordine
875 1857 940 1877 non
958 1847 1005 1877 in-

298 1903 468 1939 terrupto.
515 1898 606 1929 Hinc
624 1907 811 1938 cognomen
830 1902 931 1928 nacta
948 1908 1005 1929 no-

296 1951 409 1982 bilitas
440 1949 669 1981 Probinorum
702 1954 738 1980 et
768 1949 1005 1989 olybriorum,

297 2006 335 2032 ut
359 2001 512 2032 Trabeata
544 2000 725 2041 speciatim
756 2000 1003 2041 appellaretur.

297 2052 413 2084 Barth.

342 2101 560 2141 Quemcunque
577 2101 728 2141 requires]
754 2101 889 2142 Require
903 2101 1004 2142 pleri-

297 2161 362 2194 que
379 2157 524 2183 vetereS.
562 2153 606 2183 D.
624 2152 737 2182 Heius.

342 2208 380 2235 15
398 2203 576 2242 Pcrsusces
588 2207 791 2235 numerantur·
802 2203 869 2244 avi]
884 2203 1005 2244 Singu-

296 2254 347 2286 los
371 2259 502 2294 patrum
521 2255 569 2284 ait
586 2254 750 2285 Consules
774 2253 897 2285 fuisse:
924 2263 1004 2284 avos

296 2313 507 2345 proavosque
522 2314 651 2341 omnes,
672 2305 862 2335 nominibus
881 2305 1002 2336 Fastos

296 2354 486 2386 decorasse.
533 2354 588 2385 Ab
612 2355 710 2385 initio
725 2355 814 2386 enim
832 2356 1003 2396 principa-

298 2412 350 2436 tus
382 2405 598 2436 Constantini
625 2406 755 2445 Magni,
777 2406 883 2437 Probi
900 2411 1003 2437 stem-

296 2467 352 2488 ma
367 2455 524 2495 effloruit,
547 2466 657 2497 eoque
686 2466 735 2488 lv.
765 2458 912 2488 Consule
936 2457 1003 2489 fuit

296 2506 485 2538 Probianus
519 2507 572 2537 vel
607 2507 776 2538 Probinus
814 2509 1003 2540 Proconsul

295 2556 424 2593 Africae
440 2569 448 2595 3
467 2557 545 2588 dein
560 2558 682 2599 Crispo
696 2558 841 2589 Consule
859 2559 1002 2590 Probia—

297 2616 378 2646 nus3
403 2607 463 2638 sub
491 2608 692 2638 Constantio
722 2608 889 2648 Olybrius
917 2610 1001 2641 Pro-

297 2659 412 2689 consul
425 2656 568 2696 Africae,
584 2659 663 2689 dein
680 2659 720 2690 P.
738 2659 774 2690 F.
790 2660 877 2690 urbi.
911 2661 999 2691 Exin

297 2709 432 2740 Probus
457 2710 564 2741 Praef.
595 2711 702 2742 Praet.
724 2717 843 2752 postea
873 2713 1000 2744 Consul

296 2769 371 2792 cum
387 2761 576 2802 Gratiano;
600 2767 719 2804 postea
736 2763 896 2805 Olybrius
914 2765 1000 2796 Con-

297 2812 349 2844 sul
376 2821 453 2845 cum
483 2812 645 2846 Ausonio.
696 2814 730 2845 Is
757 2824 838 2846 vero
864 2815 999 2847 Probus

585 238 728 269 NOTAE
762 236 1030 268 VAR10RUM

1067 236 1116 265 ΙΝ
1152 236 1226 265 CL.
1259 235 1443 266 CLAUD.
1477 236 1506 264 1.

1068 332 1168 372 longo
1196 334 1349 371 tempore
1377 330 1512 361 domum
1539 337 1599 360 sua
1614 329 1691 360 luce
1707 329 1777 360 ela-

1067 383 1168 421 ravit,
1192 382 1301 413 donec
1339 381 1502 421 Olybrius
1534 383 1571 410 et
1601 378 1777 411 Probinus

1067 432 1190 463 fierent
1207 433 1384 463 Consules.
1413 430 1585 461 Cluverius.

1110 482 1296 524 Semperque
1312 486 1436 520 renata,
1451 480 1520 522 Esca]
1557 479 1693 511 Nullam
1716 479 1775 510 ob-

1066 534 1265 565 scuritatem
1297 533 1437 564 subiisse
1470 540 1576 572 genus
1608 529 1685 569 hoc,
1712 528 1774 560 sed

1066 584 1130 616 sibi
1151 594 1317 625 quemque
1335 593 1396 624 per
1418 582 1538 623 gradus
1560 580 1774 612 nobilitatem

1065 635 1189 666 avitam
1219 644 1395 675 reparasse
1423 634 1493 664 ait:
1518 632 1674 663 indicans
1703 639 1773 661 uon

1066 690 1132 716 tam
1145 686 1298 726 jactasse
1311 690 1452 716 stenima
1469 693 1569 725 quam
1583 682 1773 713 vindicasse

1064 736 1128 766 sibi
1159 737 1382 766 contentione
1409 735 1573 766 virtutum
1595 737 1631 763 et
1652 732 1775 773 gloriae

1065 796 1140 816 cum
1175 787 1336 826 patribus.
1398 786 1492 816 Viror
1535 789 1660 823 autem,
1698 783 1773 823 flos,

1063 835 1145 873 ἀκμὴ
1172 836 1335 876 cujusque
1372 836 1422 866 rei
1460 839 1688 872 memoratum
1724 834 1772 865 sic

1062 887 1166 917 virens
1192 886 1385 917 existimatio
1401 885 1492 926 apud
1515 885 1769 925 Symmachum.

1062 937 1180 967 Barth.

1107 991 1148 1019 16
1184 988 1308 1018 Prolem
1337 986 1413 1025 fula
1450 985 1529 1026 ειη]
1581 984 1771 1016 Auctorem

1062 1049 1157 1069 suum
1184 1039 1364 1069 aemulatur
1381 1042 1417 1069 et
1440 1034 1625 1077 παρῳδιάζει
1646 1036 1772 1077 Papin.

1061 1099 1085 1120 1.
1097 1088 1264 1120 Thebaid.
1282 1090 1291 1106 ⁴
1305 1088 1521 1119 immutabile
1538 1087 1664 1119 sanctis
1682 1087 1772 1118 Pon-

1061 1139 1122 1170 dus
1151 1138 1248 1170 adest
1278 1138 1404 1178 verbis,
1432 1142 1467 1168 et
1490 1148 1606 1168 vocem
1631 1136 1704 1169 fata
1719 1147 1772 1169 se·

1060 1190 1233 1232 quuntur.’
1256 1190 1372 1221 Barth.

1106 1244 1143 1272 17
1171 1241 1361 1272 Continuum
1377 1240 1488 1276 simili,
1504 1239 1574 1279 esa]
1608 1238 1649 1270 In
1665 1249 1769 1270 mein-

1060 1291 1174 1321 branis
1204 1291 1301 1323 nobis
1338 1291 1483 1321 collatus
1522 1296 1619 1321 erat:
1661 1290 1769 1321 Conti-

1059 1352 1153 1373 uuum
1164 1342 1261 1372 simili
1277 1341 1438 1379 signantia
1455 1342 1522 1380 lege
1543 1344 1681 1381 nepotem
1694 1352 1705 1377 ;
1730 1346 1768 1372 ut

1062 1394 1155 1422 velut
1180 1393 1414 1423 characterem
1439 1392 1586 1431 aliquem
1604 1392 1768 1422 Consula-

1060 1443 1105 1473 ris
1134 1442 1310 1483 dignitatis
1338 1442 1467 1473 innasci
1489 1441 1616 1472 dixerit
1631 1441 1770 1473 Anicio-

1061 1503 1133 1524 rum
1149 1498 1185 1524 et
1203 1492 1390 1524 Anniorum
1408 1492 1518 1533 stirpi.
1541 1492 1658 1523 Barth.

1105 1546 1145 1575 18
1170 1545 1236 1574 Nec
1269 1543 1430 1584 quisquam
1460 1553 1621 1584 procerum
1650 1542 1770 1584 tentat]

1060 1594 1154 1625 Malo
1167 1597 1283 1625 tentet.-
1307 1599 1345 1624 ut
1376 1593 1467 1634 apud
1493 1593 1652 1633 Statium,
1675 1595 1684 1611 ‘
1702 1604 1766 1625 nec

1061 1651 1095 1676 tu
1110 1646 1258 1676 divinam
1276 1645 1420 1676 AEneida
1436 1644 1554 1676 tenta.'
1591 1645 1636 1676 D.
1649 1645 1765 1676 Heins.

1105 1697 1194 1727 Licet
1221 1707 1282 1727 <ere
1311 1695 1446 1735 vetusto]
1492 1697 1545 1726 De
1583 1695 1766 1736 imaginum

1058 1747 1150 1788 apud
1185 1748 1353 1777 Romanos
1382 1745 1610 1776 aestimatione
1641 1751 1676 1777 et
1704 1756 1766 1777 usu

1059 1798 1134 1837 lege
1170 1796 1293 1837 Polyb.
1331 1795 1390 1826 lib.
1438 1804 1486 1826 vt.
1526 1800 1562 1826 et
1596 1796 1764 1837 Lipsinm,

1059 1849 1169 1879 Elect.
1194 1847 1251 1878 lib.
1278 1857 1301 1878 ι.
1327 1848 1449 1888 Papin.
1473 1847 1586 1879 ‘Quid
1614 1846 1763 1878 referam

1059 1904 1194 1930 veteres
1203 1908 1336 1930 ceraeve
1349 1899 1469 1929 aerisve
1485 1897 1622 1938 figuras,
1633 1898 1668 1929 Si
1681 1898 1763 1939 quid

1059 1949 1204 1990 Apellaei
1227 1950 1378 1990 gaudent
1402 1950 1569 1980 animasse
1596 1949 1757 1980 colores?

1056 2001 1173 2032 Barth.

1101 2056 1140 2083 19
1167 2053 1324 2091 Cingatur
1342 2051 1456 2091 Romu]
1487 2050 1541 2081 Ad
1558 2051 1691 2091 copiam
1706 2059 1770 2082 noe

1054 2103 1171 2134 bilium
1189 2104 1392 2135 Senatorum
1411 2102 1566 2143 respicit,
1582 2103 1638 2144 qui
1654 2103 1768 2144 ipsam«

1056 2157 1196 2187 Romam
1210 2157 1302 2186 velut
1317 2156 1523 2195 compleant.

1097 2211 1139 2239 20
1165 2208 1273 2238 Prima
1289 2208 1358 2237 sede
1370 2205 1493 2245 relicta]
1527 2204 1666 2236 Anicios
1681 2214 1761 2236 suos

1056 2268 1170 2290 omnes
1203 2258 1432 2289 Romanorum
1458 2265 1636 2298 procerum
1661 2255 1761 2287 fami-

1054 2308 1117 2339 lias
1133 2308 1313 2339 nobilitate
1329 2307 1498 2339 excellere
1521 2306 1619 2346 facit,
1634 2316 1761 2347 excep-

1056 2358 1099 2389 tis
1118 2358 1350 2398 PrincipibuS,
1375 2367 1458 2399 quos
1483 2357 1571 2389 forte
1587 2357 1759 2397 fastigium

1055 2409 1237 2439 eximebat.
1273 2409 1388 2439 Barth.

1097 2459 1208 2490 Prima
1230 2459 1316 2499 sede]
1341 2459 1400 2489 Ait
1416 2458 1616 2498 Aucheniis,
1634 2459 1701 2498 vel,
1720 2463 1760 2490 ut

1054 2510 1110 2540 alii
1127 2510 1256 2549 volunt,
1278 2509 1445 2547 Amicus,
1474 2514 1618 2550 propter
1639 2509 1759 2541 nobili-

1053 2566 1161 2592 tatem
1192 2562 1342 2601 generis‚
1370 2560 1453 2591 illud
1485 2571 1504 2590 a
1533 2561 1660 2591 Senatu
1688 2561 1756 2601 pri-

1052 2611 1166 2652 vilegii
1195 2620 1406 2649 concessum,
1435 2614 1470 2641 ut
1505 2609 1660 2641 dicendae
1691 2611 1759 2651 pri-

1053 2672 1105 2692 mo
1154 2663 1229 2693 loco
1268 2661 1447 2692 sententiae
1480 2661 1538 2702 jus
1575 2661 1755 2695 haberent.

1052 2713 1173 2744 Delrio.

1094 2767 1133 2795 21
1160 2765 1240 2795 Jure
1251 2765 1321 2795 licet
1336 2765 1471 2805 certare]
1493 2765 1570 2804 Jus,
1596 2764 1756 2805 jurisdic-

1052 2814 1178 2846 tionem
1195 2814 1350 2855 denotat‚
1370 2815 1557 2856 Honorem,
1570 2815 1754 2856 Magistra-
