1852 3182
608 193 991 222 EPffiRAMMATA.
1415 185 1526 226 1133

75 291 278 345 Namque
295 292 431 338 latex,
453 288 597 329 doctae
619 289 694 341 qui
715 289 869 329 laverit
891 301 969 329 ora
987 287 1180 336 Serenae,

132 359 258 401 Ultra
281 359 500 408 Pegaseas
521 369 682 395 numen
703 356 882 396 habebit
901 368 1058 409 aquaS.

71 486 227 525 preliosoe.
275 482 402 513 Etenim
432 493 510 522 aqua
533 492 599 522 qnae
623 481 770 522 sparserit
798 492 830 512 os
866 482 990 513 Serena·
1020 482 1164 521 eruditae,
1193 480 1315 512 habebit
1332 480 1530 513 divinitatem

72 528 228 568 majorem
241 535 331 566 quam
347 524 448 556 habet
459 535 536 564 aqua
552 525 702 563 Pegason.

683 607 918 618 eeeeeeeeeee

73 679 151 706 tert.
170 674 267 705 Rott.
285 675 436 705 Florent.
456 679 523 704 tres
540 674 634 704 Med.
655 674 775 704 Petav.
790 684 858 705 sec.
884 672 954 703 orbe
970 673 1053 703 Exc.
1073 673 1216 703 Lucens.
1231 674 1345 712 pr.—-3
1362 672 1414 712 qui
1432 671 1529 702 Med.

72 727 123 758 pr.
140 718 206 749 inc.
228 716 343 748 Heius.
361 717 481 748 Petav.
509 727 558 756 pr.
589 717 718 747 Bonon.
742 716 809 747 (Ιιιο
836 716 955 747 Ambr.
987 716 1070 746 Exc.
1100 716 1238 745 Lucens.
1256 724 1307 754 pr.
1346 715 1528 754 quilaverat

71 768 152 798 Var.
177 768 246 799 LL.
273 777 291 797 e
316 777 422 807 marg.
451 767 561 797 parm.
595 765 712 806 ligrun't
740 769 815 798 Vat.
843 772 922 797 teri.
961 766 1114 805 liquerunt
1138 765 1232 795 Med.
1255 775 1323 795 sec.
1357 765 1529 805 liquat-erat

69 809 199 841 Buslid.
235 811 398 850 liquat-eric
426 810 518 841 Rott.
547 810 693 842 Fiorent.
721 812 800 841 Put.
818 810 948 840 Thumi.
974 809 1094 838 Petav.
1119 817 1186 838 sec.
1215 809 1296 838 Exc.
1319 808 1460 838 Lucens.
1478 817 1528 848 pr.

69 853 150 883 Var.
167 853 233 883 LL.
251 853 304 883 ed.
326 852 430 884 Antv.
467 854 625 892 liquereril
641 854 723 885 (lod.
742 855 804 893 Ep.
822 852 937 882 Ambr.
960 861 1027 880 ossa
1042 860 1100 890 pro
1117 861 1169 880 ora
1186 851 1249 880 inc.
1269 850 1385 881 Heius.
1408 860 1460 881 ore
1478 850 1529 880 vel

71 905 123 926 ora
135 895 330 926 Thuan.—4
354 906 461 926 nomen
478 906 537 936 pro
552 906 659 927 numen
677 898 798 927 Petav.
819 905 868 935 pr.
888 894 1017 925 nuslid.
1034 895 1114 923 Var.
1132 892 1201 924 LL.
1216 893 1270 923 ed.
1289 893 1391 924 Antv.

732 1002 870 1034 NOTAE

115 1079 133 1107 3
162 1076 270 1107 Doctae
296 1076 436 1116 Serenoe]
470 1076 556 1108 Haec
581 1076 705 1116 saepius
730 1075 772 1106 ab
827 1075 1002 1111 Serenam,
1015 1073 1122 1113 majus
1134 1072 1418 1103 habebitNumen
1429 1082 1530 1112 quam

72 1126 264 1157 eruditione
280 1126 546 1158 commendatur.
829 1134 916 1166 aqua
930 1123 1037 1155 fontis
1053 1123 1208 1161 Castalii,
1227 1131 1285 1153 seu
1301 1122 1462 1163 Pegasei,
1474 1122 1533 1163 qui

114 1179 134 1207 4
155 1176 246 1208 Ultra
263 1177 432 1218 Pegaseas]
448 1176 545 1218 Aqua
561 1187 636 1219 quae
651 1176 774 1208 laverit
827 1176 898 1207 ictu
917 1174 1012 1216 pedis
1028 1173 1152 1215 Pegasi
1168 1173 1296 1205 extitit.

731 1415 811 1463 LV
820 1415 866 1462 Ι.

170 1594 213 1635 6.
277 1594 361 1635 DE
393 1589 784 1640 CRYSTALLO,
817 1589 926 1630 CUI
957 1587 1139 1639 AQUA
1170 1586 1430 1629 INERAT.

74 1725 198 1767 POSS
207 1735 322 1765 ED1T
341 1725 506 1777 glacies
525 1726 689 1764 naturae
711 1722 834 1774 signa
851 1720 1009 1774 prioris
1028 1732 1036 1759 :

130 1790 188 1833 Et
208 1790 255 1832 fit
272 1795 398 1845 parte
416 1791 548 1844 lapis,
568 1789 731 1842 frigora
752 1792 874 1841 parte
894 1790 1037 1839 negat.

119 1903 244 1935 Gtacies
255 1903 369 1935 retinet
384 1901 518 1942 speciem
533 1901 679 1942 aliquam
695 1902 816 1930 naturae
829 1898 940 1939 primoe
950 1908 961 1934 ;
983 1901 1012 1928 et
1034 1896 1153 1939 partim
1160 1896 1205 1938 fit
1221 1905 1322 1937 rupes,
1342 1894 1460 1936 partim
1476 1904 1535 1925 non

689 1985 925 1997 eeeeeeeeeeee

118 2052 196 2083 Hoc
213 2051 431 2092 Epigramma
454 2051 487 2081 in
513 2050 597 2081 Cod.
621 2049 769 2082 Jnniano
786 2051 865 2087 post
882 2046 1100 2078 Conzulatum
1118 2044 1225 2075 Mami
1244 2043 1431 2083 legebatur.
1448 2041 1534 2073 cod.

76 2093 185 2126 Hafa.
202 2103 336 2134 quoque
354 2093 465 2124 habet.
482 2093 560 2125 Vat.
576 2102 625 2132 pr.
642 2098 677 2122 et
693 2092 772 2121 Vat.
793 2090 899 2121 Livin.
916 2089 1118 2125 inscribunt,
1135 2089 1184 2119 De
1201 2087 1356 2127 Crystallo
1370 2086 1486 2125 lapide,
1501 2085 1536 2115 in

75 2147 134 2178 quo
150 2137 287 2176 ingelata
303 2136 417 2166 latebat
433 2145 522 2176 aqua.
570 2135 610 2165 In
634 2134 780 2164 Lucens.
809 2142 860 2172 pr.
898 2133 947 2162 De
965 2131 1132 2172 Crystallo,
1160 2130 1209 2160 cui
1233 2139 1312 2169 aqua
1336 2130 1447 2159 inerat.
1492 2127 1533 2157 In

76 2181 199 2212 ceteris
216 2179 313 2210 deest
330 2178 523 2219 Inscriptio.
568 2177 609 2208 In
628 2177 742 2207 Oxon.
760 2184 827 2205 sec.
845 2175 957 2205 omnia
972 2174 1046 2205 haec
1062 2178 1321 2204 connectuntur.

120 2225 136 2253 1
166 2222 295 2253 Obsedit
322 2221 452 2252 Buslid.
483 2220 613 2260 pudoris
630 2229 691 2259 pro
706 2217 822 2258 prioris
837 2217 916 2249 Jun.
934 2220 1051 2256 pr.—2
1084 2216 1163 2251 Quae
1177 2215 1221 2256 fit
1239 2215 1317 2244 Vat.
1342 2217 1422 2244 tert.
1438 2212 1534 2243 Rott.

79 2264 175 2307 Etfit
191 2265 258 2296 duo
276 2263 371 2295 Med.
393 2264 459 2294 inc.
475 2263 593 2294 Heius.
612 2263 691 2292 Put.
710 2261 776 2291 duo
793 2260 915 2291 Petav.
933 2260 1062 2290 Bonon.
1080 2259 1146 2288 duo
1164 2257 1278 2288 Amhr.
1295 2256 1375 2288 Jun.
1392 2265 1444 2295 pr.
1460 2255 1536 2286 Μο-

78 2313 142 2339 ret.
159 2318 211 2348 pr.
227 2307 358 2338 Buslid.
373 2305 485 2337 Oxon.
499 2315 567 2336 sec.
582 2310 650 2336 vet.
668 2304 753 2344 Gyr.
769 2303 848 2333 Vat.
868 2302 979 2332 Livin.
999 2301 1082 2332 Cod.
1099 2301 1215 2341 Epigr.
1233 2299 1351 2330 Ambr.
1369 2299 1453 2330 Exc.
1470 2298 1536 2328 Ln-

81 2358 170 2381 cenS.
200 2360 249 2392 pr.
279 2350 402 2381 Sched.
421 2349 512 2380 Gud.
529 2349 611 2379 Var.
629 2347 695 2379 LL.
711 2346 765 2376 ed.
783 2345 886 2377 Antv.
903 2344 1031 2384 frigore
1047 2345 1125 2375 Vat.
1144 2353 1212 2374 sec.
1228 2343 1287 2384 qui
1303 2346 1340 2372 et
1370 2351 1450 2381 nega
1474 2349 1536 2381 pro

741 2464 880 2498 NOTAE

122 2548 139 2576 1
167 2544 306 2585 Glacies]
329 2544 521 2586 Crystalius
543 2542 671 2574 retinet
689 2551 779 2582 quae-
835 2536 1099 2571 translucentis:
1122 2535 1199 2577 quia
1226 2534 1318 2575 rigor
1340 2543 1399 2564 seu
1423 2530 1536 2563 solidi-

82 2593 157 2626 dam
173 2595 268 2636 signa
283 2599 411 2626 naturae
429 2594 563 2635 prioris,
581 2593 666 2624 adeo
684 2596 721 2623 ut
737 2601 779 2622 ex
835 2596 888 2622 tas
925 2589 1062 2621 videtur
1098 2585 1316 2628 imperfecta,
1353 2585 1537 2624 propterea

83 2651 148 2675 una
163 2649 272 2684 parte,
287 2645 379 2685 rupis
392 2645 511 2684 instar,
533 2644 714 2681 durescat;
738 2651 780 2672 ex
835 2641 926 2682 quod
960 2650 1055 2682 aquae
1093 2642 1192 2679 gutta
1230 2637 1396 2677 appareat
1433 2631 1538 2662 instar

85 2695 193 2726 altera
211 2704 277 2727 non
290 2695 415 2727 habeat
428 2694 536 2736 frigus
552 2694 648 2734 illud,
664 2703 723 2725 seu
739 2692 781 2723 is-
835 2701 991 2733 gemmae,
1021 2699 1096 2731 quae
1128 2697 1213 2729 opus
1241 2684 1385 2716 nobilius
1422 2679 1536 2712 reddit

84 2749 152 2777 tam
180 2745 382 2778 soliditatem
418 2745 540 2786 lapidis
568 2743 708 2786 glaciati
745 2747 781 2774 et
835 2752 938 2784 quam
951 2741 978 2773 si
994 2746 1103 2773 totum
1116 2741 1206 2770 esset
1222 2734 1374 2767 solidum.
