1852 3182
0 573 1 578 „
0 471 1 560 ᾼᾼᾼ
0 0 16 311 -<-—⁴--—÷·—

551 215 601 245 IN
638 214 866 244 RUFINUM
905 213 1000 245 LIB,
1036 215 1089 245 11.

94 319 164 355 tyus
179 314 295 354 scripti
320 311 485 348 meliores,
501 308 668 350 quomodo
685 311 720 337 et
737 316 792 338 ιιι.

95 366 194 394 (tons.
233 361 388 399 Honorii,
424 369 472 389 vs.
513 361 584 388 158.
622 358 792 387 inconsulto

92 414 233 455 Gyrald.
251 418 285 444 et
302 413 442 443 Lucens.
460 407 626 450 quomodo
642 408 791 438 inconsul-

91 468 142 494 tus
153 473 238 494 amor
255 461 342 502 apud
356 459 482 490 Auson.
497 458 578 488 nihil
593 462 704 488 tamen
722 467 791 487 iuu-

93 520 138 544 to.
174 514 228 544 Sic
250 514 258 529 ‘
276 509 460 542 inconcessi
488 507 680 548 Hynieuaei'
696 507 790 548 Virg.

92 563 249 594 AEneidos
265 561 382 601 primo,
399 564 432 590 et
444 558 545 589 Ovid.
562 559 648 589 Met.
665 566 701 588 x.
718 558 726 574 ⁴
742 558 790 588 in-

90 612 324 651 concessisque
349 610 470 650 puellae
497 608 639 649 Ignibus
667 608 789 639 attoni-

90 664 155 693 tae.'
168 661 288 701 virgil.
303 660 394 691 Ciri:
411 661 419 676 ‘
434 660 490 691 Sin
504 668 681 690 concessus
695 668 789 690 autor

87 715 166 742 noto
182 715 217 742 te
235 716 383 742 macerat
399 710 496 751 igne.’
534 710 576 741 D.
594 709 707 740 Heius.

130 762 239 802 Tityos
261 762 407 802 deliquit]
432 760 593 791 Fabulam
614 760 709 800 Tityi
731 769 787 790 ex-

85 811 212 852 plicat:
250 811 304 843 hic
341 811 428 842 enim
457 810 493 841 ob
531 810 787 851 incontinentiam

83 861 209 899 amoris,
224 866 262 892 ut
279 861 326 892 ait
352 861 473 892 Horat.
492 860 559 890 Od.
575 869 629 891 111.
647 863 677 891 4.
695 859 786 900 apud

83 911 216 943 Iut'eros
226 914 389 951 vulturem,
399 916 435 943 ut
446 921 520 942 cum
532 911 640 941 Ennio
654 911 786 951 loquar,

83 966 90 981 ‘
116 962 208 994 fibris
226 972 360 1003 semper
377 962 656 997 renascentibus‚'
672 971 787 1002 pasce-

85 1013 163 1043 bat:
187 1013 261 1043 AEu.
280 1023 329 1044 vt.
345 1015 419 1043 598.
444 1011 660 1042 ‘immortale
684 1011 786 1050 jecur

84 1064 226 1094 tondens
239 1064 259 1094 :¹
274 1069 308 1094 et
323 1073 384 1103 per
396 1062 646 1101 novenijiigera
659 1061 786 1090 disten-

81 1111 238 1143 debatur.
256 1113 396 1143 Metam.
415 1120 462 1142 ιν.
489 1111 571 1140 Fab.
591 1113 640 1141 13.
657 1109 784 1141 Tibull.

78 1162 137 1193 lib.
157 1172 179 1192 1.
197 1163 249 1193 ΕΙ.
267 1165 298 1193 3.
326 1162 466 1192 Homer.
482 1160 608 1200 Odyss.
624 1168 676 1190 ΧΙ.
694 1159 783 1190 idem

79 1211 214 1253 quidem
230 1213 288 1252 ait,
305 1211 364 1242 sed
381 1212 462 1242 duos
489 1211 640 1241 vultures
665 1209 760 1250 ponit
775 1218 783 1239 z

78 1263 154 1303 lege
171 1267 336 1301 nostrum,
353 1262 372 1293 Ι.
390 1271 429 1292 ιι.
447 1261 488 1291 de
516 1262 632 1300 Raptu
655 1260 687 1290 iu
703 1259 783 1297 tine,

78 1318 113 1343 et
128 1312 232 1343 Ovid.
250 1312 282 1342 in
298 1312 388 1351 Ibin,
405 1321 449 1341 vs.
462 1313 535 1341 183.
561 1311 569 1327 ‘
584 1309 783 1350 Jugeribus-

76 1373 140 1403 que
156 1373 277 1394 novem
290 1362 346 1404 qui
361 1371 508 1392 summus
522 1360 629 1391 distat
646 1360 686 1390 ab
701 1360 779 1397 imo,

76 1414 282 1454 Visceraque
295 1412 428 1443 assidue
439 1411 554 1442 ‹lt—bita
566 1410 696 1451 praebet
706 1411 780 1441 avi!

75 1464 161 1496 Quae
173 1464 282 1494 onmia
296 1463 437 1503 mystice
452 1472 470 1492 a
482 1462 628 1492 Platone
645 1462 676 1491 in
691 1462 778 1492 Gor-

75 1514 129 1553 gia
146 1513 376 1553 explicantur,
393 1516 428 1542 et
452 1522 471 1542 a
489 1511 642 1542 Macrob.
662 1511 684 1541 Ι.
703 1520 726 1541 1.
744 1511 776 1541 in

73 1563 184 1595 Souin.
198 1563 380 1603 Scipionis,
395 1572 470 1603 cap.
487 1565 534 1593 10.
548 1566 582 1592 et
599 1562 691 1592 Pier.
708 1563 776 1592 hie-

74 1615 227 1656 roglyph.
253 1615 275 1645 Ι.
293 1622 397 1644 xvnt.
443 1614 517 1652 Ego
536 1622 615 1643 sane
644 1617 726 1652 puto
744 1613 775 1643 id

71 1663 200 1703 fictum,
216 1663 305 1704 quod
322 1664 437 1694 vultur
454 1663 556 1694 etiam
580 1664 669 1694 ultra
684 1673 776 1694 mare

71 1713 239 1744 cadavera
262 1713 399 1744 sentiat.
438 1713 519 1744 Isid.
536 1721 604 1744 x11.
621 1716 652 1744 7.
669 1714 774 1744 Mart.

70 1764 80 1780 ‘
94 1764 189 1804 cujus
204 1764 345 1795 vulturis
356 1763 419 1794 hoe
435 1764 501 1794 erit
515 1763 685 1795 cadaver.5
710 1764 774 1795 Adi

70 1814 264 1845 Poutanum
280 1815 315 1845 in
331 1814 406 1845 AEn.
426 1823 473 1845 νι.
490 1815 546 1855 qui
570 1815 676 1846 multa
696 1825 774 1846 con-

69 1865 174 1905 gessit
190 1865 254 1896 hue
270 1865 477 1906 spectantia.
510 1865 654 1905 Dempst.

112 1917 174 1948 51⁷
200 1915 267 1950 Quo
282 1918 370 1946 tantu
380 1915 502 1955 piacula
515 1916 689 1956 quisquam]
714 1916 775 1946 Cui

71 1970 216 2006 quatuor
227 1965 361 2005 scripti:
377 1966 563 2005 eleganter.
576 1966 774 1996 0vid.Fast.

70 2025 104 2045 v.
129 2016 138 2032 ⁶
156 2016 275 2055 Longa
297 2014 427 2046 referre
451 2025 546 2046 mora
570 2020 623 2046 est
648 2016 774 2046 collata

69 2066 196 2097 oblivia
211 2066 369 2096 damnis:'
394 2067 440 2097 ita
453 2067 541 2097 euim
559 2071 655 2097 vetus
675 2067 774 2098 liber.

68 2117 193 2157 Vulgo,
206 2118 349 2148 collecta:
372 2117 420 2147 cui
436 2117 538 2147 etiam
558 2126 617 2157 pro
641 2116 773 2148 diversa

70 2167 216 2198 lectione
234 2167 360 2206 primus
377 2167 573 2197 Vaticanus.
597 2166 642 2196 D.
659 2166 771 2198 Heius.

109 2219 170 2247 521
199 2216 305 2247 Oculis
321 2216 390 2254 jam
413 2217 533 2257 parcite
559 2216 687 2256 nostris]
721 2217 771 2246 Ex

68 2266 323 2307 superstitione,
349 2267 420 2296 sive
445 2272 480 2297 et
506 2276 564 2296 usu
592 2267 772 2306 communi,

68 2316 228 2359 loquitur,
250 2316 363 2349 oculos
388 2316 556 2359 inquinari
581 2317 712 2358 spurcis
736 2322 771 2349 et

1434 211 1547 252 1305

845 306 1027 347 inquinatis
1039 307 1139 337 rebus
1152 307 1309 348 objectis.
1327 310 1429 342 ovid.
1442 313 1450 328 ‘
1461 314 1545 345 Cum

844 361 1001 395 spectant
1015 357 1100 387 oculi
1115 357 1222 394 laesos,
1234 359 1403 390 laniuntur
1416 366 1450 392 et
1463 363 1543 402 ipsi:

846 406 1023 446 Multaque
1041 408 1238 446 corporibus
1265 410 1462 441 transitione
1488 423 1547 443 no-

844 456 944 487 cent)
980 458 1077 488 Suum
1096 463 1208 489 autem
1228 460 1328 491 Chaos
1352 461 1437 492 dixit
1462 463 1547 494 inse-

844 516 897 537 ros
917 507 996 547 ipsis
1014 507 1134 538 Inferis
1152 508 1340 549 inferiores,
1355 520 1430 541 nam
1448 513 1544 543 nobis

842 556 919 586 (lum
934 557 1023 596 apud
1035 568 1175 599 superos
1189 569 1314 599 sumus,
1327 560 1425 591 inferi
1437 561 1546 594 Chaos

842 608 1069 646 appellantur.
1104 609 1192 639 Vide
1208 610 1248 639 ad
1268 610 1288 641 Ι.
1308 619 1331 641 1.
1357 610 1397 641 de
1427 611 1544 652 Rapta

842 656 1002 697 Proserp.
1031 668 1078 688 vs.
1106 660 1157 688 27.
1182 659 1308 690 Lucan.
1328 660 1349 692 Ι.
1367 668 1417 691 ix.
1441 662 1449 678 ⁸
1467 662 1544 693 Jam

841 715 929 736 nunc
947 711 980 737 te
999 717 1060 747 per
1074 708 1173 738 inane
1189 708 1297 739 Chaos
1313 719 1374 749 per
1388 710 1545 751 'l'artara‚

840 757 978 795 conjnx,
995 758 1030 787 Si
1045 763 1123 789 sunt
1140 758 1220 797 ulla,
1245 759 1386 800 sequar.’
1426 760 1545 793 Omnis

839 805 992 837 confusio
1009 817 1048 839 eo
1066 808 1200 839 nomine
1230 815 1390 841 censetur
1404 811 1542 843 Poetis:

840 861 877 887 ut
906 857 1063 895 mundus,
1094 858 1288 899 priusquam
1320 860 1352 890 in
1393 861 1543 892 ordinem

837 917 931 938 suum
949 908 1103 939 omuibus
1125 908 1284 939 membris
1308 911 1452 942 veniret.
1500 911 1543 942 E-

839 959 920 989 tiam
938 969 999 998 pro
1018 958 1168 989 tenebris
1187 960 1362 991 nocturnis
1381 966 1542 1002 usurpant

837 1009 1019 1039 Christiani
1046 1009 1176 1039 Poeta‘.
1222 1008 1336 1049 Aliqui
1363 1011 1542 1042 materiem

836 1059 926 1089 illam
957 1059 1104 1089 omnium
1131 1068 1241 1089 rerum
1270 1059 1413 1098 fontem,
1441 1070 1542 1101 quam

835 1118 968 1149 semper
984 1108 1146 1139 fluentem
1174 1110 1324 1148 appellat
1342 1115 1458 1140 noster
1475 1111 1541 1141 Pa-

835 1160 994 1200 negyrico
1019 1159 1142 1199 Malui,
1168 1159 1229 1190 hoc
1252 1160 1386 1190 nomine
1403 1169 1542 1191 censue-

835 1214 926 1248 runt,
944 1219 1043 1250 quam
1064 1209 1178 1240 Latini
1195 1209 1342 1251 alioquin
1362 1210 1473 1241 sih-um
1487 1219 1543 1242 vo·

834 1264 966 1291 cau-unt.
1001 1260 1118 1290 Barth.

876 1312 937 1340 5⁶25
965 1310 1035 1344 Quo
1062 1309 1154 1340 Ditis
1177 1307 1278 1349 opaci]
1304 1309 1375 1344 Qua
1401 1310 1540 1350 Gyrald.

834 1361 977 1392 Lucens.
993 1365 1027 1391 et
1042 1361 1191 1401 quinque
1209 1361 1285 1392 alii:
1309 1361 1407 1392 bene.
1455 1363 1540 1393 Cum

833 1410 965 1449 iisdem,
976 1411 1075 1440 noctis
1089 1420 1192 1449 opacoe
1205 1410 1422 1441 scribendum
1436 1422 1443 1441 τ
1461 1422 1540 1443 nam

833 1462 1003 1502 DitisJam
1026 1465 1265 1501 praecesserat.
1298 1461 1342 1492 D.
1361 1462 1474 1494 Heius.

875 1515 938 1542 526
971 1512 1172 1551 Proecepsque
1199 1511 1242 1542 ibi
1265 1521 1383 1543 mersus
1401 1511 1539 1552 anhelet]

831 1561 886 1592 Sic
912 1562 1054 1592 Lucens.
1080 1562 1137 1591 alii
1167 1562 1350 1602 penitusque
1382 1562 1446 1593 ibi.-
1478 1572 1538 1594 sex

828 1613 1010 1653 penitusque
1026 1613 1205 1643 immersus.-
1229 1613 1365 1652 placet3
1391 1618 1428 1643 ut
1447 1613 1537 1653 apud

832 1662 1058 1692 Prudentium
1077 1661 1265 1701 Apotheos.
1288 1663 1296 1678 ‘
1316 1662 1392 1694 Quo
1408 1672 1484 1693 cum
1501 1667 1536 1694 te

831 1711 985 1742 Christus
1012 1711 1146 1751 penitus
1177 1711 1337 1751 nigrante
1366 1711 1536 1751 profundo

829 1762 1030 1793 Immersum
1060 1761 1177 1792 vocat!
1200 1761 1343 1792 Petron.
1375 1763 1383 1778 ‘
1401 1763 1463 1793 Est
1491 1764 1538 1793 lo·

829 1822 888 1843 cus
912 1813 1026 1843 exciso
1054 1812 1190 1852 penitus
1217 1811 1390 1842 demersus
1418 1812 1535 1844 hiatu!

827 1863 974 1893 Severus
990 1863 1021 1893 iu
1037 1863 1159 1893 AEtna:
1183 1863 1192 1878 ‘
1210 1862 1327 1893 Cernis
1345 1867 1379 1893 et
1396 1863 1427 1893 in
1444 1862 1537 1894 silvis

828 1913 978 1954 spatiosa
1003 1912 1129 1943 cubilia
1157 1918 1248 1943 retro
1273 1911 1452 1953 Antraque
1477 1913 1535 1943 de-

827 1973 956 1994 mersas
973 1963 1109 2002 penitus
1125 1960 1251 1992 fodisse
1263 1962 1410 1993 latebras
1422 1961 1443 1993 :'
1454 1971 1535 2003 quo-

827 2014 925 2044 modo
940 2022 1059 2044 versus
1075 2012 1124 2042 illi
1137 2021 1179 2042 ex
1197 2012 1344 2052 antiquis
1368 2012 1534 2044 membra·

826 2064 878 2094 nis
909 2063 1057 2104 legendi.
1115 2063 1250 2093 Peuitus
1280 2064 1442 2094 immersus
1470 2073 1532 2103 pro

826 2115 959 2146 diversa
974 2114 1121 2146 lectione
1144 2114 1270 2154 primus
1286 2114 1472 2145 Vaticanus
1495 2119 1533 2146 et

826 2166 921 2197 multi
941 2166 996 2196 alii
1015 2175 1056 2196 ex
1070 2165 1220 2205 scriptis,
1251 2164 1416 2204 Sequenti
1434 2174 1532 2195 versu

826 2216 1008 2246 Florentio.
1041 2216 1075 2245 S.
1093 2215 1217 2253 Marci,
1235 2213 1356 2252 feriant
1379 2220 1413 2245 et
1429 2217 1531 2246 rotet.-

826 2265 994 2307 quomodo
1009 2270 1045 2296 et
1063 2264 1338 2305 Raphelengius3
1364 2265 1462 2305 vulgo
1479 2264 1530 2303 se-

823 2318 908 2348 riunt
925 2321 960 2349 et
975 2318 1070 2348 rotat.
1109 2314 1217 2347 Idem.
