1852 3182
620 209 1002 238 EPlGRAMMA'rA.

1426 197 1539 239 1147

706 397 913 444 LXIX.

262 526 330 566 19.
392 523 476 565 DE
507 521 877 563 POLYCASTE
910 522 986 561 ET
1018 519 1355 561 PERDICCA.

86 624 218 675 Qum
240 637 325 664 non
347 637 494 665 saevus
517 622 654 663 Amor
675 621 943 662 flammarum
966 621 1140 661 numine
1163 620 1322 673 cogat?

138 692 373 743 Sanguinis
393 690 551 732 affectu
573 694 713 730 mater
733 702 875 729 amare
895 689 1028 728 timet.

85 759 272 800 Pectore
293 758 395 798 dum
416 758 548 798 niveo
571 770 752 810 puerum
776 761 895 796 tenet
917 756 1053 795 anxia
1072 754 1240 804 nutrix,

139 827 324 868 Illicitos
346 827 466 878 ignes
482 826 575 879 jam
597 825 713 865 fovet
736 825 833 878 ipsa
857 836 1025 877 parens.

84 894 274 935 Ultrices
296 893 518 947 pharetras
541 893 718 933 tandem
740 893 910 946 depone
932 891 1122 945 Cupido.

1515 891 1544 930 δι

139 960 330 1002 Consule
345 962 442 1015 jam
462 960 675 1001 Venerem
694 974 704 1010 3
735 960 883 1000 forsan
903 965 949 1000 et
969 960 1068 1012 ipsa
1090 958 1225 999 dolet.

127 1081 212 1117 Quid
229 1092 286 1112 non
302 1092 387 1112 amor
401 1082 532 1112 crudelis
548 1081 686 1121 impellat
704 1079 819 1111 facere
835 1082 988 1120 potestate
1000 1078 1084 1117 ignis
1106 1077 1178 1109 sui?
1202 1080 1301 1108 mater
1317 1077 1426 1107 metuit
1441 1085 1545 1107 amare

81 1124 123 1154 ob
155 1125 319 1155 caritatem
351 1128 532 1155 maternam.
591 1123 638 1154 At
660 1124 769 1153 nutrix
799 1122 948 1161 inquieta,
971 1123 1043 1152 dum
1077 1120 1290 1160 complectitur
1316 1119 1385 1149 sinn
1416 1119 1546 1149 candido

79 1176 218 1207 puerum,
232 1167 301 1204 jam
317 1168 383 1207 ipsa
400 1171 498 1197 unzter
514 1167 615 1197 nntm't
633 1166 781 1206 flammas
807 1166 1001 1204 illegitimas.
1048 1164 1079 1195 Ο
1105 1163 1224 1203 Cupido
1241 1162 1338 1200 abjice
1354 1163 1477 1193 taudem
1498 1170 1548 1191 sa-

78 1209 181 1248 gittas
203 1210 430 1249 rindices,ja1n
448 1211 568 1240 consule
591 1208 863 1246 Venerem;forte
884 1212 911 1239 et
936 1208 1002 1248 ipsa
1021 1210 1137 1238 moeret.

695 1295 753 1306 eet
754 1294 931 1310 eeeeeeeee

125 1347 332 1379 Inscribitur
348 1348 412 1379 hoc
430 1358 565 1380 carmen
582 1351 620 1380 de
638 1349 792 1380 Polie-aste
804 1353 833 1380 et
850 1349 1000 1380 Perdicca
1017 1348 1050 1378 in
1066 1347 1149 1377 Exc.
1171 1347 1314 1376 Lucens.
1332 1354 1384 1384 pr.
1416 1344 1466 1375 De
1487 1344 1545 1374 Po-

80 1392 187 1421 licaste
204 1394 234 1421 et
255 1392 380 1422 Perlica
397 1392 524 1423 Mon-et.
543 1402 591 1432 pr.
608 1392 675 1422 inc.
700 1393 821 1423 Heius.
849 1393 901 1423 De
918 1392 1081 1422 Policanee
1097 1393 1124 1419 et
1142 1389 1290 1419 Perdicca
1307 1392 1381 1418 erat
1398 1387 1431 1417 in
1449 1386 1546 1418 Med.

82 1443 131 1473 pr.
149 1438 183 1464 et
201 1434 255 1464 ed.
274 1434 385 1464 Parui.
410 1434 449 1464 In
470 1435 552 1465 Put.
571 1444 664 1472 vero,
689 1435 820 1464 duobus
839 1435 960 1465 l'etav.
978 1435 1062 1464 Exc.
1080 1432 1202 1462 Petav.
1219 1435 1329 1471 quart.
1355 1430 1445 1470 (quae
1471 1430 1546 1459 loco

81 1477 208 1507 Tliuan.
236 1477 411 1507 substituit
437 1477 611 1515 Heinsius,
635 1477 668 1507 in
687 1488 751 1518 quo
780 1477 852 1507 haec
880 1477 1138 1516 Epigrammata
1163 1484 1229 1503 uua
1258 1482 1333 1503 curu
1365 1471 1475 1502 Libris
1503 1471 1546 1502 de

83 1519 197 1558 Rapta
217 1519 374 1559 proserp.
389 1519 539 1549 defuisse
557 1520 730 1559 videntur)
755 1525 789 1550 et
801 1520 874 1550 aliis
891 1519 1106 1549 desideratur
1123 1516 1320 1555 Inscriptio.

125 1564 140 1591 l
169 1562 250 1596 Quis
272 1562 397 1592 unslid.
421 1572 526 1592 sensus
541 1572 626 1592 amor
643 1563 735 1592 Med.
753 1572 820 1592 sec.
834 1563 1035 1602 flammatum
1052 1560 1141 1599 conj.
1171 1559 1290 1588 Heius.
1314 1557 1433 1587 nomine
1450 1556 1546 1587 Rott.

82 1603 167 1635 Cod.
185 1605 302 1643 Epigr.
322 1605 440 1635 Ambr.
465 1605 589 1635 numina
620 1608 710 1643 cogat
742 1605 824 1635 Lov.
847 1605 970 1634 nomina
995 1606 1083 1641 cogat
1116 1606 1184 1631 vet.
1217 1600 1301 1640 Gyr.
1331 1600 1443 1629 Oxon.
1475 1608 1545 1629 sec.

82 1656 203 1677 numere
216 1651 304 1686 cogat
323 1646 451 1677 Buslid.
466 1646 546 1678 Ald.
570 1647 692 1677 numine
708 1650 797 1686 cogat
816 1647 966 1678 Floreut.
981 1646 1047 1675 ine.
1061 1644 1180 1674 Heius.
1195 1643 1326 1672 Borion.
1346 1641 1412 1671 duo
1425 1640 1545 1672 Ambr.

81 1689 387 1721 Petav.sec.13xc.
413 1690 557 1721 Lucens.
585 1699 634 1729 pr.
658 1699 783 1720 munere
810 1689 891 1720 Vat.
910 1693 992 1719 tert.
1020 1687 1095 1718 Pal.
1122 1686 1228 1716 Uisel.
1253 1687 1341 1723 cogat
1361 1688 1431 1714 tres
1448 1683 1545 1714 Med.

82 1731 202 1763 Heius.
223 1733 266 1764 H.
281 1733 363 1763 Put.
382 1733 503 1763 Petav.
518 1743 567 1773 pr.
583 1732 666 1763 Cod.
683 1733 802 1773 Epigr.
820 1731 940 1762 Ambr.
967 1732 1052 1762 Exc.
1070 1730 1193 1760 Petav.
1217 1732 1326 1768 quart.
1353 1726 1408 1756 ed.
1432 1726 1548 1758 Parm.

81 1775 195 1806 lumine
213 1786 273 1816 pro
291 1776 415 1807 numine
432 1776 536 1807 etiarn
551 1775 751 1816 conjecerat
777 1775 966 1806 Heins.-—2
989 1773 1136 1814 affectum
1155 1777 1224 1803 tres
1241 1771 1338 1800 Vatt.
1356 1769 1432 1800 Pal.
1451 1768 1549 1801 Rott.

84 1817 192 1849 Oisel.
212 1820 317 1850 Gesn.
335 1823 369 1850 et
383 1818 436 1849 ed.
454 1819 595 1859 Bipont.
620 1817 749 1859 effetum
776 1819 859 1849 Exc.
894 1818 1034 1848 Lucens.
1067 1825 1119 1855 pr.
1151 1813 1315 1845 Heinsius
1343 1812 1550 1851 ascripserat

81 1869 174 1902 seqq.
199 1862 207 1878 ‘
222 1861 355 1902 affictus
372 1863 404 1892 in
426 1862 517 1892 Hist.
533 1861 620 1901 Aug.
639 1871 698 1900 pro
718 1861 833 1901 primis
848 1858 1171 1891 necessitudinibus.
1185 1856 1370 1896 Capitolin.
1385 1854 1418 1885 in
1436 1855 1547 1885 Maxi-

83 1904 162 1935 min.
199 1915 231 1945 p.
271 1908 342 1935 146.
368 1905 390 1935 1.
415 1907 468 1935 27.
503 1905 536 1934 in
564 1904 757 1936 Gordianis.
795 1914 826 1942 p.
858 1906 929 1934 152.
968 1903 991 1933 l.
1019 1905 1072 1933 43.
1098 1901 1164 1931 vid.
1202 1898 1394 1930 Casaubon.
1434 1907 1467 1937 p.
1495 1900 1553 1929 76.

81 1946 221 1977 Salmas.
254 1957 287 1986 p.
306 1950 377 1978 112.
402 1947 444 1978 a.’
468 1957 571 1978 amore
596 1948 669 1978 time
695 1947 823 1978 Buslid.
848 1956 955 1978 amara
982 1945 1117 1976 Claver.
1141 1945 1232 1974 times
1258 1942 1377 1972 Ambr.
1401 1943 1547 1972 tem—3
1578 1952 1580 1955 ·

80 1999 210 2028 puerum
226 1991 309 2021 Exc.
327 1990 448 2021 Petav.
465 1995 579 2031 quart.
602 1991 747 2020 miserum
764 1995 832 2020 tres
849 1991 945 2020 Vatt.
971 1988 1045 2019 Pal.
1062 1988 1156 2018 Rott.
1180 1986 1326 2016 miserum
1339 1984 1393 2014 vel
1409 1986 1549 2014 tenerum

85 2031 281 2063 Rasum—4
305 2035 369 2072 ipse
392 2043 505 2072 parens
522 2033 671 2063 Low—5
702 2033 854 2064 Victrices
868 2031 1102 2063 Buslid.Va1·.
1126 2029 1201 2060 LL-
1222 2027 1276 2059 ed.
1299 2026 1473 2058 Antv.—6
1496 2025 1550 2056 illa

84 2075 165 2105 dolet
183 2074 257 2106 Pal.
275 2075 341 2105 duo
361 2075 451 2107 Med.
469 2075 536 2106 duo
555 2075 674 2108 Heius.
690 2075 824 2107 Buslid.

746 2166 891 2198 NOTAE

130 2241 297 2282 Perdicca]
320 2242 388 2273 Hic
402 2242 504 2283 longo
517 2243 661 2273 venandi
678 2243 790 2274 studio

84 2292 204 2333 fessus,
227 2302 262 2323 se
289 2297 390 2324 terrae
422 2293 576 2324 colendae
609 2294 790 2334 applicuit,

84 2343 229 2384 ideoque
254 2342 382 2374 dicitur
403 2353 533 2375 amasse
558 2348 696 2383 terram,
713 2355 788 2385 quae

87 2398 192 2425 mater
208 2400 261 2425 est
277 2394 436 2426 omnium.
461 2395 624 2436 Polycaste
638 2400 790 2435 vocatur,
824 2428 827 2429 γ

87 2443 127 2476 ab
151 2444 224 2475 aliis
254 2444 436 2485 Polycarpe,
464 2445 544 2485 quia
570 2446 694 2476 multos
720 2444 791 2476 fert

86 2493 229 2535 fructus,
243 2493 353 2535 πολὺς,
368 2495 493 2533 multus,
510 2500 545 2526 et
566 2494 692 2536 καρπὸς,
700 2495 790 2534 fmtc-

88 2549 148 2578 tus.

131 2599 147 2627 l
181 2596 390 2628 Flammarum
425 2596 562 2637 numine]
607 2597 788 2628 Potestate

91 2643 295 2676 flammarmn
311 2656 459 2685 suarum,
477 2647 509 2677 in
522 2647 642 2688 quibus
657 2647 792 2678 videtur

93 2704 166 2726 esse
195 2705 316 2727 numen
343 2697 503 2738 aliquod3
538 2697 624 2731 adeo
648 2698 794 2741 impellit

93 2744 250 2786 cogitque
266 2746 392 2789 aliquid
408 2746 534 2781 facere.

887 2244 906 2272 2
932 2240 1103 2281 Sanguinis
1126 2237 1256 2280 affectu]
1298 2237 1455 2268 Amorem
1483 2246 1552 2266 ma·

846 2300 978 2323 ternum
1008 2300 1123 2322 amore
1152 2289 1331 2319 libidinoso
1358 2291 1394 2318 et
1419 2286 1550 2318 incesto

844 2348 976 2374 mutare
992 2342 1104 2373 timet.

887 2396 905 2424 3
932 2392 1070 2433 Nutrix]
1102 2390 1226 2422 Eadem
1243 2395 1354 2422 mater
1372 2394 1407 2421 et
1424 2388 1554 2428 nutrix,

845 2453 975 2482 amore,
991 2453 1090 2483 quem
1108 2441 1282 2480 horrebat,
1299 2440 1502 2481 percutitur.

888 2499 906 2525 5
932 2493 1075 2534 Depone]
1101 2493 1154 2524 Ne
1171 2493 1287 2522 Venus
1316 2490 1391 2531 ipsa
1414 2487 1551 2529 Cupidi-

846 2545 898 2576 nis
916 2554 1030 2575 amore
1047 2543 1181 2583 flagret.

889 2598 910 2628 6
935 2593 1048 2634 Dolet]
1070 2592 1249 2634 Cupidinis
1271 2600 1384 2622 amore
1402 2587 1549 2620 incendi-

846 2651 913 2684 tur,
937 2645 1099 2688 doletque
1121 2654 1157 2676 se
1175 2648 1244 2676 tam
1261 2643 1393 2684 impura
1405 2639 1549 2680 flagrare

844 2696 997 2730 libidine.
