1852 3182
511 226 574 256 DE
607 226 673 256 IV.

56 330 154 362 quam
172 321 352 362 correpsit,
373 320 492 351 ultimo
504 320 584 350 vitae
600 323 754 360 tempore

55 376 164 402 totum
189 382 224 403 se
253 371 381 402 libidini
411 370 565 405 daturus,
590 369 756 408 Tiberius,

55 422 223 452 resolutus
251 422 283 451 in
311 419 432 450 malum
455 419 573 455 otium,
591 425 627 449 ut
644 420 755 450 occul-

56 471 124 501 tior
156 472 222 502 iret
249 472 281 501 in
304 471 416 507 luxus,
448 468 634 500 secundum
661 470 757 500 Taci-

58 526 140 552 tum.
157 522 323 552 Ausonius
342 532 348 551 :
367 522 376 538 ‘
396 521 535 551 Frustra
549 519 668 550 deliine
685 521 756 551 solo

57 572 266 612 Caprearum
297 572 428 602 clausus
467 570 499 601 iu
535 574 644 610 antro,
672 571 755 602 Quae

59 623 174 662 prodit
204 622 303 661 vitiis,
344 621 454 652 credit
490 625 612 661 operta
651 620 757 652 locis.y

59 673 176 703 Barth.

102 722 206 762 Rupes
235 721 446 762 Caprearum]
483 721 642 752 Tiberius
666 722 759 762 prin-

57 780 140 812 ceps
167 781 319 812 magnus,
347 772 406 802 sed
435 772 571 803 iiimium
598 773 702 803 tristis
720 783 758 803 ac

56 831 193 853 severus
220 823 298 861 fuit,
325 832 363 853 ac,
389 824 579 863 Caprearum
595 822 712 854 clausus
728 824 760 854 in

57 875 170 909 anti-«n
200 883 263 904 nec
278 883 313 904 se
331 873 450 904 crebro
468 873 649 904 videndum
671 875 759 905 exhi·

59 921 143 954 buit.
175 925 263 954 ratio
286 924 360 954 liaec
383 924 482 961 sorte,
509 923 596 964 quod
613 924 762 955 subdito-

59 982 132 1004 rum
149 974 279 1004 indoles
294 973 388 1009 facit,
417 979 454 1004 ut
477 974 584 1014 major
601 983 619 1004 e
635 974 764 1014 longin-

61 1033 126 1064 quo
154 1024 197 1055 sit
229 1024 441 1055 reverentia:
480 1023 626 1064 denique
657 1024 764 1054 conti-

60 1083 144 1104 nuus
172 1079 345 1113 aspectus,
375 1079 514 1104 auctore
532 1074 640 1110 Livio,
656 1074 766 1104 minus

59 1125 230 1155 verendos
245 1134 383 1164 magnos
400 1125 548 1155 homines
562 1123 657 1155 facit.
696 1126 766 1155 Cla-

61 1183 126 1205 ver.

103 1226 168 1255 316
204 1224 316 1255 Gloria
357 1225 498 1264 Trajani]
546 1225 586 1255 In
621 1225 765 1266 gratiam

60 1275 254 1314 Theodosii,
265 1285 365 1316 quem
379 1286 398 1306 a
407 1277 484 1316 Traj
491 1285 553 1306 ano
565 1285 670 1316 genus
683 1276 766 1307 diut-

62 1324 126 1356 isse
153 1325 295 1364 dictum,
323 1330 444 1357 notant
468 1326 621 1356 nonnulli
637 1330 767 1365 tempo-

63 1384 138 1406 rum
153 1376 323 1406 historici.
370 1377 521 1406 Notatur
535 1380 592 1406 aut
607 1376 768 1407 alluditur

66 1426 164 1456 simul
190 1432 226 1456 nt
253 1426 413 1456 laudetur
437 1426 634 1456 immensum
652 1427 768 1466 gloriae

64 1475 213 1506 studium
232 1476 265 1506 in
280 1476 438 1515 Trajano,
459 1485 539 1506 sanc
557 1476 670 1506 omnia
685 1486 769 1506 sum-

64 1534 120 1556 ma
141 1526 274 1557 merito.
320 1526 439 1557 Gloria
453 1527 591 1565 Trajani
608 1531 716 1566 tanta,
733 1532 771 1558 nt

66 1585 206 1607 suminae
243 1576 349 1606 instar
387 1577 463 1607 talis
500 1583 699 1617 speraretur
736 1579 771 1608 iu

66 1627 221 1657 maximis
237 1626 469 1666 Principibus,

114 1677 244 1715 Tigride
260 1677 356 1716 ricto]
370 1678 494 1707 Sextus
512 1677 645 1708 Rufus:
665 1678 772 1708 ‘Pro-

66 1726 196 1757 vincias
226 1725 312 1758 fecit
341 1727 549 1766 Armeniam,
579 1728 774 1767 Mesopota-

68 1778 185 1814 miam,
200 1782 235 1807 et
253 1776 442 1818 Assyriam,
456 1788 530 1818 quae
545 1783 668 1817 postet
683 1778 773 1818 apud

69 1828 241 1867 Tigridem
259 1833 363 1869 atque
378 1829 588 1869 Euphratem
610 1829 688 1867 sita,
705 1829 775 1859 irri-

70 1880 144 1919 guis
175 1879 282 1910 tribus
307 1879 473 1918 amnibus,
496 1879 602 1910 instar
625 1879 775 1920 AEgypfi,

70 1928 310 1960 foecundatur!
365 1929 456 1960 Vide
499 1930 703 1970 Eutropium
741 1935 776 1960 et

72 1979 298 2019 Xiphilinum.
323 1979 439 2011 Barth.

116 2032 178 2060 317
205 2030 322 2060 Fuerat
346 2030 507 2069 provincia
534 2028 664 2069 Parthi]
698 2030 778 2060 Fue-

71 2079 136 2110 rint
178 2079 297 2119 scripti
336 2079 408 2109 fore
440 2089 577 2110 omnes:
632 2079 776 2119 optimc,

74 2130 140 2160 nisi
151 2129 282 2167 suerunt
297 2128 550 2169 praeferendum
565 2138 696 2168 censes,
711 2138 779 2159 mc-

76 2179 132 2210 dia
159 2180 291 2219 syllaba
318 2185 498 2220 correpta:
537 2189 612 2210 nam
639 2180 671 2210 in
698 2189 780 2210 non-

75 2231 176 2261 nullis
196 2230 346 2268 fuerant:
369 2230 495 2268 suerint
521 2229 683 2261 Barthius
701 2239 781 2270 quo-

75 2290 141 2322 que
154 2281 242 2312 curis
256 2281 412 2312 secundis
423 2282 598 2320 amplexus
610 2285 672 2311 est.
698 2280 782 2310 Pro-

79 2332 220 2371 pertius,
248 2332 306 2362 lib.
323 2340 382 2362 111.
411 2332 464 2362 El.
480 2334 511 2362 4.
541 2331 639 2361 simili
656 2330 756 2361 modo
772 2341 779 2361 ε

77 2382 87 2398 ⁴
105 2382 206 2413 Seres
223 2387 257 2412 et
273 2381 435 2413 Ausoniis
452 2382 591 2413 venient
607 2381 784 2421 provincia

77 2432 192 2472 virgis.
224 2432 435 2464 Assuescent
452 2433 551 2463 Latio
568 2432 699 2463 Partha
717 2436 784 2462 tro-

78 2481 179 2522 phaea
189 2481 291 2514 Jovi.’
327 2482 384 2513 Ita
400 2482 535 2513 omnino
549 2481 782 2512 scribendum:

79 2540 156 2561 cum
184 2532 285 2572 vulgo
310 2532 445 2571 legatur
470 2530 549 2561 Sera
564 2531 616 2561 sed
639 2530 786 2561 Ausoniis

79 2581 191 2612 veniet.
258 2582 406 2612 Parthos
451 2586 487 2612 et
534 2581 634 2612 Seras
684 2581 785 2611 etiam

82 2632 261 2671 conjunxit
304 2632 493 2663 Martialis:
542 2633 551 2649 ‘
581 2632 787 2662 Parthorum

85 2689 244 2720 proceres
270 2682 442 2723 ducesque
479 2683 611 2721 Serum,
643 2682 788 2713 Possum

85 2731 269 2762 ostendere
308 2732 496 2763 Caesarem:
547 2733 685 2765 venite.’
744 2733 788 2764 D.

87 2780 203 2812 Heius.

130 2833 194 2863 318
232 2831 361 2864 Fractis
393 2832 550 2872 Capitolia
579 2832 696 2872 Dacis]
732 2832 790 2864 Sic

707 226 845 257 CONS.
877 227 1061 257 HONOR.

1395 221 1507 263 1347

806 325 1003 352 constanter
1039 319 1127 350 libri.
1158 320 1272 360 Vulgo
1308 323 1428 353 stratis.
1457 333 1506 355 vt.

807 371 905 402 Cons.
930 371 1021 402 Hon.
1044 371 1181 401 ‘Dacia
1206 370 1410 410 bellipotens
1433 384 1508 405 cuin

806 419 955 459 fregerat
979 421 1100 460 Ulpius
1127 420 1240 451 arula.'
1286 420 1415 451 Auctor
1432 422 1509 462 Epi-

807 471 894 501 cedii
919 472 950 501 in
978 472 1148 501 Drusum:
1173 472 1181 486 ‘
1203 470 1391 503 l²rcuerunt
1416 471 1511 502 ambo

807 521 937 550 Punica
951 521 1042 551 bella
1056 520 1184 552 duces.'
1209 521 1265 551 lib.
1282 529 1305 550 1.
1325 521 1356 550 in
1371 521 1513 561 Eutrop.

806 571 814 587 ‘
832 569 944 601 fracto
972 581 1091 601 secura
1113 571 1292 601 Britannia
1309 570 1440 601 Pictoz‘
1464 575 1514 601 at-

808 631 873 661 que
892 621 939 651 ita
965 621 1100 660 passim.
1128 625 1327 660 protanam,
1353 620 1513 651 Lucensis

809 675 843 701 et
861 671 958 701 multi
977 671 1045 709 alii,
1062 674 1192 701 canant:
1215 675 1329 702 canunt
1349 671 1514 702 Helmaes-

810 722 879 752 tad.
896 721 1168 759 Juuian.jurant.
1183 721 1271 751 alter
1283 721 1380 752 Leid.
1394 725 1516 753 sonant,

810 770 943 802 frustra.
960 781 1017 802 111.
1051 771 1253 802 Cons.Hon.
1278 772 1286 788 ‘
1305 771 1427 802 Civilia
1444 781 1517 802 rur-

812 832 865 852 sus
883 822 980 852 Bella
1008 821 1148 852 tonant!
1175 821 1322 852 diximus
1349 821 1391 852 ad
1416 821 1516 852 Cons.

813 872 934 912 Olybr.
968 882 1015 903 vs.
1044 874 1118 902 208.
1155 875 1273 902 {umere
1308 871 1394 902 dixit
1425 871 1518 903 Naso

814 922 967 962 Epistola
984 921 1117 952 Didus:
1142 922 1150 938 ‘
1171 922 1266 952 Bella
1284 926 1416 952 tument
1430 933 1438 960 ;
1451 922 1520 952 bel-

812 973 852 1002 lis
870 973 1049 1012 peregrina
1072 977 1108 1003 et
1125 971 1262 1002 foemina
1288 976 1401 1003 tentor
1416 972 1434 1002 :'
1458 971 1519 1002 scd

815 1027 929 1052 tamen
943 1031 1018 1052 cum
1037 1022 1069 1052 in
1085 1023 1252 1052 nonnullis
1269 1022 1519 1062 praestantioris

816 1076 905 1102 notae
916 1071 1089 1102 codicibus
1098 1072 1232 1110 legatur
1241 1076 1364 1110 canant,
1375 1072 1520 1102 fortasse

816 1121 1031 1152 scribendum
1049 1125 1114 1160 cst,
1138 1121 1165 1150 si
1190 1120 1267 1151 bella
1290 1124 1416 1151 vocant:
1442 1130 1522 1161 quo-

816 1174 916 1204 modo
928 1173 1016 1214 apud
1027 1174 1187 1212 Statium,
1197 1173 1285 1204 libro
1300 1182 1333 1204 v.
1346 1173 1523 1214 Sylvarum

818 1225 1040 1264 Propeintico
1054 1224 1217 1265 Crispini,
1240 1225 1249 1241 ‘
1268 1225 1356 1254 hunc
1370 1224 1456 1263 ipse,
1470 1233 1526 1254 vo-

818 1275 975 1306 cantibus
991 1274 1102 1313 armis,
1129 1274 1257 1313 Induit,
1280 1274 1367 1304 hunc
1384 1273 1455 1312 regi
1473 1282 1523 1304 ra-

818 1326 894 1365 puit
908 1325 1046 1356 thoraca
1061 1325 1225 1355 Britanno
1237 1323 1256 1354 :²
1274 1323 1332 1354 ubi
1344 1332 1524 1363 perperam

819 1376 1000 1415 legebatur
1014 1373 1191 1406 'hactenus
1213 1373 1395 1404 vacantibus
1417 1374 1524 1405 armis.

819 1427 866 1457 D.
886 1426 1007 1456 Heins.

865 1478 927 1506 319
951 1475 1048 1506 Mitis
1071 1474 1154 1514 erat]
1191 1475 1335 1514 Eutrop.
1362 1473 1420 1505 lib.
1446 1482 1525 1505 vm.

821 1526 830 1543 ‘
847 1526 1014 1566 Trajanus
1041 1526 1165 1565 Remp.
1190 1525 1238 1555 ita
1263 1524 1525 1564 administravit,

822 1583 861 1607 ut
883 1576 1035 1606 omnibus
1063 1576 1274 1616 principibus
1297 1576 1419 1606 morito
1444 1585 1528 1616 prae·

823 1626 963 1656 feratur.
1009 1625 1190 1656 Inusitatae
1214 1625 1387 1656 civilitatis
1409 1629 1445 1656 et
1461 1624 1529 1656 sor-

823 1676 979 1708 titudinis
996 1675 1085 1713 fuit:
1101 1678 1164 1707 διο.

868 1727 936 1757 Nec
951 1725 1069 1765 desine]
1100 1725 1256 1756 Studium
1284 1725 1452 1756 intentum
1475 1735 1532 1757 no-

825 1780 889 1808 tat.
935 1775 1050 1806 Infra:
1090 1776 1099 1792 ‘
1123 1784 1186 1805 nec
1217 1775 1353 1805 desinat
1383 1785 1531 1816 uuquam

824 1828 949 1858 Tecum
973 1826 1081 1857 Graia
1106 1825 1208 1867 loqui,
1232 1829 1347 1856 tecum
1377 1825 1532 1857 Romana

826 1876 1002 1909 vetustas!
1027 1876 1144 1907 Barth.

869 1932 932 1959 320
956 1929 1048 1959 Bella
1063 1928 1188 1967 tonant]
1221 1928 1416 1960 Imminent.
1451 1929 1532 1959 Fra-

828 1988 942 2018 gorem
961 1978 1048 2008 enim
1068 1978 1187 2018 procul
1211 1979 1412 2010 minantium
1436 1979 1533 2019 dicit,

828 2038 868 2060 eo
886 2032 1049 2068 percepto
1066 2028 1295 2059 exercendum
1312 2029 1466 2060 militem.

873 2079 970 2109 Prius
980 2078 1123 2118 agmina]
1148 2079 1359 2110 Exercitatio
1368 2079 1536 2118 militaris,

830 2129 990 2159 Romanis
1007 2128 1232 2166 sanctissima,
1248 2137 1367 2158 caussa
1383 2128 1537 2168 proxima

831 2178 935 2210 Orbis
953 2178 1083 2208 domiti.
1130 2178 1347 2216 Onosander,
1362 2187 1393 2208 c.
1412 2181 1464 2208 lo.

876 2229 980 2260 Duris
991 2229 1119 2269 studiis]
1142 2230 1218 2260 Non
1232 2228 1319 2259 enim
1334 2228 1538 2259 exerceban-

833 2283 887 2310 tur
905 2279 1004 2309 aliter
1021 2288 1119 2319 quam
1145 2279 1172 2309 si
1196 2283 1389 2319 pugnarent
1412 2278 1448 2310 in
1463 2278 1537 2309 lios-

833 2333 914 2360 tem.
938 2330 1054 2360 Barth.

849 2375 852 2377 ’
877 2382 938 2410 321
955 2380 1130 2420 Proestrue]
1142 2379 1325 2412 Praestruit
1340 2379 1388 2411 rei
1401 2377 1539 2418 aliquid,

836 2432 892 2472 qui
906 2432 938 2461 in
952 2442 1045 2461 usum
1060 2432 1132 2472 ejus
1148 2436 1298 2462 exercet.
1323 2432 1451 2471 Estque
1465 2438 1540 2469 pro·

836 2482 947 2522 prium
966 2482 1059 2512 velut
1076 2482 1218 2512 militias.

880 2532 1000 2572 Illartz']
1038 2533 1202 2563 Verarum
1231 2532 1319 2563 enim
1352 2538 1540 2571 pugnarum

837 2583 1018 2614 simulacra
1032 2588 1132 2614 erant
1149 2588 1184 2614 et
1200 2583 1371 2622 imagines.
1396 2580 1512 2611 Barth.

880 2635 942 2664 322
968 2634 1039 2664 Non
1055 2633 1169 2664 brumce
1184 2633 1316 2672 requies]
1349 2632 1401 2662 Ne
1425 2630 1541 2662 desue-

839 2683 921 2713 tudo
948 2683 1105 2714 damnum
1145 2682 1261 2719 faciat,
1302 2681 1403 2711 ctiam
1430 2678 1540 2708 hieme

839 2733 887 2764 ait
901 2733 1042 2762 militem
1060 2732 1301 2762 exercendum.

884 2783 1098 2813 Hiber-nacula
1133 2780 1255 2819 segnes]
1300 2777 1542 2810 Hibernaculis

840 2832 986 2863 militem
1002 2832 1037 2862 in
1061 2835 1229 2871 torporem
1246 2833 1281 2859 et
1296 2829 1412 2859 luxum
1429 2827 1544 2868 delap-
