1851 3213
257 166 374 209 1466

259 270 325 301 tito
350 270 481 301 murice
506 270 562 302 fila
592 270 806 302 Contulimus
826 269 966 311 pensis!

260 320 306 351 D.
326 320 441 352 Heius.

303 373 366 402 277
395 372 452 403 Vel
471 373 499 403 si
522 382 611 403 sacra
621 372 760 412 placent]
783 372 821 402 Si
836 373 898 403 tela
915 382 967 413 pr.

260 421 374 454 Vatic.
387 432 447 463 pro
464 424 599 453 diversa
614 423 775 453 lectione.
802 423 899 453 Idem.

307 472 464 514 Cybelem]
489 474 592 514 Cujus
616 473 721 504 sacris
738 473 901 505 destinati
919 483 969 505 se-

260 523 384 554 miviri.
408 524 593 561 Arnobius,
612 524 632 554 l.
649 533 679 555 v,
696 526 760 555 &c.
785 525 904 555 Barth.

303 576 366 604 278
408 573 590 613 Celcenoeos]
636 573 814 614 Phrygios.
876 574 969 606 Urbs

261 623 419 664 Phrygiae
443 624 620 655 notissima
648 625 797 664 Celenae,
823 625 879 656 ubi
903 636 971 656 ma-

263 673 326 704 tris
358 675 496 714 Magnae
528 673 655 706 furiosa
686 685 784 707 sacra
807 676 970 707 continue

262 724 537 756 celebrabantur.
571 726 721 757 Martial.
745 726 768 756 1.
795 735 844 757 lv.
871 727 971 767 Epig.

263 777 316 807 44.
340 776 440 806 Idem.

306 829 370 858 279
396 827 523 857 Illidere
535 827 627 867 pinu]
662 827 806 868 Gyrald.
823 829 972 859 allidere,-

264 880 303 907 ut
321 877 412 917 alibi,
432 878 440 894 ‘
457 877 497 908 In
514 877 602 909 latus
620 878 722 909 allisis
739 878 896 919 clypeis!
928 880 973 910 D.

266 927 381 959 Heius.

310 977 410 1018 Pina]
456 979 598 1019 Statius,
627 980 649 1011 l.
673 988 708 1011 x.
746 981 755 997 ‘
781 981 892 1021 quatit
915 980 973 1012 ille

266 1038 382 1060 sacras
399 1029 433 1060 in
450 1035 592 1071 pectora
616 1031 729 1072 pinus,
752 1031 976 1072 Sanguineos-

267 1089 333 1120 que
351 1084 444 1111 rotat
458 1081 592 1113 crines.’
617 1082 733 1113 Barth.

309 1131 373 1159 280
407 1130 552 1169 Inguinis
575 1134 604 1161 et
628 1132 781 1171 reliquum
809 1132 975 1173 Phrygiis]

265 1179 453 1212 ,Iuvenalis
499 1180 569 1210 Sat.
587 1189 625 1211 ιι.
650 1182 659 1197 ‘
680 1181 772 1212 Quid
790 1185 902 1211 tamen
918 1191 975 1212 ex-

268 1234 428 1270 spectant
454 1230 606 1270 Phrygio
633 1240 715 1270 quos
743 1235 876 1270 tempus
902 1235 976 1262 erat

264 1280 336 1321 jam
362 1280 460 1310 More
491 1290 738 1321 supervacuam
765 1282 886 1312 cultris
918 1282 976 1312 ab-

270 1330 427 1362 scindere
456 1331 611 1371 partem.’
656 1332 808 1365 Turneb.
831 1333 854 1364 l.
872 1342 977 1365 xxm.

270 1380 360 1412 Adv.
379 1391 408 1411 c.
423 1385 454 1412 5.
480 1382 578 1413 Idem.

312 1431 502 1462 Abscindere
510 1432 635 1473 cultris]
654 1433 821 1465 Abscidcre
835 1434 978 1467 Oiselia-

269 1491 334 1512 nus
348 1486 384 1512 et
400 1481 520 1513 decem
534 1483 600 1513 alii.
627 1484 675 1514 D.
693 1484 807 1515 Heius.

315 1535 377 1564 281
402 1533 500 1564 Arma
524 1534 659 1575 relinque
675 1535 765 1576 viris]
798 1536 853 1567 Ab
878 1536 980 1567 armis

272 1583 362 1613 enim
390 1584 596 1615 excludendi
622 1595 739 1617 omnes
771 1587 827 1627 qui
852 1588 893 1617 ad
923 1596 981 1618 cu-

274 1642 344 1664 ram
358 1634 571 1666 muliebrium
583 1637 797 1677 negotiorum
809 1642 981 1679 spectant.

274 1683 392 1714 Barth.

316 1736 380 1764 282
405 1735 551 1775 Fratres]
579 1737 686 1768 Vides
711 1738 884 1770 molimina
910 1749 982 1770 sce-

274 1784 389 1815 leratae
407 1784 542 1817 belluae.
567 1787 665 1818 Idem.

319 1837 382 1865 284
410 1836 584 1866 Conciliare
604 1837 706 1876 decet]
737 1837 800 1868 Ars
823 1838 912 1869 enim
935 1839 982 1869 le-

275 1894 400 1915 nonum
424 1889 459 1915 et
490 1886 643 1916 lenarum
671 1888 857 1918 amantium
887 1888 984 1928 paria

276 1933 403 1975 facere,
419 1940 570 1975 qnaestus
587 1936 637 1966 sui
655 1937 776 1977 gratia.
811 1938 984 1969 Conciliare

276 1986 449 2025 peculiare
466 1986 495 2016 ei
510 1988 647 2027 negotio
665 1988 817 2020 verbum.
841 1989 982 2020 Festus:

277 2036 287 2052 ‘
308 2036 532 2067 ConcilIatrix
557 2037 685 2068 dicitur
710 2048 785 2079 quae
808 2039 889 2070 viris
906 2049 984 2071 con-

279 2087 376 2118 ciliat
392 2088 526 2118 uxoreis
544 2093 579 2119 et
592 2089 754 2120 uxoribus
770 2090 885 2122 viros.’

321 2137 461 2179 Annum]
484 2139 716 2171 Consulatum.
740 2141 856 2173 Barth.

322 2191 384 2218 285
416 2188 557 2227 Flagitet
570 2190 758 2230 Eutropius]
782 2192 859 2223 Non
876 2193 986 2232 Flagi-

280 2240 328 2268 tat
345 2237 435 2268 libri.
460 2239 508 2269 D.
528 2239 640 2270 Heius.

324 2289 385 2318 287
412 2288 552 2328 Exacta]
589 2290 767 2323 Hactenus
782 2302 800 2322 a
817 2292 987 2334 principio

282 2348 342 2370 suo
356 2342 446 2368 acta.
470 2339 586 2370 Barth.

325 2391 389 2420 288
412 2389 515 2420 Labor
529 2391 602 2430 oevi]
627 2392 738 2423 Labor
755 2394 819 2424 aevi
836 2404 896 2434 pro
912 2395 988 2435 ipso

284 2450 357 2472 aevo
384 2447 435 2470 est
461 2441 606 2480 positus,
637 2444 726 2483 quod
755 2445 862 2475 omnis
888 2446 922 2475 in
947 2456 988 2477 eo

283 2490 411 2530 degens
429 2491 500 2520 vita
516 2491 660 2522 humana
674 2498 862 2532 perpetuus
885 2495 929 2526 sit
946 2497 989 2526 la-

283 2541 356 2572 bor.
381 2541 389 2557 ‘
408 2541 488 2570 Vita
511 2541 600 2571 enim
628 2541 774 2573 humana
797 2553 922 2584 perpes
937 2550 990 2576 est

285 2590 404 2623 labor.'
464 2591 565 2622 Unde
596 2593 605 2608 ⁶
628 2596 806 2623 catenatos
843 2594 989 2626 labores'

285 2647 387 2673 vocat
402 2641 587 2681 Ausonius,
602 2642 747 2673 alterum
770 2643 932 2675 videlicet
947 2655 989 2676 ex

285 2693 394 2724 altero
417 2691 638 2734 pendentem,
652 2701 715 2724 nec
730 2692 906 2726 solubilem
923 2704 991 2726 um-

467 176 610 207 NOTAE
643 176 908 208 VARIORUM
944 177 996 207 IN
1032 178 1108 209 ct..
1141 179 1324 210 CLAUD.
1358 178 1510 210 XVIII.

1015 281 1113 312 quam
1131 276 1188 303 aut
1202 271 1452 303 termInabilem
1465 275 1571 303 totam
1583 271 1719 302 seriem.

1017 321 1114 354 Idem.

1061 376 1124 404 289
1149 374 1321 414 OEdipodes
1343 373 1488 413 matrem]
1523 372 1720 404 Notissimae

1018 428 1098 455 sunt
1127 423 1264 462 fabulae,
1294 429 1330 455 et
1363 424 1528 454 ridiculus
1566 427 1643 464 post
1671 428 1723 454 tot

1019 474 1103 504 alios
1127 474 1160 504 in
1178 474 1378 515 aggerendis
1397 473 1662 515 repetendisque
1679 474 1726 505 la-

1019 524 1092 555 bor.
1117 525 1214 556 Idem.

1062 578 1125 606 290
1151 575 1342 615 Cantantur]
1367 575 1423 606 Ita
1435 579 1571 606 veteres
1585 575 1725 606 nonnul-

1020 626 1062 657 li:
1089 627 1122 657 in
1143 627 1290 667 vulgatis
1313 628 1479 658 Cuntutur.
1503 626 1547 657 D.
1565 625 1686 657 Heius.

1064 678 1195 717 Peperit
1213 677 1335 716 fratres
1346 679 1475 708 Jocasta
1490 676 1619 717 marito]
1642 677 1727 708 Erat

1021 729 1110 758 enim
1128 733 1163 759 et
1177 729 1282 768 ipsius
1299 734 1420 759 mater.
1445 729 1561 760 Barth.

1065 781 1126 809 291
1152 779 1296 819 Pelopoea
1310 778 1385 818 sibi]
1409 779 1460 809 Ex
1478 783 1621 819 parente
1636 779 1728 810 enim

1023 829 1161 869 peperit
1179 838 1240 859 sno
1259 828 1458 869 AEgisthum.
1493 828 1593 860 Idem.

1065 882 1129 910 292
1154 879 1338 919 Erechthei]
1366 878 1597 910 Atheniensis.
1640 879 1729 910 Vide

1023 930 1244 961 Pausaniam.
1270 930 1367 961 Idem.

1067 983 1130 1012 295
1165 981 1277 1011 Elerat
1303 980 1382 1011 hunc
1404 978 1526 1020 pluma]
1564 978 1606 1010 In
1633 987 1731 1010 avem

1025 1030 1195 1061 nimirum.
1220 1031 1317 1061 Idem.

1069 1082 1182 1112 Elevat
1195 1081 1274 1111 hunc
1296 1080 1417 1121 pluma]
1449 1080 1506 1112 Sic
1520 1080 1660 1122 scripti:
1686 1081 1733 1111 vi-

1026 1130 1076 1161 dit
1092 1131 1264 1161 Barthius.
1290 1131 1454 1171 Sequenti
1469 1140 1566 1162 versu
1583 1141 1733 1171 nimquam

1027 1190 1088 1220 pro
1114 1190 1268 1219 nunquam
1296 1185 1366 1210 tres
1398 1180 1556 1212 codices:
1590 1185 1626 1212 et
1656 1181 1734 1212 hanc

1028 1239 1088 1270 pro
1118 1229 1198 1260 hunc
1224 1239 1358 1270 semper
1384 1229 1492 1261 Aldus
1517 1236 1554 1261 et
1580 1232 1734 1262 Florent.

1027 1281 1060 1311 S.
1078 1279 1202 1310 Marci.
1226 1279 1296 1310 Pro
1309 1279 1516 1321 arborefigit,
1529 1280 1734 1312 membrana:

1028 1330 1204 1370 pleraeque
1224 1329 1338 1371 fingit.
1395 1330 1498 1361 Forte
1536 1330 1659 1371 cing-it.-
1698 1336 1738 1363 ut

1030 1380 1119 1421 apud
1137 1380 1241 1411 Ovid.
1257 1381 1265 1397 ‘
1284 1380 1466 1421 cinguntur
1481 1381 1575 1411 tenui
1592 1391 1738 1422 praecor-

1030 1430 1084 1461 dia
1099 1430 1209 1461 libro.’
1258 1431 1417 1461 Eunuchis
1442 1441 1502 1472 pro
1529 1432 1677 1471 eunucho,
1699 1437 1738 1463 ut

1029 1481 1240 1521 respondeat
1271 1483 1315 1520 τῷ
1342 1482 1499 1512 virorum:
1540 1486 1610 1512 tres
1646 1481 1739 1513 libri.

1030 1530 1136 1571 Scylla
1150 1541 1240 1561 noros
1255 1535 1374 1562 mutata
1391 1542 1480 1563 canes
1502 1532 1629 1572 primus
1644 1532 1741 1563 Vati-

1032 1593 1149 1623 canus,
1173 1593 1237 1614 non
1260 1584 1374 1614 mirata
1397 1584 1500 1614 etiam
1518 1583 1737 1615 Oiseliauus:

1033 1644 1110 1665 mox
1135 1635 1267 1665 eunuchi
1291 1636 1389 1666 scelus
1418 1638 1478 1674 est,
1503 1644 1570 1665 non
1595 1634 1739 1665 eunuchis

1033 1686 1306 1725 praestantiores.
1329 1686 1375 1717 D.
1392 1685 1506 1716 Heius.
1542 1702 1545 1707 ,

1075 1738 1139 1766 298
1164 1736 1310 1766 Eunuchi
1334 1737 1431 1767 scelus
1454 1736 1515 1775 est]
1567 1734 1739 1766 Contami-

1033 1790 1158 1815 nantnr
1189 1786 1279 1816 enim
1302 1790 1399 1816 tactu
1416 1786 1644 1816 semimarium
1661 1785 1740 1816 viri·

1032 1835 1076 1866 lia
1094 1836 1206 1866 onmia
1223 1836 1337 1866 munia
1354 1842 1387 1866 et
1403 1837 1554 1876 negotia.
1579 1836 1696 1868 Barth.

1077 1888 1140 1916 300
1167 1886 1269 1920 Quum
1301 1886 1430 1925 pulcher
1459 1889 1634 1926 conspectus
1660 1887 1742 1927 erat]

1034 1936 1159 1966 Melius
1172 1937 1301 1976 pulchre
1318 1936 1447 1977 scripti.
1463 1936 1628 1978 Sequenti
1641 1947 1743 1969 versu

1035 1996 1097 2027 pro
1125 1990 1282 2027 onerante,
1306 1987 1488 2027 legendum
1519 1997 1657 2028 onerare,
1687 1988 1743 2018 vel

1036 2036 1126 2078 quod
1155 2038 1282 2077 malim,
1308 2047 1430 2078 ornare,
1457 2047 1500 2069 ne
1526 2038 1576 2069 bis
1591 2038 1680 2069 idem
1696 2038 1744 2069 di-

1037 2092 1115 2127 cat;
1132 2088 1222 2129 quod
1239 2093 1276 2119 et
1291 2088 1334 2119 de
1350 2088 1447 2119 simia
1464 2098 1540 2130 quae
1556 2092 1743 2130 sequuntur

1037 2138 1252 2170 confirmant.
1298 2140 1491 2180 Utrumque
1518 2139 1552 2170 in
1577 2139 1743 2170 membra-

1036 2190 1088 2219 nis
1106 2194 1202 2220 extat
1218 2189 1422 2230 potioribus.
1461 2191 1609 2220 Tenderet
1623 2200 1745 2221 ornare.

1037 2240 1235 2280 eleganter:
1261 2239 1340 2270 vide
1367 2250 1441 2281 quae
1470 2250 1574 2281 supra
1597 2244 1677 2271 noto
1693 2251 1744 2273 vs.

1039 2292 1092 2320 13.
1117 2290 1187 2320 Pro
1196 2293 1349 2329 gravatus
1360 2300 1403 2320 ex
1416 2290 1618 2330 conjectura
1629 2299 1744 2329 grava-

1038 2344 1085 2371 tos
1098 2349 1249 2380 repono:
1272 2344 1361 2371 artus
1387 2350 1558 2380 exsangues
1577 2345 1613 2371 et
1640 2340 1746 2371 cinctu

1034 2395 1186 2430 gravatos
1224 2390 1424 2432 conjungit:
1463 2391 1598 2422 cinctum
1638 2391 1744 2422 etiam

1040 2442 1147 2482 probe
1162 2442 1354 2474 junianus:
1380 2442 1447 2472 duo
1467 2441 1639 2472 Gallicani
1663 2442 1745 2472 cinc-

1040 2495 1114 2527 tus,·
1135 2492 1245 2522 minus
1272 2492 1369 2522 bene.
1414 2491 1470 2522 Sic
1501 2492 1632 2529 gravari
1661 2494 1746 2523 tecta

1041 2542 1150 2572 Statio
1181 2541 1334 2572 Hercule
1358 2541 1578 2571 Surrentino:
1605 2542 1613 2557 ‘
1629 2544 1746 2572 moestoe

1037 2593 1145 2632 pedem
1162 2592 1267 2622 Terrae
1277 2591 1462 2630 grat-antur’
1475 2591 1596 2622 Senec.
1607 2591 1746 2632 Thyest.

1041 2653 1117 2684 quae
1147 2652 1228 2674 vera
1258 2643 1329 2674 illic
1360 2643 1487 2674 lectio:
1510 2643 1520 2659 ⁴
1539 2643 1745 2684 abrumpunt

1041 2693 1147 2725 vitani
1162 2694 1340 2736 lucemque
1359 2692 1553 2735 gravantur’
1575 2693 1671 2735 Silio,
1685 2693 1744 2727 lib.
