1852 3182
456 188 519 218 DE
553 188 730 218 MALLH
764 188 947 221 THEOD.
979 191 1115 223 coNs.

61 289 121 321 lib.
136 298 214 321 xw.
235 289 245 307 ‘
264 290 341 324 Qua
362 289 509 322 nondum
527 295 639 322 tamen
658 291 765 332 impu-

61 339 148 371 lerat
164 341 230 371 vim
246 339 409 372 Dardana
426 341 566 380 lampm,
582 342 765 373 Parcebat-

62 399 127 430 que
143 390 270 430 vapor.’
296 391 343 421 ita
359 390 484 428 scribe,
514 400 580 421 nou
598 391 765 423 intulerat:

61 439 109 470 sic
133 440 142 456 ‘
163 440 343 471 Parcendo
359 439 488 471 secare'
505 440 594 480 apud
613 446 765 472 nostrum

62 489 162 521 Bello
179 491 322 522 Getico:
349 496 383 521 et
406 500 454 522 vr.
481 491 581 522 Cous.
611 491 768 531 Honorii,

60 539 238 581 ‘jugulum
269 541 487 579 parcentibus
511 540 634 572 offert:
690 543 766 573 Sta-

60 590 127 621 tius
151 591 379 630 Epithalamio
401 591 534 622 Stellae:
561 595 569 608 ‘
588 591 651 622 Ast
675 592 765 621 illam

61 651 188 672 summa
205 642 328 672 leviter
346 642 410 683 (sic
438 652 583 683 namque
603 642 768 683 jubebas)

60 691 237 732 Lampade.
255 698 434 731 parcentes
450 698 485 723 et
512 693 611 723 inerti
631 693 765 735 strinxi-

60 749 134 772 mus
149 741 258 772 arcu:'
283 742 337 771 uhi
356 751 536 782 perperam
553 742 666 772 inermi
694 751 767 772 arcu

60 801 148 823 nnnc
168 792 342 824 scribitur.
360 802 423 823 non
447 794 534 823 enim
549 793 619 823 vult
636 793 766 823 Statius

59 843 152 874 nulla
171 844 300 883 sagitta
318 848 445 874 tactam
469 842 572 873 fnisse
588 844 766 874 Violantil-

59 892 138 930 lam,
154 894 213 924 sed
232 894 295 924 levi
313 893 454 933 sagitta:
482 893 529 923 sic
556 893 652 923 Paris
677 894 765 932 apud

59 943 251 974 Nasonem:
277 946 285 960 ‘
306 944 380 974 Nec
397 953 471 974 mea
489 949 567 973 suut
580 953 708 974 siiinma
726 943 769 973 le-

59 992 150 1023 viter
176 992 344 1024 destricta
370 995 495 1033 sagitta
513 993 686 1025 Pectora:
712 993 769 1024 de-

60 1043 193 1074 scendit
212 1043 331 1073 vulnus
349 1044 389 1073 ad
408 1053 482 1073 ossa
499 1043 633 1073 meum.’
670 1042 767 1073 Idem

58 1092 189 1123 Statius
222 1093 400 1132 Lacrymis
433 1093 590 1124 Etrusci:
628 1095 636 1110 ‘
664 1093 766 1124 victis

60 1142 238 1182 parcentia
269 1140 399 1172 foedera
430 1141 562 1172 Cattis.’
600 1140 725 1171 Achill.
744 1150 770 1172 1.

59 1192 162 1224 Nunc
172 1192 305 1222 levibus
315 1191 426 1228 sertis,
437 1192 538 1232 lapsis
549 1201 637 1222 nunc
649 1196 770 1231 sponte

60 1241 231 1280 canistris,
248 1241 346 1272 Nunc
363 1243 479 1281 thyrso
493 1247 654 1281 parcente
668 1240 771 1272 ferit!

60 1291 166 1323 Theb.
192 1300 249 1322 111.
268 1294 276 1308 ‘
298 1301 377 1330 pars
405 1291 535 1330 spicula
555 1290 678 1321 dextra
703 1292 770 1322 Ne-

61 1341 241 1382 quicquam
255 1347 416 1381 parcente
428 1341 590 1372 trahunt)
603 1351 668 1372 vu.
678 1342 687 1358 ‘
697 1352 771 1382 pro-

61 1401 146 1434 pere
175 1392 324 1423 monitns
350 1392 499 1435 iramque
522 1393 674 1432 parentis
698 1392 770 1423 Ede

60 1443 144 1474 nihil
161 1446 327 1483 parcens)
363 1444 509 1473 Serenus
529 1443 773 1482 Sammonicus,

62 1503 138 1534 cap.
155 1496 186 1524 7.
211 1495 219 1510 ‘
237 1493 292 1524 Sic
311 1493 468 1534 pavidum
496 1503 618 1534 corpus
647 1494 771 1524 dextra

62 1548 227 1583 parcente
259 1542 400 1574 foveto:
449 1543 619 1574 Ausonius
652 1544 770 1584 Epita-

62 1593 150 1633 phiis
166 1594 332 1630 Heroum,
350 1594 442 1634 Epit.
461 1602 538 1624 xxi.
561 1596 569 1610 ‘
587 1595 678 1624 Dum
693 1604 769 1634 par-

61 1647 164 1674 cente
194 1653 295 1673 manu
328 1644 428 1673 molle
465 1644 537 1673 olus
577 1642 769 1674 excolitur.²

61 1693 71 1710 ⁶
90 1692 279 1723 Pascentes
303 1702 365 1732 ego
389 1693 550 1723 dexteras
574 1694 653 1724 Odi‘
680 1693 768 1734 apud

61 1741 246 1774 Horatium
262 1742 330 1774 Od.
345 1751 400 1773 111.
419 1746 469 1773 19.
494 1744 538 1774 D.
556 1744 670 1774 Heius.

105 1794 215 1826 Ardua
222 1793 369 1833 flammas
384 1793 483 1824 Scena
493 1793 590 1832 rotet]
613 1793 770 1824 Flammis

62 1843 297 1876 artificialibus
336 1843 478 1883 emissis,
515 1843 655 1874 munitis
690 1848 770 1874 ante

64 1895 252 1927 tabulariis.
277 1894 393 1924 Barth.

106 1948 170 1976 330
195 1945 277 1975 Fida
302 1944 458 1984 incendia]
482 1944 652 1975 Miraculo
675 1954 770 1984 spec-

64 2000 225 2034 tatorum,
250 1995 346 2026 velut
373 2004 426 2025 ars
453 1995 652 2025 histrionum
674 2000 770 2025 natu-

64 2055 136 2078 ram
153 2044 322 2076 Elementi
345 2045 540 2075 mutaverit.
586 2045 699 2084 Ipsam
717 2054 772 2075 ce-

62 2096 238 2127 leritatem
265 2094 461 2125 circumacti
487 2093 574 2133 iguis
594 2094 627 2123 in
652 2103 770 2125 caussa

65 2155 139 2177 esse
167 2155 210 2176 ne
240 2148 363 2176 noceat
393 2144 569 2184 tabulatis,
601 2144 771 2175 sententia

65 2201 131 2228 est.
156 2196 255 2227 Idem.
487 2188 490 2193 “

108 2249 169 2278 331
194 2245 319 2277 Lasciva·
333 2245 450 2285 subito]
479 2244 665 2276 Vaticanus
682 2245 772 2286 opti-

64 2306 152 2336 mus,
181 2306 256 2327 cnm
285 2306 350 2327 uuo
375 2295 575 2334 petaviano,
601 2296 772 2336 Mediceo,

65 2346 304 2385 Ambrosiano,
315 2352 350 2377 et
367 2352 514 2387 quatuor
528 2346 771 2382 aliis‚Lascivae.

65 2403 106 2430 ut
122 2397 238 2430 lembus
262 2396 437 2428 foeminiuo
460 2407 585 2437 genere
615 2402 772 2437 ponatur,

67 2448 236 2491 quomodo
263 2448 408 2488 phaselus
438 2447 528 2488 apud
557 2447 688 2488 poetas.
726 2448 770 2479 D.

67 2499 182 2531 Heius.

110 2551 222 2582 Subito
237 2550 373 2591 aquare]
398 2550 500 2582 Unda
522 2550 633 2581 subito
660 2559 771 2581 arenae

65 2601 226 2633 immissa.
251 2601 328 2631 vide
353 2601 524 2632 Martialis
541 2602 698 2641 Spectac.
726 2600 773 2630 Si-

66 2651 140 2684 mili
166 2651 334 2691 prodigio,
360 2651 401 2682 ad
430 2652 542 2682 oculos
569 2651 674 2692 vulgi,
698 2660 773 2690 spe-

66 2702 176 2744 luncae
194 2700 321 2731 fiebant
339 2701 370 2730 in
389 2710 502 2739 arena,
527 2702 774 2733 enascebantur

69 2753 223 2792 arbores,
239 2757 274 2783 et
290 2753 384 2793 aquis
399 2752 510 2783 subito
534 2753 622 2784 natis
645 2753 774 2785 innata-

68 2805 153 2844 bant
167 2802 306 2837 marinae
321 2803 454 2836 beuuae.
476 2803 594 2836 Barth.

414 2922 429 2938 Q

1406 186 1521 227 1443

861 285 984 325 Lcmbi]
1018 286 1171 318 Subitam
1199 288 1438 321 Naumachiam
1461 291 1523 322 dc-

818 336 942 375 signat.
969 337 1034 367 Dio
1049 342 1194 368 testatur
1209 339 1391 379 Neronem,
1403 341 1521 372 belluis

819 385 1010 417 interfectis
1027 392 1060 417 et
1080 388 1255 418 venatione
1281 390 1445 428 exhibita,
1467 400 1521 421 su-

820 435 890 466 bito
908 446 1025 476 aquam
1052 437 1237 475 induxisse,
1266 437 1322 467 nbi
1350 443 1522 470 cei-tamen

820 487 938 517 navale
956 488 1120 519 exhibuit.
1148 490 1266 520 slat-er.

864 539 925 566 332
953 537 1131 575 Remigibus
1157 539 1292 579 canoris]
1316 539 1458 570 Musicis
1474 539 1523 571 in-

820 588 1016 617 strumentis
1035 593 1067 617 ct
1086 589 1298 620 celeusmatis
1311 589 1524 630 personanti-

821 634 893 666 bus.

864 686 1012 725 Spumant
1030 686 1165 717 immissa
1191 689 1326 728 canoris]
1350 689 1450 720 Hanc
1468 698 1524 720 ve-

821 746 892 766 ram
920 737 1097 768 lectionem
1126 743 1221 778 puto,
1245 749 1344 780 qnam
1380 740 1524 772 Lucens.

821 787 962 826 Gyrald.
992 789 1088 829 prim.
1114 789 1272 820 Vatican.
1302 795 1337 821 et
1369 790 1524 832 plerique

820 838 875 868 alii
907 849 949 869 ex
988 840 1111 870 nostris
1143 845 1350 879 agnoscunt:
1391 846 1523 882 septem

819 889 974 919 immersa:
1000 889 1142 919 totidem
1160 891 1304 921 inmensa.
1330 891 1433 921 Forte
1461 900 1524 931 pro

819 949 953 969 emersa.-
991 939 1050 969 scd
1082 940 1224 970 alterum
1259 941 1366 979 magis
1396 941 1524 980 placet.

819 988 931 1028 Vulgo
946 989 1088 1020 inversa.-
1110 991 1198 1030 quod
1216 991 1375 1021 Bartliius
1398 996 1524 1022 tuetur.

819 1040 983 1070 admittere
999 1041 1096 1070 simili
1116 1041 1156 1071 de
1171 1051 1205 1071 re
1223 1042 1307 1072 dixit
1322 1043 1523 1082 Spartianus

820 1090 854 1119 in
872 1090 1067 1120 Alexandro
1084 1092 1230 1122 Severo:
1248 1094 1256 1108 ‘
1274 1093 1367 1122 Fecit
1384 1097 1419 1123 et
1435 1098 1525 1133 stag-

822 1148 864 1169 na
881 1141 1051 1179 stupenda
1076 1141 1225 1171 admisso
1252 1142 1335 1171 mari
1350 1142 1368 1171 :’
1403 1142 1444 1173 de
1468 1142 1526 1173 im-

820 1190 964 1220 mittendi
984 1191 1085 1221 verbo
1110 1192 1258 1222 nonnihil
1275 1192 1421 1223 diximus
1438 1193 1460 1223 l.
1485 1201 1525 1224 Π.

823 1239 854 1269 ἰιι
874 1239 983 1270 Rutiu.
1001 1250 1050 1270 vs.
1072 1243 1144 1271 376.
1176 1242 1282 1272 Vetus
1307 1243 1526 1283 Epigramma

822 1290 854 1319 iu
885 1291 1062 1322 catalectis
1101 1291 1248 1322 Pithoei:
1284 1293 1293 1308 ‘
1321 1292 1398 1330 Hic,
1424 1302 1525 1333 quem

821 1339 945 1377 cernis,
968 1339 1077 1370 Athos
1093 1341 1249 1371 immissis
1265 1342 1400 1381 pervius
1416 1341 1531 1381 undis,

823 1390 981 1420 Flexibus
1008 1391 1152 1431 obliquis
1179 1391 1404 1421 enom-nudus
1428 1390 1525 1422 erat)

823 1440 959 1472 Immittz‘
986 1441 1124 1471 verbum
1141 1442 1319 1472 theatrale.
1347 1441 1524 1481 ApuleiuS,

821 1490 906 1520 Met.
924 1499 959 1521 x.
976 1491 1016 1522 de.
1032 1491 1310 1531 Amphitheatro:
1335 1492 1526 1523 ‘Quaecun-

821 1549 886 1580 que
903 1541 943 1570 ad
962 1541 1103 1573 exitium
1118 1541 1267 1572 mulieris
1282 1541 1390 1572 bestia
1406 1539 1531 1576 suisset

820 1589 985 1620 immissa!
1013 1590 1052 1621 D.
1069 1590 1180 1622 Heius.

864 1640 1005 1680 Inversa]
1028 1641 1070 1670 Vi
1088 1650 1265 1672 remorum.
1295 1642 1408 1673 Barth.

862 1692 925 1720 331
957 1690 1085 1730 Duplici
1102 1690 1197 1730 ritta]
1231 1691 1408 1729 Sacerdos,
1433 1690 1528 1722 velut

821 1740 935 1779 gloriae
954 1745 989 1770 et
1006 1740 1220 1780 ¹«eternitatis,
1233 1741 1426 1780 duplicibus
1444 1739 1529 1771 insu-

822 1789 874 1828 lis,
896 1789 1022 1830 duplici
1045 1799 1183 1829 corona,
1209 1790 1401 1830 insignitus·
1448 1791 1525 1822 Quo

821 1848 945 1879 genere
968 1840 1046 1869 Deo
1068 1840 1224 1879 dilectos,
1246 1845 1281 1870 et
1297 1840 1524 1879 singularibus

820 1890 852 1919 in
871 1890 995 1920 bonum
1021 1889 1371 1930 pul›1ic11m*1101nines
1397 1890 1525 1922 meritis

821 1939 938 1970 Poetae
957 1940 1166 1972 describunt.

865 1988 993 2029 Duplici
1009 1989 1074 2019 rita
1090 1989 1239 2020 subnixus
1251 1990 1285 2020 in
1308 1988 1421 2029 oevum]
1446 1989 1525 2021 Non

822 2043 899 2069 sunt
916 2038 1074 2069 audiendi
1099 2038 1258 2077 Codices,
1281 2040 1338 2080 qni
1361 2039 1443 2069 vitta
1467 2042 1528 2069 aut

821 2089 916 2119 mitra
933 2094 1101 2129 reponunt
1114 2099 1189 2120 cum
1207 2089 1366 2120 Barthi0:
1391 2098 1452 2129 pro
1468 2089 1528 2119 mi-

821 2142 872 2170 tra
899 2145 1010 2170 tamen
1037 2141 1154 2180 duplici
1179 2141 1287 2171 merito
1314 2139 1420 2180 possit
1449 2138 1527 2179 legi.

821 2199 906 2220 unus
923 2195 1091 2230 praeterea
1108 2200 1149 2221 ex
1167 2191 1288 2221 nostris
1304 2189 1529 2230 duplicisama.

823 2240 882 2271 sed
900 2239 1035 2271 frustra.
1080 2241 1165 2272 Vult
1190 2242 1421 2271 aeternitatem
1441 2239 1530 2280 dup-v

822 2286 879 2321 lici
896 2291 1028 2322 nomine
1043 2291 1220 2322 Theodoro
1236 2290 1413 2330 obtigisse,
1428 2298 1527 2331 quam

823 2347 858 2372 et
875 2341 1012 2382 scriptis
1038 2341 1283 2372 immortalibus
1304 2340 1348 2371 sit
1365 2349 1527 2370 consecu-

823 2397 876 2423 tus
890 2397 925 2423 et
938 2393 1128 2430 consulatu,
1140 2391 1236 2423 fastis
1252 2389 1463 2422 inserendus:
1489 2387 1526 2418 τὸ

822 2444 903 2474 ricta
932 2442 1066 2473 erudite
1106 2447 1222 2472 tuetur
1254 2440 1446 2473 Gronovius
1483 2438 1526 2470 ad

823 2494 923 2525 Statii
939 2494 1061 2531 Silvas,
1078 2503 1109 2533 p.
1129 2496 1203 2524 359.
1231 2494 1275 2523 D.
1294 2491 1404 2521 Heius.

867 2544 906 2575 In
920 2553 1018 2574 aeram
1035 2543 1202 2582 Prot-edat]
1226 2543 1336 2573 Exeat
1354 2541 1385 2571 in
1402 2547 1527 2570 memo-

824 2593 908 2625 riam
933 2594 1130 2634 cultumque
1151 2592 1330 2623 hominnm.
1376 2588 1527 2619 Consuli-

825 2645 886 2676 bus
901 2648 1015 2675 autem
1041 2652 1059 2673 a
1085 2647 1179 2672 tauto
1205 2641 1328 2670 honore
1354 2637 1525 2668 aeternita-

826 2699 894 2725 tem
908 2692 1121 2734 spondebant
1136 2691 1290 2729 non-inis,
1304 2689 1418 2718 relatis
1433 2687 1524 2719 vide-

823 2750 906 2780 licet
932 2749 965 2779 in
993 2748 1111 2778 Fastos
1143 2745 1322 2782 Romanos,
1346 2751 1428 2783 quos
1455 2749 1525 2772 non

824 2798 888 2830 nisi
912 2806 987 2829 cum
1013 2794 1159 2837 Imperio
1186 2793 1356 2834 perituros
1379 2794 1527 2824 norantx
