1851 3213
290 212 405 255 1460

291 322 406 349 antem
439 321 507 349 tam
537 318 725 357 avaritiam,
763 328 876 359 quam,
907 317 996 359 qnod

291 370 391 409 vulgo
416 369 516 408 solet,
546 369 716 410 designat,
742 369 806 399 etsi
831 369 894 399 hoc
920 370 996 400 loco

291 430 354 451 non
371 420 474 452 aliud.
519 421 580 450 Est
597 420 687 450 enim
704 419 885 451 latissimus
901 420 996 460 hujus

291 471 383 502 iocis
400 481 488 502 usus.
513 470 629 501 Barth.

332 526 393 553 193
420 521 562 561 Castrat]
585 520 772 553 Debilitat.
796 522 893 552 Idem.

332 576 393 604 194
417 572 525 612 Arcoe]
549 572 606 602 Ita
630 572 805 613 Scaliger3
841 578 879 603 nt
903 583 995 604 arca-

289 633 362 654 rum
379 624 412 654 in
430 623 595 655 cubiculis
620 623 837 664 spoliatorem
861 624 993 656 innuat.

289 675 389 706 Idem.

332 727 393 755 195
420 724 512 755 Nunc
541 723 681 755 uberiore
714 725 825 764 rapina
865 725 993 764 Peccat]

283 777 377 807 Vera
398 777 471 806 llaec
498 781 654 806 veterum
674 774 838 805 librorum
862 775 990 806 lectio:

283 827 385 866 vulgo
403 836 460 856 non
475 828 592 866 peccet.
616 824 778 856 Liberiore
790 824 893 855 etiam
908 835 992 856 unus

284 877 379 908 Med.
404 877 513 908 male:
545 886 624 907 mox
653 876 828 907 Claverius
858 885 902 906 ex
931 885 991 907 suo

283 929 380 967 libro,
393 938 460 968 qaae
473 928 580 967 parvis
591 925 819 965 excitafurtis:
842 925 970 958 frustra
982 938 990 966 ;

283 980 331 1010 sic
364 978 487 1009 ‘furiis
525 978 680 1009 exercita
714 977 823 1018 plebis
857 977 988 1016 Roma‚'

281 1030 370 1061 bello
387 1029 480 1061 Gild.
508 1029 554 1061 D.
571 1028 686 1060 Heins.

325 1083 386 1111 196
413 1080 583 1120 Quicquid]
617 1081 890 1121 Quantocunque
912 1089 987 1120 spa-

281 1131 340 1162 tio.
367 1131 483 1162 Barth.

325 1185 385 1213 197
412 1182 518 1212 stIerce
546 1181 723 1220 locandum]
763 1180 882 1211 Infra:
919 1181 986 1211 ‘In

278 1243 429 1264 mercem
446 1232 587 1262 veniunt
615 1232 753 1270 Cilices,
777 1231 912 1270 Judaen,
928 1230 986 1261 So-

278 1282 413 1324 phene!
444 1281 589 1312 Venalia
606 1281 669 1312 sub
686 1281 745 1312 tali
759 1280 894 1311 domino
910 1281 984 1322 quis

276 1331 479 1364 noncredat
507 1331 612 1362 fuisse
637 1331 762 1370 omnia,
790 1341 867 1362 cum
890 1341 984 1362 rarus

278 1384 423 1424 quisque
453 1383 656 1423 Magnetum
686 1392 725 1413 eo
754 1392 830 1413 aevo
858 1392 924 1413 non
942 1382 983 1413 ad

277 1434 456 1465 avaritiam
496 1433 665 1474 peccarit,
697 1434 767 1464 solo
795 1433 985 1464 Stilichone

277 1485 406 1524 demto,
424 1484 474 1516 uti
492 1494 533 1514 ex
550 1483 685 1515 Zosimo
702 1484 863 1515 constat?
888 1485 985 1516 Idem.

320 1538 382 1567 198
406 1536 539 1566 Institor
553 1535 692 1575 imperii]
717 1535 783 1567 Qui
799 1536 867 1566 sint
883 1535 985 1566 Insti-

275 1591 377 1625 tores,
394 1587 464 1617 vise
481 1585 634 1616 Titnlum
657 1585 844 1616 Pandectis
860 1585 902 1615 de
918 1585 984 1617 Ac-

273 1637 366 1668 tione
388 1636 578 1667 Institoria.
617 1636 797 1667 Institores
814 1636 982 1676 Ulpianus

274 1686 318 1717 ab
335 1685 491 1716 instando
508 1686 542 1716 in
558 1686 703 1725 negotiis
716 1686 826 1717 dictos
842 1686 890 1717 ait
906 1696 982 1727 cap.

273 1739 304 1767 3.
327 1736 455 1766 Verum
474 1735 585 1774 potius
603 1740 656 1766 est
684 1736 732 1766 uti
759 1735 802 1766 ab
825 1745 865 1766 eo
883 1745 981 1767 voca-

271 1786 387 1817 bulum
406 1785 616 1825 acceperint,
643 1785 732 1826 quod
750 1785 783 1815 in
799 1786 980 1817 stationem

272 1837 343 1867 sive
361 1837 472 1867 locum
497 1835 625 1866 domini
652 1835 752 1866 rebus
770 1836 845 1876 ejus
862 1846 979 1867 curan—

274 1887 326 1918 dis
344 1886 496 1917 veniant.
522 1886 618 1917 Idem.

316 1941 380 1969 200
406 1938 557 1977 Conjagis
567 1938 698 1978 ornata]
719 1939 913 1979 Tyrannica
924 1949 979 1970 cu-

271 1988 387 2029 pidine
405 1988 622 2019 desiderante
641 1989 732 2020 talia.
758 1990 856 2021 Idem.

313 2042 374 2070 201
401 2038 522 2081 S'ffm
543 2039 666 2079 patenti
694 2040 862 2080 Vestibula]
887 2040 978 2071 Fori-

270 2089 333 2121 bus
349 2099 513 2131 appensa,
526 2090 575 2121 uti
586 2089 741 2121 solebant
755 2090 887 2122 Edicta.
911 2090 977 2121 Pa-

268 2141 335 2172 lam
351 2141 456 2181 igitur
479 2142 539 2179 ait,
555 2142 646 2172 omni
676 2141 750 2172 velo
775 2146 887 2172 amoto
902 2151 976 2172 cau—

270 2197 433 2232 ponatum
450 2194 593 2223 honores
610 2193 825 2233 Eutropium.

315 2242 459 2282 Patenti]
477 2243 536 2273 Ait
551 2244 638 2274 enim
653 2244 763 2284 palam
778 2244 812 2273 in
825 2244 974 2274 omnium

267 2293 376 2323 oculis
392 2292 545 2324 suffixam
573 2295 663 2324 illam
692 2294 859 2335 egregiam
878 2304 974 2334 regn-

267 2344 358 2375 lam:
399 2344 487 2373 unde.
515 2344 556 2374 de
583 2346 684 2384 plano
713 2345 876 2375 videlicet
907 2344 973 2384 legi

267 2399 394 2434 posset.
441 2394 528 2424 Vide
543 2395 764 2435 Rrissmrium,
780 2395 838 2426 lib.
856 2404 912 2427 111.
928 2395 971 2426 de

266 2444 446 2475 Formnlis.
470 2445 588 2475 Barth.

307 2497 371 2525 202
399 2495 520 2533 Regula
533 2495 656 2534 gentes]
691 2495 852 2527 Patavin.
865 2497 972 2526 cedula

268 2555 331 2586 pro
346 2545 505 2575 schedula:
534 2546 623 2586 quod
649 2546 825 2583 glossema.
872 2545 970 2576 Ideni

269 2606 346 2628 mox
376 2599 493 2636 pendas
528 2607 589 2636 pro
617 2607 732 2637 ponas:
768 2607 833 2628 non
861 2598 969 2635 male;

267 2648 436 2689 quomodo
453 2652 488 2678 et
518 2647 742 2677 Farnesianus
758 2657 820 2687 pro
836 2647 971 2677 diversa

264 2697 428 2728 lectione.
476 2698 670 2737 Legentlum
693 2697 810 2736 etiam,
831 2697 887 2728 Tot
905 2697 971 2727 Ga-

266 2749 350 2788 latoe,
365 2751 411 2779 tot
430 2748 548 2778 Pontus
574 2751 645 2778 eant
662 2759 671 2778 .·
692 2752 727 2778 et
742 2748 857 2778 solatia
879 2749 969 2786 sorti,

266 2808 334 2830 non
349 2798 463 2835 sortis;
486 2798 576 2839 quod
604 2799 757 2829 ultimum
784 2797 861 2830 libri
888 2807 970 2829 uon-

504 222 649 253 No'l'AE
680 222 947 253 VARIORUM
982 223 1035 252 IN
1071 219 1144 253 CL.
1176 224 1360 254 GLAUD.
1392 222 1544 254 xvllt.

1050 317 1293 358 nullijubent;
1316 324 1488 360 praeterea
1512 319 1639 360 primus
1658 320 1757 352 Vati-

1048 378 1164 407 canus,
1190 369 1227 401 Si
1252 371 1401 411 Phrygas
1412 382 1424 407 ;
1445 371 1545 402 adde.-
1563 379 1676 412 parum
1697 375 1754 403 est.

1049 420 1127 451 Non
1142 421 1218 452 adde
1227 431 1349 462 parum.
1376 422 1422 454 D.
1439 416 1563 453 Heius.

1091 471 1229 512 Regula]
1268 473 1397 505 Ordine
1424 474 1555 514 scripta
1583 473 1754 512 recensio,

1046 521 1163 553 addito
1181 523 1304 564 pretio.
1348 524 1513 564 Regulam
1538 529 1650 563 vocat,
1673 524 1754 565 quia

1044 573 1108 604 hoc
1147 574 1290 614 pittacio
1334 575 1456 606 stricte
1493 574 1754 616 proponebatur

1044 624 1225 656 aestimatio
1256 625 1527 656 Provinciarum.
1573 626 1635 656 Est
1660 625 1751 656 enim

1045 676 1155 713 regula
1165 674 1262 705 firma
1273 680 1307 706 et
1322 675 1557 707 indubitabilis
1566 675 1752 716 conclusio,

1043 729 1147 764 atque
1166 726 1364 765 propositio,
1387 726 1503 757 Barth.

1086 777 1149 805 203
1174 776 1254 815 Eat]
1278 776 1318 806 In
1336 777 1582 816 possessionem
1598 785 1751 807 mercan-

1044 824 1098 855 tis.
1145 823 1280 856 Alludit
1304 825 1524 857 meretricum
1548 826 1750 866 prostituta-

1042 885 1115 906 rum
1132 876 1262 907 titulos.

1112 929 1152 956 05
1176 927 1267 957 Adde
1302 925 1432 967 parum]
1481 926 1676 968 Ingeniose,
1705 936 1749 958 ex

1040 978 1265 1018 cauponantis
1282 988 1385 1010 more.
1407 978 1524 1009 Barth.

1083 1031 1147 1059 206
1175 1029 1326 1060 Venditus
1341 1030 1406 1070 ipse
1421 1030 1560 1061 Vendere
1573 1033 1683 1061 cuncta
1697 1040 1749 1060 ea-

1034 1079 1102 1119 pit]
1125 1080 1181 1111 Sic
1198 1081 1231 1111 in
1249 1081 1323 1111 imis
1350 1081 1456 1112 Erebi
1483 1080 1661 1112 tormentis
1689 1090 1748 1121 po-

1039 1130 1092 1161 nit
1107 1130 1272 1170 Virgilius
1290 1131 1346 1172 qui
1365 1132 1475 1172 pretio
1491 1131 1631 1163 fixerint
1646 1135 1682 1163 et
1696 1141 1747 1163 re-

1037 1179 1176 1210 fixerint
1193 1181 1312 1220 Leges.
1339 1182 1436 1212 Idem.

1079 1232 1143 1260 209
1166 1230 1299 1270 Lances]
1333 1230 1631 1271 Appendcbantur
1656 1233 1746 1264 enim

1037 1279 1189 1310 Romana
1213 1281 1462 1313 consuetudine
1489 1284 1601 1322 pretia
1632 1293 1745 1316 rerum

1037 1336 1203 1361 emtarum
1214 1330 1428 1371 ingentiora:
1446 1337 1485 1363 ut
1499 1333 1633 1374 pondus
1644 1334 1746 1374 enim,

1037 1382 1087 1413 ita
1103 1382 1221 1414 Jndex
1238 1383 1360 1424 vergit.
1388 1384 1485 1416 Idem.

1082 1435 1146 1463 210
1170 1433 1245 1463 Non
1267 1435 1374 1474 pudet,
1389 1434 1460 1474 heu,
1479 1434 1599 1476 superi]
1622 1436 1744 1468 Excla-

1036 1483 1142 1514 matio
1175 1484 1317 1515 Lucani.
1372 1486 1523 1516 Seneca:
1559 1486 1658 1517 ‘Hoc
1688 1491 1744 1518 est

1036 1534 1128 1565 Deos
1144 1535 1233 1575 qnod
1250 1535 1394 1575 puduit!
1416 1535 1471 1566 Ita
1488 1536 1744 1577 exprobrabant

1036 1585 1116 1615 Diis
1134 1594 1188 1615 res
1205 1586 1293 1616 male
1311 1586 1546 1617 succedentes.
1569 1587 1666 1619 Idem.

1086 1635 1213 1667 Venisse
1229 1636 1284 1667 sub
1302 1636 1408 1678 hasta]
1432 1638 1594 1669 Lucensis
1617 1638 1741 1680 aliique

1033 1686 1161 1726 aliquot
1176 1687 1292 1718 venire.
1320 1689 1424 1729 Lege,
1440 1688 1566 1724 raenire.
1590 1689 1655 1720 Sub
1671 1691 1741 1721 has-

1032 1739 1097 1766 tam
1112 1736 1287 1768 Claverius
1300 1742 1335 1769 et
1347 1748 1388 1769 ex
1402 1740 1526 1770 nostris
1540 1740 1739 1773 Patavium.

1032 1786 1218 1826 Sequentia
1245 1788 1350 1818 etiam
1377 1789 1464 1820 male
1487 1789 1590 1830 vulgo
1619 1790 1738 1822 distin-

1031 1842 1190 1876 guuntur.
1216 1837 1258 1868 D.
1273 1839 1385 1870 Heius.

1078 1887 1201 1917 Vaenire
1226 1888 1279 1918 sub
1307 1888 1411 1928 hasta]
1444 1889 1556 1921 Hasta
1578 1891 1738 1923 solemnis

1030 1935 1063 1966 in
1095 1937 1331 1969 auctionibus:
1361 1939 1409 1970 ita
1440 1941 1645 1981 Eutropium
1674 1942 1736 1973 sub

1029 1987 1128 2019 hasta
1147 1989 1302 2028 vaenisse,
1325 1994 1362 2020 ut
1388 1999 1521 2021 servum
1543 1991 1737 2032 significet:

1029 2044 1145 2071 noster
1172 2040 1214 2071 de
1240 2049 1288 2071 ιν.
1317 2041 1462 2072 Honorii
1485 2042 1620 2075 Consul.
1643 2044 1735 2075 ‘non

1028 2089 1126 2121 hasta
1142 2089 1263 2121 refixas
1287 2090 1414 2122 Vendit
1429 2092 1532 2132 opes?
1574 2092 1735 2125 Juvenal.

1027 2141 1098 2172 Sat.
1114 2150 1173 2172 111.
1197 2143 1205 2158 ‘
1220 2141 1385 2172 Praebere
1407 2147 1512 2183 caput
1528 2142 1665 2174 domina
1678 2154 1733 2175 ve-

1027 2192 1104 2222 nale
1131 2192 1193 2223 sub
1220 2192 1350 2224 liastax’
1375 2193 1466 2234 quod
1493 2194 1527 2224 in
1554 2195 1733 2236 mancipiis

1028 2241 1225 2274 factitatum
1248 2244 1358 2284 prius:
1384 2243 1487 2284 impia
1510 2244 1636 2276 civium
1653 2255 1732 2286 pro-

1025 2293 1167 2334 scriptio
1191 2293 1293 2324 etiam
1310 2293 1352 2324 ad
1372 2287 1574 2325 Senatorum
1600 2296 1732 2335 praedia

1023 2343 1615 2384 opesquedistraliendasconvertit.
1637 2346 1730 2378 Hinc

1023 2395 1144 2425 Senec.
1164 2395 1297 2425 Consol.
1314 2394 1357 2425 ad
1379 2395 1557 2432 Marciam,
1581 2405 1658 2435 cap.
1673 2398 1727 2428 20.

1023 2446 1031 2462 ‘
1049 2445 1180 2476 hastam
1212 2444 1411 2475 Consularia
1440 2445 1548 2485 spolia
1578 2446 1728 2478 venden-

1022 2500 1090 2526 tem
1104 2494 1122 2526 :'
1140 2494 1218 2533 imo,
1230 2495 1319 2535 quod
1334 2494 1366 2524 in
1377 2494 1485 2525 libera
1500 2494 1642 2526 civitate
1658 2506 1728 2528 ma-

1022 2547 1073 2586 gis
1097 2545 1234 2584 mirere,
1248 2546 1352 2576 etiam
1369 2545 1431 2585 ipsi
1459 2546 1595 2586 patricii
1619 2547 1728 2579 instar

1023 2597 1264 2637 Cappadocum
1293 2597 1342 2628 sic
1370 2597 1579 2628 venundati:
1614 2608 1726 2640 neque

1020 2647 1120 2678 hasta
1134 2646 1386 2687 figebatur‚nisi
1399 2648 1600 2688 magistratu
1618 2649 1725 2689 impe-

1021 2703 1132 2735 rante,
1159 2698 1224 2728 imo
1250 2703 1448 2738 praesente:
1481 2709 1557 2730 nam
1583 2699 1724 2730 ‘Curius

1022 2750 1196 2780 Dentatus
1214 2749 1292 2780 Cos.
1317 2749 1482 2781 Pollionis
1500 2749 1725 2781 adolescentis

1024 2800 1114 2832 bona
1130 2800 1238 2832 hastae
1253 2799 1425 2841 subjecit!
1470 2800 1589 2833 Valer.
1603 2800 1662 2833 lib.
1674 2810 1725 2833 vt.
