1851 3213
294 213 409 256 1186
780 224 856 255 cn.
890 222 1172 255 criministur
1207 223 1272 253 cr.

350 319 379 361 J
384 333 455 362 am
476 333 607 373 grave
628 320 729 374 plus
749 320 896 369 etiam,
917 332 1051 372 quam
1069 317 1229 359 ventris
1250 321 1446 370 tempora
1465 315 1634 365 vellent,

295 386 553 430 Alcmenam
575 388 783 428 tendebat
801 400 909 428 onus
929 401 939 426 ι
972 386 1049 427 sed
1069 386 1189 438 regia
1209 384 1238 426 J
1244 397 1330 425 uno

295 454 503 509 Impedit,
523 459 566 495 et
584 458 737 508 partus
755 454 972 507 prohibet,
993 454 1201 506 nascique
1227 453 1414 502 vetabat,

295 521 359 563 Ut
376 526 516 563 metus
538 523 636 575 ipse
663 522 801 562 Deum
824 524 1060 562 monstret:
1093 532 1176 560 nec
1198 518 1348 560 vivida
1370 518 1477 560 coeli

295 589 474 630 Semina
494 590 699 630 mortales
719 593 877 631 norunt
897 588 1055 631 sentire
1076 588 1282 637 latebras,
1702 585 1764 626 25

298 656 340 696 N
345 669 396 698 ec
417 659 603 710 possunt
623 655 804 697 sufferre
824 669 987 698 moras.
1049 655 1193 696 Datur
1214 655 1311 696 inde
1330 666 1531 696 novercae

296 723 508 765 Materies
525 738 536 775 3
569 724 861 776 gravibusque
882 723 997 763 odiis
1019 726 1250 774 augmenta
1270 722 1508 772 ministrat,

296 790 430 842 Quod
454 792 570 831 vinci
591 791 783 843 coepisse
804 789 958 843 pudet.
1021 788 1138 830 Mox
1157 790 1360 842 improba
1378 790 1507 829 binos

296 858 349 900 In
369 864 448 899 tua
467 857 664 898 membra
679 856 822 909 jubet,
842 855 944 896 dum
967 855 1179 904 nasceris,
1200 856 1260 895 ire
1281 856 1513 897 dracones.

297 918 560 966 sucumbrint
579 923 742 965 celeres
761 922 842 973 illi,
864 934 1192 976 squamosaque
1210 922 1364 976 jussus
1710 920 1767 962 30

297 991 451 1032 Armat
471 991 587 1032 colla
606 990 750 1031 furor:
782 1002 880 1039 nec,
904 989 1110 1043 quamvis
1134 989 1330 1030 maxima
1350 991 1508 1038 tractu,
1539 997 1543 1000 ·

297 1058 542 1100 Tar-dantur
565 1057 699 1111 spiris
718 1070 727 1098 ε
771 1056 966 1110 sequitur
985 1069 1088 1110 pars
1111 1060 1255 1097 cetera
1274 1060 1444 1111 pectus.

298 1125 459 1166 Tristis
477 1125 692 1165 Tartarea
711 1124 909 1166 vibratur
931 1124 1086 1165 sibilus
1109 1137 1230 1166 aura.

297 1245 414 1266 mecum
431 1235 525 1266 velut
541 1236 684 1266 luctando
699 1234 755 1266 sub
771 1234 878 1266 arbore
895 1234 1061 1267 Herculea.
1105 1235 1181 1265 Jam
1193 1235 1315 1274 pondus
1326 1244 1425 1274 grate
1439 1233 1634 1266 distendebat
1650 1232 1774 1264 Alcme-

300 1288 369 1308 nam
384 1279 453 1318 plus
465 1279 560 1308 etiam
575 1288 666 1318 quam
682 1282 821 1317 tempora
842 1281 952 1317 partus
967 1277 1114 1308 sinerent.
1138 1279 1181 1308 A:
1198 1278 1282 1307 Juno
1296 1278 1407 1316 regina
1422 1278 1536 1313 obstat,
1552 1281 1582 1309 et
1597 1279 1773 1307 remoratur

296 1324 434 1359 partum,
445 1331 480 1351 ac
489 1320 672 1360 prohibebat
687 1321 773 1350 nasci
786 1320 988 1358 Herculem,
1004 1323 1038 1349 ut
1053 1320 1149 1350 timor·
1164 1319 1229 1358 ipse
1247 1320 1337 1350 illius
1353 1321 1494 1350 ostendat
1512 1321 1629 1351 Deum.
1668 1320 1774 1358 Neque

298 1364 416 1393 semina
430 1363 571 1401 vigentia
584 1363 726 1393 Deorum
739 1365 863 1402 possunt
875 1361 1015 1402 perferre
1026 1363 1189 1401 angustias
1201 1363 1355 1401 mortales,
1370 1371 1464 1401 neque
1476 1363 1578 1393 valent
1591 1361 1661 1401 pati
1676 1364 1775 1392 retar-

298 1406 474 1436 dationem:
497 1405 569 1435 hinc
585 1415 675 1435 causa
692 1406 752 1435 irae
767 1404 921 1444 proebetur
937 1414 1077 1434 mvercae
1094 1404 1115 1435 J
1121 1403 1236 1441 imoni,
1252 1407 1282 1434 et
1298 1405 1476 1444 suppeditat
1492 1405 1680 1435 incrementa
1695 1402 1776 1434 odiis

299 1449 426 1488 asperis,
441 1449 520 1487 quod
537 1447 695 1478 erubescat
709 1447 860 1487 incepisse
874 1446 1026 1487 superari.
1073 1446 1194 1477 Statim
1220 1446 1277 1477 illa
1292 1446 1312 1478 J
1318 1456 1383 1478 uno
1400 1448 1540 1486 maligna
1561 1448 1695 1487 imperat
1710 1455 1776 1477 ser-

294 1494 403 1530 pentes
419 1491 494 1521 dicos
505 1490 650 1521 invadere
666 1490 699 1521 in
716 1494 1012 1530 tuumtcorpus‚cum
1030 1489 1177 1520 nasceris.
1225 1489 1281 1520 1112·
1294 1495 1474 1530 serpentes
1489 1491 1604 1521 veloces
1614 1488 1774 1527 incubant,

300 1537 329 1563 et
360 1533 408 1563 ira
438 1533 593 1573 imperata
620 1537 743 1573 asperat
768 1534 846 1564 colla
873 1542 990 1563 eorum
1016 1541 1161 1572 squamea
1173 1543 1183 1563 .·
1218 1535 1248 1562 et
1263 1531 1332 1563 licet
1350 1533 1442 1571 longa
1468 1533 1536 1564 sint
1556 1535 1694 1573 reptatu,
1713 1540 1775 1561 non

301 1581 415 1607 tamen
432 1578 635 1607 retardantur
648 1586 749 1617 gyro.-
770 1586 845 1616 pars
869 1575 988 1616 reliqua
1006 1575 1162 1616 corporis
1186 1575 1324 1615 sequitur
1335 1579 1456 1616 pectus.
1502 1574 1773 1612 Sibilussunestus

945 1677 1182 1691 eeeeeeeeee

299 1753 496 1784 Livin.——16
522 1754 672 1794 Cyrrkoee
687 1754 883 1787 Livin.-—22
907 1755 1087 1786 Alcmenam
1101 1753 1213 1785 Livin.
1229 1753 1306 1785 Ald.
1323 1754 1472 1785 Alcmena
1497 1753 1619 1795 Isingr.
1637 1753 1768 1794 Gryph.

300 1798 386 1828 —32
423 1796 595 1828 Tardatum
622 1807 683 1838 pro
704 1798 883 1829 Tardantur
910 1798 1108 1829 Livia—42
1146 1797 1235 1833 Quod
1261 1798 1349 1828 novit
1375 1797 1500 1837 Isingr.
1527 1797 1658 1838 Gryph.
1691 1796 1771 1828 nolis

966 1898 1108 1931 NOTAE

303 1986 355 2016 lus
372 1987 424 2016 est
443 1994 541 2016 sacra
557 1985 713 2017 Herculi.

344 2038 383 2067 21
405 2036 504 2071 Quam
517 2036 635 2066 *ventris
645 2037 799 2078 tempora]
823 2037 1008 2079 Plusquam

302 2095 424 2116 novem
442 2095 594 2117 menses:
621 2096 696 2118 nam
713 2098 790 2118 cum
805 2093 896 2119 esset
910 2088 944 2119 in
958 2087 1007 2118 fa-

305 2138 347 2167 tis
375 2136 561 2177 Eurysthei
587 2141 623 2168 et
651 2137 825 2177 Herculis,
849 2148 923 2168 eum
949 2138 1008 2169 im-

303 2193 499 2227 peraturum
513 2196 601 2226 esse,
612 2187 668 2228 qui
685 2188 779 2228 prius
794 2192 1009 2227 nasceretur,

301 2239 404 2277 Juno,
432 2238 573 2269 Herculi
600 2238 747 2278 infensa,
779 2240 1008 2280 Eurystheum

302 2298 417 2320 mense
433 2289 578 2329 septimo
596 2290 820 2331 nascijussit;
846 2290 1008 2322 Herculis

303 2349 384 2371 vero
400 2344 512 2370 ortum
538 2340 571 2370 in
598 2340 745 2380 primum
769 2341 860 2372 diem
885 2339 1008 2372 mensis

304 2390 427 2422 decimi
444 2391 654 2430 prorogavit.

344 2445 387 2474 22
414 2441 569 2472 Tendebat
583 2443 673 2483 onus]
709 2443 854 2475 Ovidius
871 2443 912 2474 de
930 2442 1009 2474 Alc-

302 2503 424 2525 mena:
458 2494 468 2510 ‘
481 2493 663 2524 Tendebat
693 2495 841 2534 gravitas
873 2501 1008 2526 uterum

304 2542 407 2583 milii‚’
426 2545 490 2573 διε.

347 2596 388 2625 24
413 2591 535 2632 Metus]
568 2593 684 2624 Metus
701 2593 774 2633 ipse
798 2594 941 2626 sunonis
958 2605 1008 2626 ar-

305 2645 379 2686 guit
393 2644 503 2675 Deum
521 2653 594 2675 esse
610 2644 808 2675 Herculem.

346 2695 460 2727 Vivida
471 2694 537 2725 coeli
551 2694 682 2734 semina]
699 2695 882 2733 Hercules,
895 2695 1009 2726 vivido

304 2746 404 2781 Jovis
419 2745 548 2778 semine
573 2749 680 2787 satus,
702 2754 771 2777 non
801 2749 917 2787 potest
942 2755 1010 2777 ani·

1062 1987 1149 2028 plius
1177 1987 1248 2027 pati
1282 1987 1456 2028 angustias
1487 1985 1575 2018 uteri
1603 1987 1770 2025 mortalis,

1061 2046 1125 2068 nec
1160 2046 1289 2068 moram
1330 2046 1428 2077 quam
1459 2036 1549 2068 Juno
1587 2036 1769 2069 nectebat:

1063 2087 1213 2127 erumpit
1244 2086 1391 2126 tandem,
1429 2091 1465 2117 et
1503 2086 1618 2118 obices
1655 2096 1771 2119 omnes

1063 2136 1202 2178 frangit.
1240 2137 1333 2168 Hinc
1346 2136 1438 2169 Juno
1454 2137 1528 2177 ejus
1543 2145 1693 2168 noverca
1709 2137 1772 2169 ira·

1065 2191 1113 2227 ta,
1142 2187 1231 2218 omni
1262 2187 1340 2218 odio
1372 2196 1514 2229 puerum
1539 2187 1771 2227 persequitur,

1064 2238 1155 2279 quod
1183 2238 1290 2279 ipsam
1327 2238 1455 2278 pudeat
1486 2237 1560 2278 jam
1586 2237 1678 2269 vinci
1705 2247 1770 2269 coe·

1064 2288 1165 2328 pisse.

1106 2342 1147 2370 32
1164 2339 1313 2379 Sequitur
1326 2349 1400 2380 pars
1410 2342 1512 2371 cetera
1523 2339 1648 2381 pectus]
1672 2341 1770 2374 Colla

1063 2394 1273 2430 serpentum,
1296 2400 1379 2431 quos
1406 2391 1496 2423 Juno
1515 2391 1559 2423 ad
1584 2391 1769 2424 Herculem

1062 2439 1227 2472 infantem
1253 2441 1485 2472 devorandum
1512 2443 1712 2483 immiserat,
1734 2453 1769 2475 e-

1062 2496 1140 2522 rant
1166 2491 1332 2522 maxima:
1359 2492 1418 2522 sed
1440 2497 1552 2523 tamen
1578 2495 1769 2525 nou‘retara

1063 2543 1187 2574 dantur
1213 2542 1312 2582 spiris
1340 2546 1377 2573 et
1400 2543 1649 2574 voluminibus:
1675 2543 1768 2584 quod

1063 2597 1198 2633 spectat
1216 2591 1258 2621 ad
1274 2596 1425 2622 ceteram
1443 2592 1594 2633 corporis
1620 2598 1769 2635 partem,

1064 2654 1104 2675 ea
1128 2648 1247 2685 pectus
1263 2643 1480 2684 sequebatur.
1523 2644 1578 2675 Sic
1605 2641 1769 2686 Virgilius

1064 2695 1107 2725 de
1121 2693 1334 2734 serpentibus
1345 2693 1488 2734 geminis
1502 2705 1509 2726 :
1535 2695 1544 2711 ‘
1555 2695 1641 2727 Pars
1651 2699 1770 2728 cetera

1066 2749 1208 2786 pontum
1228 2743 1323 2775 Pone
1338 2743 1446 2785 legit?
