1852 3182
536 235 590 265 lN
625 235 921 268 EUTROPIUM
954 238 1051 269 LIB.
1083 238 1116 269 Ι.

96 327 144 359 lia
160 327 291 360 Roma!
320 328 437 360 Barth.

139 379 296 420 Luporum
323 377 485 418 Murmur]
518 377 631 418 Lupos
659 379 690 409 iu
716 380 800 411 urbe

95 428 184 459 visos
196 429 284 459 iuter
296 429 450 469 prodigia
462 427 633 460 habitum:
658 429 700 460 de
714 440 801 461 mor-

97 483 132 510 te
148 478 230 512 Julii
258 480 369 517 Maro,
394 480 523 518 Georg.
540 488 564 509 1.
581 479 668 510 tine:
703 481 712 496 ‘
731 480 800 512 Per

93 534 231 560 noctem
247 540 403 561 resonare
417 529 505 570 lupis
521 530 730 562 ululantibus
749 542 800 562 ur-

94 580 197 613 bem.'
229 582 332 613 Silius
350 583 393 613 de
411 582 581 613 Cannensi
606 583 714 622 clade,
738 584 798 615 lib.

92 640 174 663 un.
209 632 218 649 ‘
235 632 355 663 Castra
372 642 503 674 quoqne
520 637 556 663 ct
572 633 695 664 vallum
714 634 801 664 rabi·

91 681 145 713 dae
163 682 224 713 sub
241 688 342 713 nocte
366 683 480 714 silenti
509 683 800 724 11·rupere.ferae.’

88 731 215 763 Lucan.
233 732 275 763 de
299 733 449 766 civilium
478 734 643 764 bellorum
671 735 799 765 denun-

93 783 264 814 ciatione:
291 785 299 800 ‘
318 784 477 825 ,silvisque
493 784 582 816 feras
608 785 670 815 sub
696 790 796 817 nocte

88 833 218 864 relictis
234 833 394 865 Audaces
423 835 535 866 media
560 836 710 876 posuisse
740 846 796 867 cu-

90 882 172 914 bilia
189 884 320 914 Roma.'
345 885 487 926 1).mpst.

131 936 150 963 3
188 935 334 965 Attonito
358 938 489 975 pecudes
515 940 638 976 pastore
664 937 795 977 locutas]

87 983 202 1014 Multa
227 985 289 1015 lioc
315 995 420 1025 genus
437 992 555 1018 notata
575 987 669 1019 Julio
687 988 795 1019 Obse-

87 1036 219 1076 quenti,
237 1046 266 1067 c.
283 1039 334 1067 22.
358 1038 366 1054 ‘
384 1038 537 1069 Bubonis
560 1049 623 1069 vox
643 1039 675 1069 in
693 1039 795 1080 Capi-

86 1085 170 1115 tolio
187 1085 317 1118 audita.
364 1088 432 1117 Bos
451 1089 610 1120 locutus?
648 1089 745 1120 Idem
763 1100 794 1121 c.

85 1137 139 1165 24.
165 1135 174 1151 ‘
188 1136 256 1166 Bos
273 1137 406 1167 locutus
419 1143 454 1169 et
472 1140 621 1169 nutritus
638 1140 795 1179 pnblice.’

84 1185 292 1226 Expressani
323 1197 440 1217 vocem
470 1192 637 1219 memorat
665 1188 793 1228 Livius,

85 1235 202 1266 talium
216 1238 488 1276 superstitiosus,
505 1239 528 1269 l.
541 1247 654 1269 xxxv.
677 1239 793 1271 Barth.

125 1286 264 1317 Pecudes
289 1287 419 1327 locutas]
454 1287 621 1318 Armenta
641 1289 721 1319 olim
746 1291 793 1320 lo-

84 1340 165 1366 cuta
183 1336 297 1376 prodit
321 1339 366 1368 D.
384 1337 597 1378 Augustinus
616 1338 659 1369 de
687 1339 791 1371 Civit.

84 1386 152 1416 Dei
167 1386 228 1417 lib.
246 1395 300 1418 111.
325 1387 358 1417 id
377 1388 522 1428 primum
545 1387 673 1420 factum
692 1388 791 1419 Anno

82 1435 186 1466 Urbis
213 1439 287 1467 292.
313 1438 355 1468 P.
374 1438 568 1478 Volumnio,
594 1439 690 1469 Serv.
719 1439 791 1470 Sul-

82 1486 168 1527 pitio
199 1487 294 1518 Coss.
314 1488 388 1519 Liv.
408 1498 432 1520 1.
462 1490 552 1520 Dec.
576 1490 632 1520 lib.
659 1499 714 1521 111.
749 1490 791 1520 Id

82 1547 163 1569 vero
181 1538 304 1578 saepius
321 1540 503 1579 contigisse
518 1539 630 1571 disces
644 1550 686 1571 ex
700 1540 791 1571 Plin.

81 1597 162 1619 vnl.
189 1591 241 1620 45.
265 1589 324 1620 scd
348 1591 494 1621 maxime
524 1595 603 1621 ante
624 1591 715 1621 bella
745 1591 791 1622 ci-

80 1638 162 1669 vilia
200 1643 236 1670 et
274 1640 545 1680 conjurationem
583 1641 790 1672 Cassianam.

82 1688 212 1729 Georg.
229 1699 252 1720 1.
269 1689 349 1729 fine,
371 1691 380 1706 ‘
399 1691 620 1732 pecudesque
642 1691 791 1722 locntael

78 1738 202 1771 Tibull.
219 1739 277 1770 lib.
293 1749 332 1772 11.
350 1741 449 1780 Eleg.
465 1744 497 1771 6.
521 1741 610 1771 Vide
628 1746 791 1780 nostrum,

78 1788 136 1821 lib.
154 1798 196 1821 11.
213 1790 248 1820 in
262 1790 410 1830 Eutrop.
435 1790 542 1831 princ.
566 1795 601 1821 et
628 1790 671 1821 de
698 1790 790 1822 bello

80 1838 227 1872 Getico:
254 1841 263 1857 ‘
283 1841 423 1872 territat
450 1841 604 1872 assiduus
622 1842 727 1873 Lunae
744 1842 791 1872 la-

78 1888 163 1930 bor,'
180 1890 242 1921 &c.
268 1890 413 1930 Dempst.

121 1942 142 1970 4
167 1940 322 1980 Lepidum
338 1940 447 1980 durus]
472 1941 605 1972 Pluisse
622 1941 790 1982 lapidibus

81 1989 208 2029 sa’pius
244 1994 453 2020 memoratur
491 1991 586 2021 Livio
616 1996 652 2022 et
684 1992 793 2023 Obse-

80 2039 210 2080 quenti.
235 2039 426 2079 Juvenafis,
441 2040 512 2071 Sat.
525 2049 606 2072 xnx.
631 2044 639 2058 ‘
653 2041 791 2073 bimem-

79 2089 133 2121 bri
145 2090 222 2121 Hoc
235 2095 422 2121 monstrum
436 2101 555 2131 puero,
565 2093 617 2122 vel
631 2093 792 2124 mirandis

79 2139 141 2171 sub
156 2145 271 2171 aratro
285 2140 443 2171 Piscibus
457 2141 618 2182 inventis,
630 2148 687 2174 aut
699 2142 790 2175 foetae

80 2201 242 2231 comparo
269 2192 385 2229 mul-21²,
414 2192 600 2233 Sollicitus,
618 2198 790 2235 tamquam

78 2241 216 2282 lapides
241 2239 403 2272 effuderit
419 2241 550 2276 imber!
588 2244 715 2285 Livius,
732 2244 791 2277 lib.

78 2300 145 2324 vn.
173 2292 294 2324 Barth.

119 2342 278 2384 Lapidum
305 2343 392 2375 diras
416 2343 553 2385 hyemes]
577 2345 654 2376 Nec
681 2345 790 2378 minus

74 2393 111 2426 in
127 2394 310 2435 portentis,
326 2394 494 2435 lapidibus
516 2405 534 2426 e
547 2397 633 2427 caelo
647 2397 789 2437 pluisse,

75 2449 115 2477 ut
130 2446 308 2477 annotavit
333 2446 404 2478 Jul.
421 2445 637 2487 Obsequens,
664 2457 740 2487 cap.
759 2451 789 2479 3.

76 2498 129 2527 30.
146 2498 201 2527 32.
217 2496 308 2537 quod
326 2496 514 2537 contigisse
539 2497 707 2528 historica
721 2497 789 2529 fide

75 2547 221 2578 relatum
252 2551 303 2578 cst
330 2557 350 2579 a
376 2548 468 2578 Plin.
498 2557 539 2579 11.
568 2551 621 2580 56.
647 2549 703 2579 ubi
721 2559 789 2580 non

76 2602 211 2628 tantum
227 2598 235 2613 ‘
254 2597 451 2638 lapidibus‚’
467 2599 526 2629 sed
544 2602 580 2630 et
598 2600 606 2616 ‘
623 2599 787 2631 lateribus

75 2647 183 2678 coctis
201 2647 350 2687 pluisse!
373 2648 506 2680 Tibull.
521 2654 601 2680 ante
619 2660 692 2681 eum
710 2651 732 2682 l.
746 2660 788 2682 11.

77 2697 174 2737 Eleg.
201 2705 251 2728 vi.
282 2697 442 2728 ‘Multus
470 2703 508 2730 ut
533 2700 567 2730 in
594 2704 704 2731 terras
734 2701 789 2731 dc-

75 2747 270 2789 plueritque
298 2748 382 2788 lapis
395 2748 414 2778 :'
437 2750 526 2790 quod
542 2751 676 2791 quoties
699 2751 788 2783 acci-

74 2799 194 2838 debat,
210 2799 366 2841 pontifex
391 2800 444 2830 vel
472 2806 600 2841 praetor
617 2802 788 2842 Urbanus,

74 2850 279 2883 novendiale
305 2861 440 2883 sacrum
465 2850 642 2893 offerebat,
658 2853 785 2885 indice-

423 2900 439 2917 Q

1442 233 1557 276 1445

852 331 979 374 batque
1010 332 1155 373 prodigii
1182 334 1342 374 expiandi
1371 340 1405 367 et
1437 347 1558 377 procu-

852 383 948 413 randi
965 383 1085 423 gratia.
1109 383 1278 416 Alexand.
1311 385 1558 426 Neapolitanus

852 435 939 465 Gen.
957 435 1042 466 dier.
1057 435 1079 466 1.
1096 444 1127 466 v.
1143 445 1173 466 c.
1188 437 1241 467 27.
1272 435 1457 477 Tiraqnell.
1474 437 1558 470 ibid.

851 483 993 525 Dempst.

893 539 911 564 5
937 536 1112 575 Sanguinem)
1126 535 1281 576 rubuisse]
1300 536 1472 577 Sanguine
1487 537 1560 578 plu-

851 583 916 614 isse
931 590 1095 616 autumat.
1120 586 1304 617 Petronius
1316 586 1478 627 prodigiis
1491 586 1561 618 bel-

850 634 873 663 li
888 633 995 664 civilis
1012 635 1234 674 Pompeiani:
1269 637 1277 652 ⁶
1295 636 1558 678 Sauguineoque

849 694 966 715 recens
983 685 1164 716 descendit
1178 686 1317 725 Jupiter
1338 687 1469 719 imbre.'

891 736 1015 776 Jovem]
1040 734 1178 774 Aerem,
1193 736 1368 766 aetherem.

892 785 1065 825 Puceosque
1077 795 1185 817 cruore
1196 786 1345 826 mutatos]
1359 785 1558 827 Prodigium

847 835 910 866 hoc
928 836 1018 866 inter
1034 835 1153 867 decem
1171 836 1335 867 miracula
1359 837 1428 868 Dei
1443 846 1559 869 recen-

848 890 899 916 set
917 886 1070 926 Moyses,
1088 895 1128 917 11.
1145 889 1176 917 7.
1202 887 1318 917 Barth.

890 938 910 965 6
938 935 1028 966 Visus
1053 945 1232 966 concurrere
1259 935 1380 975 Lunas]
1414 936 1557 977 Ignibus

847 985 1044 1015 coelcstibus
1071 986 1148 1016 hinc
1172 985 1250 1016 inde
1275 985 1557 1017 discurrentibus.

847 1037 952 1077 Cujus
976 1037 1111 1077 generis
1138 1042 1217 1068 sunt
1240 1037 1330 1077 apud
1357 1037 1560 1079 Obsequen-

847 1092 917 1118 tem
935 1093 970 1118 et
989 1089 1120 1118 Livium
1138 1089 1255 1119 multa.
1280 1089 1380 1118 Idem.

891 1140 1080 1169 Concurrere
1093 1139 1213 1177 Lurius]
1248 1139 1371 1169 Plures
1389 1139 1500 1170 Lunas
1514 1139 1558 1170 si-

846 1188 916 1219 mul
942 1189 1040 1228 visas,
1074 1189 1137 1220 Cn.
1162 1188 1329 1226 Domitio,
1368 1188 1407 1220 C.
1429 1189 1557 1220 Fannio

846 1238 940 1268 Coss.
956 1238 1059 1268 babes
1077 1247 1119 1269 ex
1142 1238 1234 1268 Plin.
1252 1247 1294 1269 11.
1312 1241 1364 1269 32.
1412 1239 1506 1271 Plut.
1522 1240 1556 1270 in

847 1287 1012 1318 Marcello
1037 1288 1070 1318 in
1095 1288 1239 1328 princip.
1263 1293 1300 1318 ut
1317 1292 1353 1318 et
1370 1289 1484 1328 plures
1498 1289 1560 1321 So-

845 1338 907 1377 les,
934 1347 964 1368 c.
983 1340 1036 1369 31.
1062 1348 1104 1368 ne
1134 1338 1271 1378 poetica
1301 1338 1451 1369 vanitate
1480 1339 1556 1370 haec

845 1388 940 1419 dicta
965 1388 1225 1426 existimentur;
1263 1398 1339 1429 quae
1363 1387 1475 1420 omnia
1498 1398 1558 1424 ex-

844 1438 931 1478 piari
949 1438 1194 1478 credebantur,
1219 1438 1401 1480 cladesque
1430 1439 1557 1471 denun-

845 1488 936 1519 ciata
953 1489 1188 1529 averti,Sacro
1201 1494 1369 1530 concepto
1385 1490 1464 1522 Jovi
1480 1500 1556 1532 pro-

845 1539 974 1579 digiali,
997 1540 1060 1571 hoc
1088 1546 1155 1579 est,
1177 1540 1409 1580 prodigiorum
1435 1540 1556 1581 depul-

844 1591 924 1621 sori.
970 1590 1087 1622 Plaut.
1118 1590 1293 1631 Amphitr.
1333 1591 1342 1608 ‘
1366 1591 1556 1631 Prodigiali

842 1640 921 1672 Jovi
940 1640 1012 1672 Aut
1029 1641 1117 1672 mola
1136 1641 1223 1672 salsa
1246 1641 1349 1672 hodie
1373 1646 1432 1673 aut
1457 1642 1556 1673 thure

844 1695 1101 1730 comprecatum
1129 1690 1321 1730 oportuit?
1353 1691 1436 1722 licet
1464 1701 1556 1723 scru-

844 1741 961 1781 pulum
992 1740 1126 1780 injiciat
1154 1741 1277 1772 Tibull.
1295 1740 1354 1772 lib.
1373 1749 1417 1772 11.
1446 1741 1499 1772 El.
1526 1743 1560 1774 6.

843 1791 894 1821 his
910 1790 1042 1822 verbis:
1068 1791 1077 1808 ‘
1095 1791 1163 1822 Sed
1181 1791 1301 1831 tujam
1316 1790 1408 1821 mitis
1425 1790 1552 1831 Apollo
1595 1788 1598 1792 ’

844 1842 1009 1882 Prodigia
1026 1841 1201 1872 indomitis
1224 1850 1342 1881 merge
1358 1840 1423 1872 sub
1441 1851 1554 1882 aequo·

843 1891 959 1923 ribus.¹
983 1891 1163 1931 Dempster.
1213 1891 1218 1894 ”

885 1945 904 1972 7
931 1941 1082 1972 Geminos
1103 1940 1203 1980 Soles]
1237 1940 1439 1983 Obsequens
1461 1941 1557 1983 capi·

843 1993 945 2032 tibus,
959 1995 1013 2023 29.
1029 1994 1083 2024 41.
1097 1994 1150 2022 66.
1167 1994 1222 2023 68.
1245 1991 1362 2022 Livius
1380 2001 1483 2032 saepe,
1495 1993 1554 2035 qui

844 2051 879 2078 et
902 2051 971 2078 tres
993 2046 1090 2077 Soles
1107 2049 1265 2076 recenset
1281 2045 1382 2084 visos,
1402 2044 1464 2076 lib.
1481 2053 1557 2076 xm.

844 2097 1004 2128 Caussam
1023 2096 1120 2136 hujus
1137 2099 1343 2136 conspectus
1359 2095 1552 2128 naturalem

842 2147 997 2178 indicant
1013 2146 1165 2185 Physici.

889 2197 1000 2237 Orbis]
1060 2196 1172 2228 Omne
1212 2205 1318 2237 genus
1356 2194 1552 2227 humanum.

840 2247 958 2278 Barth.

884 2301 905 2329 9
929 2296 1003 2329 Heu
1029 2300 1124 2328 terrae
1148 2296 1274 2338 coelique
1298 2295 1417 2337 pudor]
1450 2295 1554 2327 Exse-

842 2348 963 2380 oratio.

885 2400 990 2430 Terroe
1006 2397 1150 2439 coelique]
1187 2396 1373 2429 Hominum
1399 2399 1435 2427 et
1460 2396 1552 2427 Deo-

840 2459 926 2482 rum.

887 2499 1059 2540 Trabeam]
1087 2497 1340 2530 Consularibus
1367 2494 1553 2537 insignibus

840 2556 973 2584 ornata.
1019 2552 1109 2583 Nam
1127 2549 1312 2582 Consulum
1340 2547 1469 2587 effigies
1496 2555 1550 2576 ur-

840 2603 940 2635 bibus
956 2602 1185 2640 circumlatas,
1208 2604 1242 2631 et
1268 2597 1458 2636 dedicatas,
1476 2595 1550 2636 plu-

840 2654 932 2685 rimis
950 2653 1035 2684 locis
1050 2656 1194 2684 constat.

887 2704 1040 2736 Trabeam
1055 2700 1145 2740 anus]
1181 2695 1453 2739 Elegantissime.
1495 2692 1547 2725 Si-

838 2756 908 2787 mul
925 2755 1015 2786 enim
1041 2756 1076 2783 et
1102 2749 1360 2787 emasculatum,
1387 2749 1423 2777 et
1447 2743 1551 2776 inuti-

837 2806 918 2842 lem,
946 2809 981 2834 et
1005 2800 1205 2839 deformem,
1233 2802 1269 2829 et
1284 2797 1483 2836 ominosum,
1509 2797 1547 2826 et

838 2856 965 2887 honore
997 2851 1088 2884 omni
1118 2849 1295 2891 indignum
1328 2857 1420 2880 aniam
1448 2855 1549 2879 voca-
