1851 3213
1836 127 1851 222 l

309 215 423 257 1376
1849 228 1851 278 Ι

576 221 717 254 NOTAE
752 215 1015 250 VARIORUM
1049 214 1100 245 IN
1134 212 1209 243 ct..
1240 210 1424 242 CLAUD.
1457 208 1508 240 X.

312 325 420 353 nerat.
454 320 547 359 Lege
574 318 678 360 igitur
688 316 827 355 fulmina
843 323 918 345 cnm
936 312 1016 342 Sca·

312 374 419 413 ligero
436 376 470 402 et
488 370 616 401 duobus
634 368 779 408 scriptis,
811 367 855 396 D.
873 364 985 395 Heius.

1071 307 1253 348 Carpathiis
1277 304 1477 345 legebatur:
1502 310 1563 332 nos
1588 309 1649 331 sex
1669 298 1774 340 scrip-

1069 363 1121 390 tos
1136 357 1387 397 secutfisumus.
1414 362 1477 394 pro
1493 350 1630 392 sequenti
1647 348 1777 380 frustra

359 426 419 454 127
443 421 559 453 Part-is
573 421 637 451 hoec
651 418 745 456 salar
761 413 907 453 alumnis]
923 412 1018 443 Vati·
1066 409 1186 449 petenti
1203 406 1350 439 Claverii
1366 403 1475 435 codex
1491 406 1528 433 et
1543 410 1627 432 unus
1643 399 1776 431 Medic.

315 483 437 504 canum
458 472 623 511 optimum
651 466 762 498 secuti
788 474 915 496 sumus.
948 472 1019 503 par-

314 534 366 555 vos
377 523 496 564 affatur
506 522 644 551 alumnos
656 516 794 557 vulgati.
829 514 1021 545 Oiselianus

312 575 421 615 parvis
446 572 566 613 affatur
590 571 738 601 alumnos.
787 566 926 598 Deinde
957 573 1021 604 pro

319 625 407 655 Heus
421 624 500 664 qais,
515 622 643 662 Ecquis,
661 629 737 651 cum
751 617 888 658 scriptis
904 614 1022 645 melio-

319 675 424 713 ribus,
439 677 533 704 recte
551 669 815 711 Raphelengius.
855 667 952 698 Idem.

363 727 426 756 129
450 723 609 763 Rapidum
637 718 782 758 Tritona]
826 716 876 748 Ut
905 714 1024 755 rapido

320 785 422 806 cursu
440 774 542 812 adsit,
564 771 721 813 quoniam
744 772 852 799 tantae
870 765 920 796 rei
943 773 1025 804 pon-

321 827 381 857 dus
398 830 432 857 et
449 822 625 863 expeditio
649 829 779 851 moram
802 818 929 848 nullam
945 814 1026 845 fert.

322 875 481 914 Rapitur,
495 872 552 912 qui
569 870 677 901 currit
694 876 822 899 summo
837 866 980 905 impetu.

368 922 513 961 Tritona]
535 921 693 951 Tritones
710 917 915 959 peculiares,
927 913 1028 953 etju-

322 975 389 1006 rati
417 974 524 1012 velut,
545 975 702 1002 vectores
726 966 883 1005 Veneris,
906 963 1029 1005 quibus

323 1025 456 1057 scilicet
479 1024 570 1054 bona
586 1021 644 1052 illa
670 1029 729 1050 sua
753 1016 895 1049 credere
913 1013 1032 1055 possit,

324 1086 389 1107 nec
412 1078 567 1106 metuere
589 1082 632 1102 ne
668 1070 710 1101 ob
732 1076 880 1100 amorem
904 1073 1033 1102 eorum,

325 1125 506 1156 oriundum
533 1123 576 1153 de
610 1121 726 1152 formae
753 1120 947 1155 venustate,
974 1114 1033 1144 ali-

327 1175 409 1216 quid
442 1175 518 1215 ipsa
546 1172 612 1204 illis
645 1169 758 1202 damni
789 1166 1032 1200 conscisceret.

327 1225 446 1256 Barth.

372 1278 432 1306 131
469 1274 571 1312 Sacri,
599 1281 671 1312 quos
704 1269 852 1310 petimus,
888 1262 1035 1302 thalami]

330 1326 451 1364 Magno
473 1323 551 1354 mihi
580 1321 700 1352 venerit
729 1328 784 1349 usn
816 1315 934 1352 Sacris,
965 1322 1038 1353 quos

326 1376 473 1417 petimus,
496 1371 655 1411 thalamis,
672 1369 833 1408 Scaliger.
858 1364 948 1407 quod
964 1363 1037 1394 Me-

330 1426 448 1457 diceus
479 1433 563 1455 unus
599 1421 800 1453 confirmare
830 1417 977 1453 videtur,
1004 1414 1038 1444 in

332 1485 399 1517 quo
427 1484 532 1506 sacros
561 1473 732 1504 thalamos:
767 1468 867 1500 sacris
894 1464 1039 1497 thalamis

332 1525 487 1557 disertim
507 1523 713 1556 oiselianus.
752 1521 800 1551 D.
817 1518 930 1549 Heius.

378 1579 439 1608 132
480 1573 622 1613 Concha]
657 1570 812 1602 But-,cina
842 1565 1040 1600 Tritonibus

333 1628 531 1660 domestica.
557 1625 674 1656 Barth.

390 1678 605 1708 Cz'rcumtonat
647 1671 765 1713 cequor]

335 1728 456 1768 scripti
478 1725 627 1767 quidam,
651 1723 741 1764 quod
762 1720 886 1752 nollem
909 1717 1043 1757 Raphe-

335 1777 468 1817 lengius
496 1773 709 1814 arripuisset.
737 1771 794 1802 lib.
818 1779 841 1800 1.
869 1769 902 1799 in
931 1766 1042 1797 Rufin.

335 1829 345 1846 ‘
362 1829 505 1867 spumat
522 1829 559 1855 et
581 1823 662 1854 elisa
685 1827 835 1852 montem
862 1819 1044 1850 circumto-

338 1882 397 1908 nat
414 1873 526 1906 unda.'
553 1871 710 1910 Ovidius,
731 1871 753 1900 l.
771 1879 794 1901 1.
816 1866 1045 1906 Metamorph.

338 1937 381 1959 ex
399 1923 625 1956 membranis:
650 1922 658 1937 ⁴
678 1922 779 1952 Nunc
799 1919 893 1957 mihi,
911 1927 978 1958 qua
997 1922 1045 1947 to-

340 1983 412 2009 tum
430 1975 564 2007 Nereus
578 1973 808 2004 circumtonat
823 1967 1047 2007 orbem‚Per-

339 2027 490 2059 dendum
531 2024 675 2056 mortale
715 2020 843 2063 genus!
901 2018 1044 2056 Statim,

339 2077 447 2109 Theb.
472 2085 537 2107 vu.
567 2076 576 2091 ⁴
594 2083 704 2105 raucae
735 2072 965 2104 circumtonat
997 2067 1048 2097 ira

341 2127 492 2160 Maleaess
516 2127 648 2158 Seneca
664 2123 804 2161 Medea,
816 2132 866 2153 vs.
883 2123 957 2152 766.
973 2120 982 2136 ⁴
999 2123 1048 2150 to-

343 2180 418 2210 nuit
441 2179 595 2209 insanum
623 2175 738 2207 mare!
773 2178 808 2205 et
833 2171 975 2213 Hippol.
1002 2179 1048 2200 vs.

344 2232 439 2262 1008.
456 2229 464 2245 ‘
479 2229 591 2260 tonuit
608 2238 650 2258 ex
668 2227 736 2257 alto
752 2222 876 2255 mare:'
896 2223 943 2253 sic
961 2225 1051 2251 utro-

344 2288 411 2320 que
441 2279 515 2310 loco
546 2278 689 2318 scripti:
722 2285 802 2315 nou,
831 2273 956 2305 tumuit.
1006 2271 1049 2302 D.

346 2328 468 2360 Heius.

390 2380 450 2409 133
475 2379 604 2417 AEgoeas
630 2387 683 2408 seu
701 2376 831 2414 frangit
845 2374 952 2415 aquas]
975 2373 1051 2403 Pri-

346 2438 403 2460 ma
419 2427 524 2458 editio
541 2432 577 2457 et
593 2427 712 2466 scripti
726 2425 876 2456 nonnulli
898 2423 1052 2463 Ogygias.

346 2478 488 2511 Barthio
503 2477 711 2507 damnatum.
727 2485 805 2505 mox
822 2474 943 2505 diversa
961 2475 1053 2512 parte

348 2538 411 2570 pro
436 2528 522 2568 plebe
562 2527 773 2567 Rapheleng.
807 2530 843 2555 et
880 2524 977 2554 multi
1009 2532 1052 2553 ex

347 2578 484 2611 uostris.
514 2577 614 2617 prim.
644 2575 842 2612 Vaticanus,
871 2583 978 2613 sparsa
1006 2572 1053 2602 di-

347 2630 429 2661 versi
453 2628 539 2669 plebe
562 2627 722 2666 seruntur.
754 2626 872 2665 probe.
900 2623 1053 2655 nonnulli

348 2679 448 2721 sparsi
463 2679 584 2709 diversa
594 2678 691 2717 plebe,
708 2676 775 2713 vel,
789 2678 890 2715 parte.
929 2674 1038 2704 Idem.

397 2732 459 2761 136
484 2730 706 2768 Exploratores
725 2724 848 2766 pelagi]
879 2724 992 2764 Vulgo
1018 2727 1055 2753 et

353 2779 653 2821 distinguebantur
693 2778 766 2809 haec
803 2784 984 2817 perperam
1021 2778 1057 2806 et

828 1670 1042 1700 Circamsonat

1070 470 1147 491 cum
1162 458 1284 499 petebat
1297 458 1368 497 jam
1386 452 1616 495 praecesserit.
1645 451 1744 481 Idem.

1114 512 1176 540 137
1211 505 1407 548 Carpathiis]
1443 503 1623 535 Lutatius:
1657 500 1778 531 ‘Mare

1073 559 1293 600 Carpathium
1330 561 1381 587 est
1421 554 1644 594 AEgyptium3
1688 551 1779 583 Nam

1073 610 1267 650 Carpathus
1286 608 1395 638 insula
1421 610 1474 636 est
1489 605 1579 635 iuter
1594 601 1780 642 AEgyptum

1075 666 1110 692 et
1128 658 1308 691 Rhodum!

1122 707 1356 747 obluctantem]
1378 707 1646 737 Detrectantem
1661 709 1782 733 concu-

1077 761 1199 792 bitum.
1235 759 1352 789 Barth.

1122 814 1183 841 138
1211 808 1341 847 Ferum]
1364 807 1559 837 Tritonem.
1598 804 1697 835 Idem.

1122 863 1185 891 140
1214 860 1285 890 Non
1299 861 1403 889 vestra
1426 856 1481 887 sub
1502 853 1590 893 imis]
1619 855 1702 885 Num
1717 852 1784 883 Lu-

1080 920 1170 942 cens.
1195 919 1271 940 cum
1288 908 1396 949 primo
1412 906 1572 938 Vatican.
1591 905 1638 934 nil
1656 909 1786 935 temere

1081 965 1187 991 muto.
1227 959 1274 989 D.
1294 957 1409 989 Heins.

1126 1013 1186 1042 141
1217 1009 1330 1049 Furta]
1353 1005 1564 1039 Clandestini
1579 1005 1734 1037 Amores.

1131 1059 1242 1099 Vadis]
1266 1059 1398 1089 Vadam
1421 1057 1540 1089 Poetis
1564 1056 1674 1097 quivis
1694 1055 1789 1086 locus

1085 1111 1231 1152 aequoris
1247 1114 1306 1140 aut
1321 1108 1478 1140 fluminis.
1501 1106 1617 1138 Barth.

1119 1162 1180 1191 144
1200 1159 1381 1199 Prorumpit
1388 1157 1518 1196 gurgite
1531 1154 1651 1194 torvus]
1674 1154 1791 1184 Proru-
1840 1150 1841 1177 ἶ

1084 1211 1133 1251 pit
1166 1210 1310 1240 Lucens.
1345 1212 1380 1238 et
1405 1207 1558 1238 Florent.
1599 1205 1635 1235 S.
1665 1202 1790 1234 Marci.

1088 1270 1165 1292 cum
1188 1260 1297 1300 primo
1319 1258 1485 1288 Vaticano
1514 1254 1672 1295 sequenti
1688 1261 1791 1283 versu

1088 1321 1150 1352 pro
1174 1310 1316 1340 velabant
1345 1309 1487 1338 Lucens.
1505 1314 1642 1346 quoque
1662 1309 1698 1334 et
1721 1302 1793 1343 Gy·
1840 1300 1851 1330 ΙΙ

1090 1361 1172 1392 rald.
1189 1365 1225 1390 et
1236 1359 1335 1400 prim.
1352 1358 1513 1388 Vatican.
1533 1354 1709 1386 verrebant.
1725 1353 1793 1384 ele-

1091 1410 1350 1453 gauter.utl.11.
1363 1409 1398 1439 in
1408 1407 1540 1438 Stilich.
1549 1404 1712 1445 ‘vestigia
1723 1413 1796 1435 ver-

1090 1463 1136 1493 rit
1153 1461 1308 1493 Caerulus
1324 1458 1523 1498 Oceanique
1539 1460 1659 1487 aestum
1674 1454 1795 1485 menti-

1090 1516 1145 1543 tur
1156 1509 1326 1543 amictus!
1340 1511 1349 1526 ‘
1362 1508 1518 1539 Incultos
1532 1505 1598 1536 aris
1611 1505 1796 1536 advertere

1091 1562 1214 1595 crines'
1231 1560 1322 1601 apud
1348 1558 1508 1597 Statium,
1529 1556 1639 1587 Theb.
1657 1564 1703 1587 1v.
1720 1564 1797 1585 nos-

1091 1620 1144 1646 ter
1158 1624 1198 1645 11.
1214 1614 1247 1644 in
1276 1614 1420 1652 Eutrop.
1443 1611 1452 1627 ‘
1468 1610 1596 1640 Verrat
1613 1608 1687 1649 quis
1711 1615 1798 1637 mar-

1092 1674 1188 1696 mora
1204 1663 1295 1694 crine
1312 1662 1434 1701 supino
1458 1657 1621 1691 Rectius!
1645 1657 1702 1688 ubi
1722 1656 1798 1687 Ver·
1840 1661 1841 1664 ’

1093 1719 1141 1747 tat
1157 1723 1336 1756 perperam
1350 1711 1541 1751 legebatur.
1563 1711 1609 1740 D.
1625 1708 1734 1739 Heius.

1138 1767 1200 1795 146
1223 1763 1360 1803 Hispida
1370 1759 1529 1802 tendebat]
1552 1757 1728 1791 Quomodo
1745 1766 1801 1788 au-

1095 1822 1164 1848 tem
1195 1814 1300 1855 pedes
1330 1812 1477 1844 bisulcos
1503 1809 1669 1841 adscribit
1690 1808 1801 1839 Trito-
1840 1813 1841 1820 ¹

1096 1868 1141 1905 ni,
1170 1865 1228 1907 qui
1253 1864 1355 1905 piscis
1383 1868 1436 1894 est
1461 1861 1623 1893 inferiore
1647 1861 1801 1900 corporis
1839 1869 1842 1899 Ι

1096 1922 1196 1958 parte
1212 1917 1222 1946 ?
1248 1925 1288 1946 an
1305 1915 1368 1945 hoc
1385 1915 1426 1944 de
1444 1913 1553 1944 veteri
1573 1913 1726 1943 mostello
1742 1922 1801 1942 no-
1840 1909 1841 1915 ’

1097 1979 1176 1999 vum
1215 1972 1270 1998 est
1300 1969 1496 2007 portentum
1511 1965 1521 1994 ?
1561 1963 1659 1994 addit
1688 1963 1802 1994 Poeta

1096 2020 1268 2050 Tritonem
1287 2017 1415 2057 priores
1432 2014 1539 2056 pedes
1557 2014 1617 2045 sub
1634 2013 1708 2054 ipso
1723 2022 1803 2044 ven-

1098 2076 1151 2102 tre
1169 2070 1308 2110 equinos
1322 2067 1460 2107 habere,
1473 2065 1627 2096 desinere
1642 2064 1686 2094 de
1701 2068 1803 2094 caete-

1099 2130 1136 2151 ro
1163 2120 1196 2150 iu
1224 2118 1356 2159 pristin.
1396 2117 1516 2147 Icones
1540 2120 1650 2146 tamen
1666 2117 1802 2144 veteres
1839 2115 1845 2166 Ι

1844 1961 1851 2148 Ι

1838 353 1851 390 gi

1846 386 1851 552 l

1848 572 1851 625 l

1099 2181 1167 2202 non
1185 2170 1270 2201 tales
1289 2167 1394 2210 pedes
1415 2167 1467 2198 his
1492 2165 1656 2206 prodigiis
1673 2162 1803 2195 adscri—
1839 2194 1841 2201 Ι

1100 2222 1198 2259 bunt,
1211 2220 1271 2250 sed
1285 2218 1461 2250 branchias
1477 2216 1651 2257 quasdam,
1666 2223 1803 2245 crurum
1838 2216 1840 2242 ¹,

1100 2270 1355 2304 similitudinem
1373 2269 1546 2299 habentes.
1579 2265 1694 2297 Barth.

1145 2324 1207 2352 149
1231 2320 1329 2350 Retro
1344 2318 1488 2348 sinuatur
1503 2316 1537 2346 in
1556 2325 1661 2346 arcum
1677 2313 1805 2354 Bellua]

1101 2370 1281 2403 Sententia
1311 2372 1387 2399 est:
1433 2365 1550 2397 Triton
1580 2365 1806 2405 posteriorem
1838 2374 1840 2395 ε

1102 2420 1256 2461 corporis
1287 2419 1339 2449 sui
1379 2421 1524 2458 partem,
1554 2425 1630 2456 quae
1668 2424 1805 2454 prorsus
1838 2425 1840 2454 Ι

1102 2472 1264 2509 belluina,
1292 2473 1327 2500 et
1358 2468 1488 2509 piscina
1525 2471 1588 2504 est,
1617 2469 1740 2496 curvat
1770 2465 1805 2495 iu
1838 2465 1840 2499 Ι

1104 2531 1230 2556 arcum,
1255 2524 1293 2550 ut
1321 2517 1416 2559 quasi
1442 2516 1502 2547 sub
1528 2524 1662 2546 camera
1688 2524 1805 2545 arcua-

1104 2577 1182 2603 tave
1196 2571 1308 2610 aliqua
1326 2568 1458 2608 porticu
1476 2567 1593 2596 Venus
1615 2565 1807 2603 invehatur,
1838 2565 1839 2582 Ι

1103 2632 1146 2653 ne
1173 2621 1284 2652 Solem
1313 2618 1468 2658 rapidum
1498 2617 1631 2647 scilicet
1658 2615 1694 2645 iu
1716 2619 1806 2645 tran·
1837 2618 1851 2667 Ι

1104 2671 1209 2713 quillo
1225 2669 1415 2710 praesertim
1432 2668 1517 2698 mari
1534 2665 1671 2696 sentiat.
1705 2664 1806 2695 Idem.
1837 2661 1851 2704 ji

1149 2723 1209 2751 151
1247 2717 1420 2759 Purpureis
1447 2716 1566 2747 mollita
1598 2713 1691 2754 toris]
1732 2713 1810 2744 Ma·
1836 2715 1851 2755 {i

1107 2772 1275 2813 riangelus
1291 2768 1478 2802 Accursius
1502 2766 1661 2799 Diatriba
1675 2765 1710 2797 in
1725 2763 1809 2796 Ovi·
1836 2773 1851 2805 Ι4η

1847 1853 1851 1943 Ι

1847 2150 1851 2237 ἒ
