<?xml version="1.0" encoding="UTF-8"?>
<!DOCTYPE html PUBLIC "-//W3C//DTD XHTML 1.0 Transitional//EN"
    "http://www.w3.org/TR/xhtml1/DTD/xhtml1-transitional.dtd">
<html xmlns="http://www.w3.org/1999/xhtml" xml:lang="en" lang="en">
 <head>
  <title>
</title>
<meta http-equiv="Content-Type" content="text/html;charset=utf-8" />
  <meta name='ocr-system' content='tesseract 3.04.00' />
  <meta name='ocr-capabilities' content='ocr_page ocr_carea ocr_par ocr_line ocrx_word'/>
</head>
<body>
  <div class='ocr_page' id='page_1' title='image "./operaomniaexedit03clauuoft_0199.png"; bbox 0 0 1852 3182; ppageno 0'>
   <div class='ocr_carea' id='block_1_1' title="bbox 587 237 967 268">
    <p class='ocr_par' dir='ltr' id='par_1_1' title="bbox 587 237 967 268">
     <span class='ocr_line' id='line_1_1' title="bbox 587 237 967 268; baseline 0.005 -3"><span class='ocrx_word' id='word_1_1' title='bbox 587 237 967 268; x_wconf 75' lang='lat' dir='ltr'><strong>EPIGRAMMATA.</strong></span> 
     </span>
    </p>
   </div>
   <div class='ocr_carea' id='block_1_2' title="bbox 1400 230 1511 273">
    <p class='ocr_par' dir='ltr' id='par_1_2' title="bbox 1400 230 1511 273">
     <span class='ocr_line' id='line_1_2' title="bbox 1400 230 1511 273; baseline 0.009 -3"><span class='ocrx_word' id='word_1_2' title='bbox 1400 231 1422 270; x_wconf 93' lang='lat'>1</span> <span class='ocrx_word' id='word_1_3' title='bbox 1431 230 1511 273; x_wconf 83' lang='lat'>171</span> 
     </span>
    </p>
   </div>
   <div class='ocr_carea' id='block_1_3' title="bbox 710 405 854 438">
    <p class='ocr_par' dir='ltr' id='par_1_3' title="bbox 710 405 854 438">
     <span class='ocr_line' id='line_1_3' title="bbox 710 405 854 438; baseline 0 -1"><span class='ocrx_word' id='word_1_4' title='bbox 710 405 854 438; x_wconf 84' lang='lat' dir='ltr'>NOTAE</span> 
     </span>
    </p>
   </div>
   <div class='ocr_carea' id='block_1_4' title="bbox 50 498 758 993">
    <p class='ocr_par' dir='ltr' id='par_1_4' title="bbox 54 498 752 584">
     <span class='ocr_line' id='line_1_4' title="bbox 54 498 752 542; baseline -0.009 -7"><span class='ocrx_word' id='word_1_5' title='bbox 54 503 127 542; x_wconf 82' lang='lat' dir='ltr'>mis,</span> <span class='ocrx_word' id='word_1_6' title='bbox 143 501 199 542; x_wconf 81' lang='lat' dir='ltr'>qui</span> <span class='ocrx_word' id='word_1_7' title='bbox 217 502 400 540; x_wconf 80' lang='lat' dir='ltr'>pascuntur</span> <span class='ocrx_word' id='word_1_8' title='bbox 424 498 455 528; x_wconf 90' lang='lat' dir='ltr'>in</span> <span class='ocrx_word' id='word_1_9' title='bbox 479 498 601 538; x_wconf 83' lang='lat' dir='ltr'>pratis:</span> <span class='ocrx_word' id='word_1_10' title='bbox 628 499 752 529; x_wconf 80' lang='lat' dir='ltr'>accolae</span> 
     </span>
     <span class='ocr_line' id='line_1_5' title="bbox 55 549 711 584; baseline -0.009 0"><span class='ocrx_word' id='word_1_11' title='bbox 55 553 148 584; x_wconf 91' lang='lat' dir='ltr'>lacus</span> <span class='ocrx_word' id='word_1_12' title='bbox 163 549 328 582; x_wconf 82' lang='lat' dir='ltr'>Dambeae</span> <span class='ocrx_word' id='word_1_13' title='bbox 345 549 408 579; x_wconf 85' lang='lat' dir='ltr'>hoc</span> <span class='ocrx_word' id='word_1_14' title='bbox 423 553 547 578; x_wconf 83' lang='lat' dir='ltr'>venatu</span> <span class='ocrx_word' id='word_1_15' title='bbox 565 549 711 579; x_wconf 84' lang='lat' dir='ltr'>aluntur.</span> 
     </span>
    </p>

    <p class='ocr_par' dir='ltr' id='par_1_5' title="bbox 50 598 758 993">
     <span class='ocr_line' id='line_1_6' title="bbox 96 598 755 639; baseline -0.003 -7"><span class='ocrx_word' id='word_1_16' title='bbox 96 604 115 632; x_wconf 86' lang='lat'><strong>2</strong></span> <span class='ocrx_word' id='word_1_17' title='bbox 145 598 255 638; x_wconf 60' lang='grc' dir='ltr'>γοναί]</span> <span class='ocrx_word' id='word_1_18' title='bbox 280 598 558 639; x_wconf 84' lang='lat' dir='ltr'>Hippopotamus</span> <span class='ocrx_word' id='word_1_19' title='bbox 571 602 623 629; x_wconf 85' lang='lat' dir='ltr'>est</span> <span class='ocrx_word' id='word_1_20' title='bbox 640 608 682 629; x_wconf 78' lang='lat' dir='ltr'>cx</span> <span class='ocrx_word' id='word_1_21' title='bbox 700 608 755 638; x_wconf 78' lang='lat' dir='ltr'>ge·</span> 
     </span>
     <span class='ocr_line' id='line_1_7' title="bbox 52 649 755 691; baseline -0.007 -7"><span class='ocrx_word' id='word_1_22' title='bbox 52 661 133 684; x_wconf 83' lang='lat' dir='ltr'>nere</span> <span class='ocrx_word' id='word_1_23' title='bbox 147 650 417 691; x_wconf 83' lang='lat' dir='ltr'>Amphibiorum,</span> <span class='ocrx_word' id='word_1_24' title='bbox 428 654 464 680; x_wconf 84' lang='lat' dir='ltr'>et</span> <span class='ocrx_word' id='word_1_25' title='bbox 478 649 646 690; x_wconf 86' lang='lat' dir='ltr'>partimin</span> <span class='ocrx_word' id='word_1_26' title='bbox 658 658 755 689; x_wconf 86' lang='lat' dir='ltr'>aqua,</span> 
     </span>
     <span class='ocr_line' id='line_1_8' title="bbox 53 700 755 743; baseline -0.006 -10"><span class='ocrx_word' id='word_1_27' title='bbox 53 702 177 743; x_wconf 85' lang='lat' dir='ltr'>partim</span> <span class='ocrx_word' id='word_1_28' title='bbox 200 702 233 731; x_wconf 93' lang='lat' dir='ltr'>in</span> <span class='ocrx_word' id='word_1_29' title='bbox 251 705 342 732; x_wconf 85' lang='lat' dir='ltr'>terra</span> <span class='ocrx_word' id='word_1_30' title='bbox 359 700 464 740; x_wconf 85' lang='lat' dir='ltr'>degit.</span> <span class='ocrx_word' id='word_1_31' title='bbox 510 700 628 739; x_wconf 83' lang='lat' dir='ltr'>Prata,</span> <span class='ocrx_word' id='word_1_32' title='bbox 643 709 755 739; x_wconf 88' lang='lat' dir='ltr'>agros,</span> 
     </span>
     <span class='ocr_line' id='line_1_9' title="bbox 53 750 754 793; baseline -0.004 -10"><span class='ocrx_word' id='word_1_33' title='bbox 53 756 198 793; x_wconf 84' lang='lat' dir='ltr'>segetes,</span> <span class='ocrx_word' id='word_1_34' title='bbox 223 751 345 782; x_wconf 86' lang='lat' dir='ltr'>orizam</span> <span class='ocrx_word' id='word_1_35' title='bbox 378 750 596 790; x_wconf 82' lang='lat' dir='ltr'>depascitur:</span> <span class='ocrx_word' id='word_1_36' title='bbox 631 750 691 781; x_wconf 88' lang='lat' dir='ltr'>sed</span> <span class='ocrx_word' id='word_1_37' title='bbox 719 754 754 781; x_wconf 89' lang='lat' dir='ltr'>et</span> 
     </span>
     <span class='ocr_line' id='line_1_10' title="bbox 50 801 755 843; baseline -0.003 -10"><span class='ocrx_word' id='word_1_38' title='bbox 50 802 211 840; x_wconf 84' lang='lat' dir='ltr'>homiues,</span> <span class='ocrx_word' id='word_1_39' title='bbox 228 802 350 843; x_wconf 86' lang='lat' dir='ltr'>siquos</span> <span class='ocrx_word' id='word_1_40' title='bbox 364 801 504 840; x_wconf 88' lang='lat' dir='ltr'>invenit,</span> <span class='ocrx_word' id='word_1_41' title='bbox 518 801 680 832; x_wconf 83' lang='lat' dir='ltr'>devorat:</span> <span class='ocrx_word' id='word_1_42' title='bbox 707 801 755 832; x_wconf 85' lang='lat' dir='ltr'>sic</span> 
     </span>
     <span class='ocr_line' id='line_1_11' title="bbox 53 850 753 890; baseline -0.001 -8"><span class='ocrx_word' id='word_1_43' title='bbox 53 851 244 882; x_wconf 79' lang='lat' dir='ltr'>Alexandri</span> <span class='ocrx_word' id='word_1_44' title='bbox 268 851 404 890; x_wconf 81' lang='lat' dir='ltr'>milites,</span> <span class='ocrx_word' id='word_1_45' title='bbox 431 851 530 882; x_wconf 84' lang='lat' dir='ltr'>sociis</span> <span class='ocrx_word' id='word_1_46' title='bbox 559 850 753 881; x_wconf 88' lang='lat' dir='ltr'>vident-ibus</span> 
     </span>
     <span class='ocr_line' id='line_1_12' title="bbox 54 900 758 940; baseline -0.003 -7"><span class='ocrx_word' id='word_1_47' title='bbox 54 912 92 933; x_wconf 89' lang='lat' dir='ltr'>ac</span> <span class='ocrx_word' id='word_1_48' title='bbox 110 900 281 939; x_wconf 84' lang='lat' dir='ltr'>flentibus,</span> <span class='ocrx_word' id='word_1_49' title='bbox 305 901 555 940; x_wconf 73' lang='lat' dir='ltr'>absumserunt,</span> <span class='ocrx_word' id='word_1_50' title='bbox 581 905 618 932; x_wconf 89' lang='lat' dir='ltr'>ut</span> <span class='ocrx_word' id='word_1_51' title='bbox 645 900 688 932; x_wconf 88' lang='lat' dir='ltr'>ad</span> <span class='ocrx_word' id='word_1_52' title='bbox 713 900 758 931; x_wconf 79' lang='lat' dir='ltr'>A·</span> 
     </span>
     <span class='ocr_line' id='line_1_13' title="bbox 52 950 745 993; baseline 0.003 -12"><span class='ocrx_word' id='word_1_53' title='bbox 52 952 243 985; x_wconf 78' lang='lat' dir='ltr'>ristotelem</span> <span class='ocrx_word' id='word_1_54' title='bbox 260 953 332 993; x_wconf 88' lang='lat' dir='ltr'>ipse</span> <span class='ocrx_word' id='word_1_55' title='bbox 351 951 523 984; x_wconf 82' lang='lat' dir='ltr'>scribebat</span> <span class='ocrx_word' id='word_1_56' title='bbox 537 950 745 984; x_wconf 82' lang='lat' dir='ltr'>Alexander.</span> 
     </span>
    </p>
   </div>
   <div class='ocr_carea' id='block_1_5' title="bbox 809 495 1519 943">
    <p class='ocr_par' dir='ltr' id='par_1_6' title="bbox 809 495 1519 943">
     <span class='ocr_line' id='line_1_14' title="bbox 855 495 1515 537; baseline 0.005 -9"><span class='ocrx_word' id='word_1_57' title='bbox 855 497 992 537; x_wconf 74' lang='lat' dir='ltr'>fremit]</span> <span class='ocrx_word' id='word_1_58' title='bbox 1027 495 1294 537; x_wconf 82' lang='lat' dir='ltr'>Intelligendum</span> <span class='ocrx_word' id='word_1_59' title='bbox 1319 500 1372 527; x_wconf 85' lang='lat' dir='ltr'>est</span> <span class='ocrx_word' id='word_1_60' title='bbox 1399 499 1515 531; x_wconf 82' lang='lat' dir='ltr'>nescio</span> 
     </span>
     <span class='ocr_line' id='line_1_15' title="bbox 810 546 1517 588; baseline 0.003 -11"><span class='ocrx_word' id='word_1_61' title='bbox 810 548 898 588; x_wconf 88' lang='lat' dir='ltr'>quod</span> <span class='ocrx_word' id='word_1_62' title='bbox 927 557 1088 585; x_wconf 83' lang='lat' dir='ltr'>murmur,</span> <span class='ocrx_word' id='word_1_63' title='bbox 1117 546 1205 587; x_wconf 83' lang='lat' dir='ltr'>quod</span> <span class='ocrx_word' id='word_1_64' title='bbox 1233 546 1313 577; x_wconf 84' lang='lat' dir='ltr'>edat</span> <span class='ocrx_word' id='word_1_65' title='bbox 1336 547 1427 578; x_wconf 90' lang='lat' dir='ltr'>istud</span> <span class='ocrx_word' id='word_1_66' title='bbox 1446 548 1517 579; x_wconf 85' lang='lat' dir='ltr'>ani-</span> 
     </span>
     <span class='ocr_line' id='line_1_16' title="bbox 809 595 1516 637; baseline 0.001 -10"><span class='ocrx_word' id='word_1_67' title='bbox 809 597 887 635; x_wconf 88' lang='lat' dir='ltr'>mal,</span> <span class='ocrx_word' id='word_1_68' title='bbox 905 596 947 627; x_wconf 88' lang='lat' dir='ltr'>de</span> <span class='ocrx_word' id='word_1_69' title='bbox 964 606 1029 637; x_wconf 87' lang='lat' dir='ltr'>qno</span> <span class='ocrx_word' id='word_1_70' title='bbox 1055 601 1166 626; x_wconf 85' lang='lat' dir='ltr'>tamen</span> <span class='ocrx_word' id='word_1_71' title='bbox 1184 596 1264 625; x_wconf 89' lang='lat' dir='ltr'>nihil</span> <span class='ocrx_word' id='word_1_72' title='bbox 1291 595 1378 626; x_wconf 84' lang='lat' dir='ltr'>dixit</span> <span class='ocrx_word' id='word_1_73' title='bbox 1394 596 1516 628; x_wconf 85' lang='lat' dir='ltr'>Aldro-</span> 
     </span>
     <span class='ocr_line' id='line_1_17' title="bbox 811 647 1519 687; baseline 0 -8"><span class='ocrx_word' id='word_1_74' title='bbox 811 648 940 679; x_wconf 87' lang='lat' dir='ltr'>vandus</span> <span class='ocrx_word' id='word_1_75' title='bbox 958 648 1108 687; x_wconf 81' lang='lat' dir='ltr'>Ulysses.</span> <span class='ocrx_word' id='word_1_76' title='bbox 1155 647 1316 677; x_wconf 85' lang='lat' dir='ltr'>Ceterum</span> <span class='ocrx_word' id='word_1_77' title='bbox 1345 647 1417 677; x_wconf 86' lang='lat' dir='ltr'>viro</span> <span class='ocrx_word' id='word_1_78' title='bbox 1442 647 1519 679; x_wconf 86' lang='lat' dir='ltr'>doc-</span> 
     </span>
     <span class='ocr_line' id='line_1_18' title="bbox 812 696 1517 737; baseline 0 -8"><span class='ocrx_word' id='word_1_79' title='bbox 812 699 942 730; x_wconf 87' lang='lat' dir='ltr'>tissimo</span> <span class='ocrx_word' id='word_1_80' title='bbox 959 697 1138 736; x_wconf 81' lang='lat' dir='ltr'>assentior,</span> <span class='ocrx_word' id='word_1_81' title='bbox 1155 697 1212 737; x_wconf 88' lang='lat' dir='ltr'>qui</span> <span class='ocrx_word' id='word_1_82' title='bbox 1228 696 1348 727; x_wconf 84' lang='lat' dir='ltr'>asserit</span> <span class='ocrx_word' id='word_1_83' title='bbox 1365 696 1398 727; x_wconf 88' lang='lat' dir='ltr'>iu</span> <span class='ocrx_word' id='word_1_84' title='bbox 1417 697 1517 729; x_wconf 88' lang='lat' dir='ltr'>titulo</span> 
     </span>
     <span class='ocr_line' id='line_1_19' title="bbox 810 747 1518 789; baseline -0.001 -9"><span class='ocrx_word' id='word_1_85' title='bbox 810 748 991 789; x_wconf 79' lang='lat' dir='ltr'>legendum</span> <span class='ocrx_word' id='word_1_86' title='bbox 1029 757 1116 786; x_wconf 73' lang='lat' dir='ltr'>esse,</span> <span class='ocrx_word' id='word_1_87' title='bbox 1146 747 1196 778; x_wconf 85' lang='lat' dir='ltr'>De</span> <span class='ocrx_word' id='word_1_88' title='bbox 1225 747 1455 788; x_wconf 83' lang='lat' dir='ltr'>Hippopotamo</span> <span class='ocrx_word' id='word_1_89' title='bbox 1486 752 1518 779; x_wconf 75' lang='lat' dir='ltr'>ec</span> 
     </span>
     <span class='ocr_line' id='line_1_20' title="bbox 812 796 1518 839; baseline 0.001 -10"><span class='ocrx_word' id='word_1_90' title='bbox 812 800 995 836; x_wconf 75' lang='lat' dir='ltr'>Crocodilo5</span> <span class='ocrx_word' id='word_1_91' title='bbox 1021 798 1068 829; x_wconf 89' lang='lat' dir='ltr'>sic</span> <span class='ocrx_word' id='word_1_92' title='bbox 1082 798 1169 829; x_wconf 89' lang='lat' dir='ltr'>enim</span> <span class='ocrx_word' id='word_1_93' title='bbox 1186 796 1318 829; x_wconf 86' lang='lat' dir='ltr'>facilius</span> <span class='ocrx_word' id='word_1_94' title='bbox 1331 798 1518 839; x_wconf 79' lang='lat' dir='ltr'>explicabi-</span> 
     </span>
     <span class='ocr_line' id='line_1_21' title="bbox 812 849 1516 892; baseline 0 -11"><span class='ocrx_word' id='word_1_95' title='bbox 812 855 868 881; x_wconf 85' lang='lat' dir='ltr'>tur</span> <span class='ocrx_word' id='word_1_96' title='bbox 905 849 1111 881; x_wconf 82' lang='lat' dir='ltr'>Claudianus</span> <span class='ocrx_word' id='word_1_97' title='bbox 1143 849 1186 880; x_wconf 88' lang='lat' dir='ltr'>de</span> <span class='ocrx_word' id='word_1_98' title='bbox 1215 854 1360 891; x_wconf 85' lang='lat' dir='ltr'>utroque</span> <span class='ocrx_word' id='word_1_99' title='bbox 1391 859 1516 892; x_wconf 84' lang='lat' dir='ltr'>genere</span> 
     </span>
     <span class='ocr_line' id='line_1_22' title="bbox 814 900 1312 943; baseline 0 -11"><span class='ocrx_word' id='word_1_100' title='bbox 814 901 1015 941; x_wconf 85' lang='lat' dir='ltr'>belluarum,</span> <span class='ocrx_word' id='word_1_101' title='bbox 1030 910 1111 943; x_wconf 88' lang='lat' dir='ltr'>quas</span> <span class='ocrx_word' id='word_1_102' title='bbox 1127 900 1226 932; x_wconf 83' lang='lat' dir='ltr'>Nilus</span> <span class='ocrx_word' id='word_1_103' title='bbox 1241 900 1312 932; x_wconf 84' lang='lat' dir='ltr'>alit.</span> 
     </span>
    </p>
   </div>
   <div class='ocr_carea' id='block_1_6' title="bbox 688 1205 885 1254">
    <p class='ocr_par' dir='ltr' id='par_1_7' title="bbox 688 1205 885 1254">
     <span class='ocr_line' id='line_1_23' title="bbox 688 1205 885 1254; baseline 0 -1"><span class='ocrx_word' id='word_1_104' title='bbox 688 1205 885 1254; x_wconf 86' lang='lat' dir='ltr'><strong>XCIV.</strong></span> 
     </span>
    </p>
   </div>
   <div class='ocr_carea' id='block_1_7' title="bbox 51 1398 1513 1452">
    <p class='ocr_par' dir='ltr' id='par_1_8' title="bbox 51 1398 1513 1452">
     <span class='ocr_line' id='line_1_24' title="bbox 51 1398 1513 1452; baseline -0.002 -8"><span class='ocrx_word' id='word_1_105' title='bbox 51 1403 122 1444; x_wconf 84' lang='grc'>44.</span> <span class='ocrx_word' id='word_1_106' title='bbox 178 1400 329 1452; x_wconf 87' lang='lat' dir='ltr'>QUAE</span> <span class='ocrx_word' id='word_1_107' title='bbox 351 1399 423 1442; x_wconf 92' lang='lat' dir='ltr'>IN</span> <span class='ocrx_word' id='word_1_108' title='bbox 445 1400 666 1442; x_wconf 86' lang='lat' dir='ltr'><strong>MENSA</strong></span> <span class='ocrx_word' id='word_1_109' title='bbox 688 1400 774 1442; x_wconf 92' lang='lat' dir='ltr'>DE</span> <span class='ocrx_word' id='word_1_110' title='bbox 792 1398 1239 1443; x_wconf 87' lang='lat' dir='ltr'><strong>SARDONYCHE</strong></span> <span class='ocrx_word' id='word_1_111' title='bbox 1259 1399 1513 1443; x_wconf 87' lang='lat' dir='ltr'><strong>LAPIDE.</strong></span> 
     </span>
    </p>
   </div>
   <div class='ocr_carea' id='block_1_8' title="bbox 54 1521 1060 1576">
    <p class='ocr_par' dir='ltr' id='par_1_9' title="bbox 54 1521 1060 1576">
     <span class='ocr_line' id='line_1_25' title="bbox 54 1521 1060 1576; baseline -0.001 -12"><span class='ocrx_word' id='word_1_112' title='bbox 54 1523 240 1566; x_wconf 73' lang='lat' dir='ltr'>MENSA</span> <span class='ocrx_word' id='word_1_113' title='bbox 266 1522 471 1565; x_wconf 87' lang='lat' dir='ltr'>eoloratis</span> <span class='ocrx_word' id='word_1_114' title='bbox 493 1522 654 1576; x_wconf 85' lang='lat' dir='ltr'>aquilae</span> <span class='ocrx_word' id='word_1_115' title='bbox 676 1521 877 1562; x_wconf 82' lang='lat' dir='ltr'>sinuatur</span> <span class='ocrx_word' id='word_1_116' title='bbox 896 1521 942 1563; x_wconf 85' lang='lat' dir='ltr'>in</span> <span class='ocrx_word' id='word_1_117' title='bbox 962 1522 1060 1573; x_wconf 83' lang='lat' dir='ltr'>alis,</span> 
     </span>
    </p>
   </div>
   <div class='ocr_carea' id='block_1_9' title="bbox 56 1589 784 1642">
    <p class='ocr_par' dir='ltr' id='par_1_10' title="bbox 56 1589 784 1642">
     <span class='ocr_line' id='line_1_26' title="bbox 56 1589 784 1642; baseline -0.005 -10"><span class='ocrx_word' id='word_1_118' title='bbox 56 1591 205 1642; x_wconf 86' lang='lat' dir='ltr'>Quam</span> <span class='ocrx_word' id='word_1_119' title='bbox 226 1590 348 1631; x_wconf 89' lang='lat' dir='ltr'>floris</span> <span class='ocrx_word' id='word_1_120' title='bbox 371 1589 598 1640; x_wconf 86' lang='lat' dir='ltr'>distinguit</span> <span class='ocrx_word' id='word_1_121' title='bbox 618 1589 756 1628; x_wconf 88' lang='lat' dir='ltr'>honos</span> <span class='ocrx_word' id='word_1_122' title='bbox 775 1602 784 1628; x_wconf 90' lang='lat'>:</span> 
     </span>
    </p>
   </div>
   <div class='ocr_carea' id='block_1_10' title="bbox 818 1588 1221 1642">
    <p class='ocr_par' dir='ltr' id='par_1_11' title="bbox 818 1588 1221 1642">
     <span class='ocr_line' id='line_1_27' title="bbox 818 1588 1221 1642; baseline 0.002 -14"><span class='ocrx_word' id='word_1_123' title='bbox 818 1589 1062 1641; x_wconf 87' lang='lat' dir='ltr'>similisque</span> <span class='ocrx_word' id='word_1_124' title='bbox 1080 1588 1221 1642; x_wconf 84' lang='lat' dir='ltr'>figura</span> 
     </span>
    </p>
   </div>
   <div class='ocr_carea' id='block_1_11' title="bbox 54 1655 1200 1712">
    <p class='ocr_par' dir='ltr' id='par_1_12' title="bbox 54 1655 1200 1712">
     <span class='ocr_line' id='line_1_28' title="bbox 54 1655 1200 1712; baseline -0.003 -12"><span class='ocrx_word' id='word_1_125' title='bbox 54 1658 268 1701; x_wconf 83' lang='lat' dir='ltr'>Texitur:</span> <span class='ocrx_word' id='word_1_126' title='bbox 300 1657 555 1712; x_wconf 84' lang='lat' dir='ltr'>implumem</span> <span class='ocrx_word' id='word_1_127' title='bbox 577 1656 782 1697; x_wconf 85' lang='lat' dir='ltr'>mentitur</span> <span class='ocrx_word' id='word_1_128' title='bbox 803 1668 974 1709; x_wconf 85' lang='lat' dir='ltr'>gemma</span> <span class='ocrx_word' id='word_1_129' title='bbox 994 1655 1200 1698; x_wconf 76' lang='lat' dir='ltr'>volatum,</span> 
     </span>
    </p>
   </div>
   <div class='ocr_carea' id='block_1_12' title="bbox 55 1771 1521 1860">
    <p class='ocr_par' dir='ltr' id='par_1_13' title="bbox 55 1771 1521 1860">
     <span class='ocr_line' id='line_1_29' title="bbox 99 1771 1521 1814; baseline -0.001 -8"><span class='ocrx_word' id='word_1_130' title='bbox 99 1775 211 1806; x_wconf 81' lang='lat' dir='ltr'>Mensa</span> <span class='ocrx_word' id='word_1_131' title='bbox 225 1776 374 1805; x_wconf 75' lang='lat' dir='ltr'>curvatur</span> <span class='ocrx_word' id='word_1_132' title='bbox 388 1773 421 1804; x_wconf 80' lang='lat' dir='ltr'>in</span> <span class='ocrx_word' id='word_1_133' title='bbox 434 1773 544 1814; x_wconf 78' lang='lat' dir='ltr'>pennis</span> <span class='ocrx_word' id='word_1_134' title='bbox 571 1772 665 1812; x_wconf 76' lang='lat' dir='ltr'>pictis</span> <span class='ocrx_word' id='word_1_135' title='bbox 679 1772 802 1813; x_wconf 82' lang='lat' dir='ltr'>aquiloe,</span> <span class='ocrx_word' id='word_1_136' title='bbox 821 1782 909 1812; x_wconf 84' lang='lat' dir='ltr'>quam</span> <span class='ocrx_word' id='word_1_137' title='bbox 926 1781 1076 1803; x_wconf 88' lang='lat' dir='ltr'>mensam</span> <span class='ocrx_word' id='word_1_138' title='bbox 1093 1774 1183 1802; x_wconf 78' lang='lat' dir='ltr'>ornat</span> <span class='ocrx_word' id='word_1_139' title='bbox 1195 1771 1392 1812; x_wconf 77' lang='lat' dir='ltr'>pulchritudo</span> <span class='ocrx_word' id='word_1_140' title='bbox 1403 1771 1499 1813; x_wconf 80' lang='lat' dir='ltr'>floris</span> <span class='ocrx_word' id='word_1_141' title='bbox 1509 1783 1521 1809; x_wconf 92' lang='lat'><em>;</em></span> 
     </span>
     <span class='ocr_line' id='line_1_30' title="bbox 55 1814 1148 1860; baseline -0.003 -11"><span class='ocrx_word' id='word_1_142' title='bbox 55 1827 112 1858; x_wconf 78' lang='lat' dir='ltr'>pur</span> <span class='ocrx_word' id='word_1_143' title='bbox 124 1817 235 1860; x_wconf 79' lang='lat' dir='ltr'>sig-ura</span> <span class='ocrx_word' id='word_1_144' title='bbox 249 1817 421 1848; x_wconf 72' lang='lat' dir='ltr'>intexitur:</span> <span class='ocrx_word' id='word_1_145' title='bbox 441 1825 564 1855; x_wconf 84' lang='lat' dir='ltr'>gemma</span> <span class='ocrx_word' id='word_1_146' title='bbox 578 1819 781 1856; x_wconf 76' lang='lat' dir='ltr'>repraeseneat</span> <span class='ocrx_word' id='word_1_147' title='bbox 796 1815 933 1846; x_wconf 73' lang='lat' dir='ltr'>vocatum</span> <span class='ocrx_word' id='word_1_148' title='bbox 946 1815 1013 1846; x_wconf 80' lang='lat' dir='ltr'>sine</span> <span class='ocrx_word' id='word_1_149' title='bbox 1026 1814 1148 1855; x_wconf 78' lang='lat' dir='ltr'>plumis.</span> 
     </span>
    </p>
   </div>
   <div class='ocr_carea' id='block_1_13' title="bbox 719 1933 866 1966">
    <p class='ocr_par' dir='ltr' id='par_1_14' title="bbox 719 1933 866 1966">
     <span class='ocr_line' id='line_1_31' title="bbox 719 1933 866 1966; baseline 0.007 -1"><span class='ocrx_word' id='word_1_150' title='bbox 719 1933 866 1966; x_wconf 84' lang='lat' dir='ltr'>NOTAE</span> 
     </span>
    </p>
   </div>
   <div class='ocr_carea' id='block_1_14' title="bbox 38 2018 768 2313">
    <p class='ocr_par' dir='ltr' id='par_1_15' title="bbox 61 2018 768 2262">
     <span class='ocr_line' id='line_1_32' title="bbox 102 2018 765 2059; baseline -0.003 -8"><span class='ocrx_word' id='word_1_151' title='bbox 102 2021 119 2050; x_wconf 89' lang='lat'>1</span> <span class='ocrx_word' id='word_1_152' title='bbox 153 2018 285 2058; x_wconf 82' lang='lat' dir='ltr'>Mensa]</span> <span class='ocrx_word' id='word_1_153' title='bbox 312 2019 436 2050; x_wconf 84' lang='lat' dir='ltr'>Mensa</span> <span class='ocrx_word' id='word_1_154' title='bbox 462 2021 514 2050; x_wconf 78' lang='lat' dir='ltr'>est</span> <span class='ocrx_word' id='word_1_155' title='bbox 540 2027 601 2049; x_wconf 83' lang='lat' dir='ltr'>seu</span> <span class='ocrx_word' id='word_1_156' title='bbox 630 2018 765 2059; x_wconf 88' lang='lat' dir='ltr'>pluteus</span> 
     </span>
     <span class='ocr_line' id='line_1_33' title="bbox 61 2069 767 2111; baseline -0.001 -10"><span class='ocrx_word' id='word_1_157' title='bbox 61 2070 199 2110; x_wconf 74' lang='lat' dir='ltr'>exiguus</span> <span class='ocrx_word' id='word_1_158' title='bbox 224 2070 312 2101; x_wconf 87' lang='lat' dir='ltr'>libro</span> <span class='ocrx_word' id='word_1_159' title='bbox 339 2069 536 2110; x_wconf 85' lang='lat' dir='ltr'>reponendo</span> <span class='ocrx_word' id='word_1_160' title='bbox 564 2074 678 2110; x_wconf 87' lang='lat' dir='ltr'>aptus,</span> <span class='ocrx_word' id='word_1_161' title='bbox 709 2070 767 2111; x_wconf 90' lang='lat' dir='ltr'>qui</span> 
     </span>
     <span class='ocr_line' id='line_1_34' title="bbox 61 2120 768 2161; baseline -0.001 -9"><span class='ocrx_word' id='word_1_162' title='bbox 61 2126 200 2152; x_wconf 86' lang='lat' dir='ltr'>ornatur</span> <span class='ocrx_word' id='word_1_163' title='bbox 224 2120 446 2161; x_wconf 86' lang='lat' dir='ltr'>Sardonyche</span> <span class='ocrx_word' id='word_1_164' title='bbox 471 2130 619 2160; x_wconf 82' lang='lat' dir='ltr'>gemma:</span> <span class='ocrx_word' id='word_1_165' title='bbox 644 2120 678 2151; x_wconf 93' lang='lat' dir='ltr'>in</span> <span class='ocrx_word' id='word_1_166' title='bbox 702 2130 768 2161; x_wconf 89' lang='lat' dir='ltr'>qua</span> 
     </span>
     <span class='ocr_line' id='line_1_35' title="bbox 62 2169 768 2211; baseline 0 -10"><span class='ocrx_word' id='word_1_167' title='bbox 62 2170 216 2211; x_wconf 86' lang='lat' dir='ltr'>quaedam</span> <span class='ocrx_word' id='word_1_168' title='bbox 246 2175 281 2202; x_wconf 85' lang='lat' dir='ltr'>et</span> <span class='ocrx_word' id='word_1_169' title='bbox 306 2169 399 2201; x_wconf 88' lang='lat' dir='ltr'>floris</span> <span class='ocrx_word' id='word_1_170' title='bbox 428 2174 464 2201; x_wconf 88' lang='lat' dir='ltr'>et</span> <span class='ocrx_word' id='word_1_171' title='bbox 489 2170 608 2211; x_wconf 82' lang='lat' dir='ltr'>aquilae</span> <span class='ocrx_word' id='word_1_172' title='bbox 635 2170 768 2211; x_wconf 84' lang='lat' dir='ltr'>species</span> 
     </span>
     <span class='ocr_line' id='line_1_36' title="bbox 61 2220 490 2262; baseline 0 -11"><span class='ocrx_word' id='word_1_173' title='bbox 61 2221 303 2262; x_wconf 84' lang='lat' dir='ltr'>repraesentari</span> <span class='ocrx_word' id='word_1_174' title='bbox 321 2220 490 2252; x_wconf 84' lang='lat' dir='ltr'>videatur.</span> 
     </span>
    </p>

    <p class='ocr_par' dir='ltr' id='par_1_16' title="bbox 38 2270 766 2313">
     <span class='ocr_line' id='line_1_37' title="bbox 38 2270 766 2313; baseline 0.004 -12"><span class='ocrx_word' id='word_1_175' title='bbox 38 2276 42 2279; x_wconf 73' lang='grc'><em>’</em></span> <span class='ocrx_word' id='word_1_176' title='bbox 103 2273 123 2301; x_wconf 85' lang='grc'><strong>2</strong></span> <span class='ocrx_word' id='word_1_177' title='bbox 146 2271 326 2312; x_wconf 81' lang='lat' dir='ltr'>Similisque</span> <span class='ocrx_word' id='word_1_178' title='bbox 339 2271 468 2313; x_wconf 79' lang='lat' dir='ltr'>figura]</span> <span class='ocrx_word' id='word_1_179' title='bbox 490 2270 615 2303; x_wconf 82' lang='lat' dir='ltr'>Similis</span> <span class='ocrx_word' id='word_1_180' title='bbox 633 2276 692 2304; x_wconf 87' lang='lat' dir='ltr'>aut</span> <span class='ocrx_word' id='word_1_181' title='bbox 707 2270 766 2304; x_wconf 89' lang='lat' dir='ltr'>flo-</span> 
     </span>
    </p>
   </div>
   <div class='ocr_carea' id='block_1_15' title="bbox 820 2017 1524 2314">
    <p class='ocr_par' dir='ltr' id='par_1_17' title="bbox 820 2017 1524 2151">
     <span class='ocr_line' id='line_1_38' title="bbox 822 2017 1524 2060; baseline 0 -10"><span class='ocrx_word' id='word_1_182' title='bbox 822 2018 862 2058; x_wconf 82' lang='lat' dir='ltr'>ri,</span> <span class='ocrx_word' id='word_1_183' title='bbox 873 2022 932 2050; x_wconf 89' lang='lat' dir='ltr'>aut</span> <span class='ocrx_word' id='word_1_184' title='bbox 947 2017 1081 2060; x_wconf 77' lang='lat' dir='ltr'>aquilae,</span> <span class='ocrx_word' id='word_1_185' title='bbox 1092 2022 1152 2050; x_wconf 87' lang='lat' dir='ltr'>aut</span> <span class='ocrx_word' id='word_1_186' title='bbox 1163 2017 1312 2060; x_wconf 84' lang='lat' dir='ltr'>utrique,</span> <span class='ocrx_word' id='word_1_187' title='bbox 1323 2017 1366 2049; x_wconf 92' lang='lat' dir='ltr'>ob</span> <span class='ocrx_word' id='word_1_188' title='bbox 1379 2017 1524 2059; x_wconf 81' lang='lat' dir='ltr'>grandes</span> 
     </span>
     <span class='ocr_line' id='line_1_39' title="bbox 820 2067 1524 2110; baseline 0.001 -11"><span class='ocrx_word' id='word_1_189' title='bbox 820 2068 953 2100; x_wconf 89' lang='lat' dir='ltr'>scilicet</span> <span class='ocrx_word' id='word_1_190' title='bbox 980 2069 1129 2100; x_wconf 85' lang='lat' dir='ltr'>maculas</span> <span class='ocrx_word' id='word_1_191' title='bbox 1155 2067 1273 2100; x_wconf 87' lang='lat' dir='ltr'>florem</span> <span class='ocrx_word' id='word_1_192' title='bbox 1297 2069 1351 2100; x_wconf 91' lang='lat' dir='ltr'>vel</span> <span class='ocrx_word' id='word_1_193' title='bbox 1377 2069 1524 2110; x_wconf 81' lang='lat' dir='ltr'>aquilam</span> 
     </span>
     <span class='ocr_line' id='line_1_40' title="bbox 822 2119 1033 2151; baseline 0 -1"><span class='ocrx_word' id='word_1_194' title='bbox 822 2119 1033 2151; x_wconf 85' lang='lat' dir='ltr'>exhibentes.</span> 
     </span>
    </p>

    <p class='ocr_par' dir='ltr' id='par_1_18' title="bbox 823 2168 1524 2314">
     <span class='ocr_line' id='line_1_41' title="bbox 864 2168 1524 2212; baseline -0.002 -10"><span class='ocrx_word' id='word_1_195' title='bbox 864 2173 883 2202; x_wconf 82' lang='lat'><strong>3</strong></span> <span class='ocrx_word' id='word_1_196' title='bbox 908 2171 1088 2212; x_wconf 81' lang='lat' dir='ltr'>Implumem</span> <span class='ocrx_word' id='word_1_197' title='bbox 1103 2169 1252 2211; x_wconf 78' lang='lat' dir='ltr'>volatum]</span> <span class='ocrx_word' id='word_1_198' title='bbox 1277 2168 1359 2202; x_wconf 84' lang='lat' dir='ltr'>Aias</span> <span class='ocrx_word' id='word_1_199' title='bbox 1375 2169 1524 2212; x_wconf 85' lang='lat' dir='ltr'>explica-</span> 
     </span>
     <span class='ocr_line' id='line_1_42' title="bbox 823 2221 1522 2262; baseline -0.001 -9"><span class='ocrx_word' id='word_1_200' title='bbox 823 2225 874 2253; x_wconf 82' lang='lat' dir='ltr'>tas</span> <span class='ocrx_word' id='word_1_201' title='bbox 901 2226 937 2253; x_wconf 88' lang='lat' dir='ltr'>et</span> <span class='ocrx_word' id='word_1_202' title='bbox 963 2223 1059 2253; x_wconf 82' lang='lat' dir='ltr'>velut</span> <span class='ocrx_word' id='word_1_203' title='bbox 1075 2222 1225 2254; x_wconf 82' lang='lat' dir='ltr'>volatum</span> <span class='ocrx_word' id='word_1_204' title='bbox 1241 2225 1438 2262; x_wconf 77' lang='lat' dir='ltr'>tentantes;</span> <span class='ocrx_word' id='word_1_205' title='bbox 1462 2221 1522 2253; x_wconf 84' lang='lat' dir='ltr'>sed</span> 
     </span>
     <span class='ocr_line' id='line_1_43' title="bbox 823 2272 1185 2314; baseline -0.003 -10"><span class='ocrx_word' id='word_1_206' title='bbox 823 2273 885 2304; x_wconf 82' lang='lat' dir='ltr'>alae</span> <span class='ocrx_word' id='word_1_207' title='bbox 904 2277 982 2304; x_wconf 83' lang='lat' dir='ltr'>sunt</span> <span class='ocrx_word' id='word_1_208' title='bbox 997 2272 1185 2314; x_wconf 87' lang='lat' dir='ltr'>implumes.</span> 
     </span>
    </p>
   </div>
  </div>
 </body>
</html>
