<?xml version="1.0" encoding="UTF-8"?>
<!DOCTYPE html PUBLIC "-//W3C//DTD XHTML 1.0 Transitional//EN"
    "http://www.w3.org/TR/xhtml1/DTD/xhtml1-transitional.dtd">
<html xmlns="http://www.w3.org/1999/xhtml" xml:lang="en" lang="en">
 <head>
  <title>
</title>
<meta http-equiv="Content-Type" content="text/html;charset=utf-8" />
  <meta name='ocr-system' content='tesseract 3.04.00' />
  <meta name='ocr-capabilities' content='ocr_page ocr_carea ocr_par ocr_line ocrx_word'/>
</head>
<body>
  <div class='ocr_page' id='page_1' title='image "./operaomniaexedit03clauuoft_0165.png"; bbox 0 0 1852 3182; ppageno 0'>
   <div class='ocr_carea' id='block_1_1' title="bbox 601 213 1522 254">
    <p class='ocr_par' dir='ltr' id='par_1_1' title="bbox 601 213 1522 254">
     <span class='ocr_line' id='line_1_1' title="bbox 601 213 1522 254; baseline 0.007 -7"><span class='ocrx_word' id='word_1_1' title='bbox 601 219 626 247; x_wconf 72' lang='grc' dir='ltr'>Ε</span> <span class='ocrx_word' id='word_1_2' title='bbox 635 220 656 247; x_wconf 76' lang='grc' dir='ltr'>ν</span> <span class='ocrx_word' id='word_1_3' title='bbox 665 219 675 246; x_wconf 88' lang='grc' dir='ltr'>ι</span> <span class='ocrx_word' id='word_1_4' title='bbox 684 219 708 247; x_wconf 71' lang='lat' dir='ltr'>o</span> <span class='ocrx_word' id='word_1_5' title='bbox 720 218 782 248; x_wconf 65' lang='grc' dir='ltr'>ΠΛ</span> <span class='ocrx_word' id='word_1_6' title='bbox 791 219 821 247; x_wconf 83' lang='lat' dir='ltr'><strong>M</strong></span> <span class='ocrx_word' id='word_1_7' title='bbox 832 219 862 247; x_wconf 84' lang='lat' dir='ltr'><strong>M</strong></span> <span class='ocrx_word' id='word_1_8' title='bbox 871 218 984 248; x_wconf 72' lang='grc' dir='ltr'><strong>ΑΤΑ.</strong></span> <span class='ocrx_word' id='word_1_9' title='bbox 1410 213 1522 254; x_wconf 81' lang='lat'>11:37</span> 
     </span>
    </p>
   </div>
   <div class='ocr_carea' id='block_1_2' title="bbox 61 312 1519 434">
    <p class='ocr_par' dir='ltr' id='par_1_2' title="bbox 61 312 1519 434">
     <span class='ocr_line' id='line_1_2' title="bbox 61 312 1519 366; baseline 0 -10"><span class='ocrx_word' id='word_1_10' title='bbox 61 315 164 356; x_wconf 88' lang='lat' dir='ltr'>Nou</span> <span class='ocrx_word' id='word_1_11' title='bbox 185 316 307 356; x_wconf 86' lang='lat' dir='ltr'>illum</span> <span class='ocrx_word' id='word_1_12' title='bbox 330 313 592 355; x_wconf 84' lang='lat' dir='ltr'><strong>constrinxit</strong></span> <span class='ocrx_word' id='word_1_13' title='bbox 613 313 781 366; x_wconf 80' lang='lat' dir='ltr'>hyems,</span> <span class='ocrx_word' id='word_1_14' title='bbox 800 325 885 353; x_wconf 89' lang='lat' dir='ltr'>non</span> <span class='ocrx_word' id='word_1_15' title='bbox 906 312 1049 353; x_wconf 87' lang='lat' dir='ltr'>Sirius</span> <span class='ocrx_word' id='word_1_16' title='bbox 1072 313 1252 356; x_wconf 83' lang='lat' dir='ltr'>ardens:</span> <span class='ocrx_word' id='word_1_17' title='bbox 1491 318 1519 356; x_wconf 85' lang='lat'><strong>5</strong></span> 
     </span>
     <span class='ocr_line' id='line_1_3' title="bbox 116 380 971 434; baseline -0.005 -11"><span class='ocrx_word' id='word_1_18' title='bbox 116 382 278 423; x_wconf 59' lang='lat' dir='ltr'>[Etatis</span> <span class='ocrx_word' id='word_1_19' title='bbox 300 380 491 434; x_wconf 81' lang='lat' dir='ltr'>spatium</span> <span class='ocrx_word' id='word_1_20' title='bbox 513 391 600 418; x_wconf 88' lang='lat' dir='ltr'>non</span> <span class='ocrx_word' id='word_1_21' title='bbox 622 380 823 419; x_wconf 85' lang='lat' dir='ltr'>tenuabit</span> <span class='ocrx_word' id='word_1_22' title='bbox 842 380 971 420; x_wconf 81' lang='lat' dir='ltr'>edax.</span> 
     </span>
    </p>
   </div>
   <div class='ocr_carea' id='block_1_3' title="bbox 54 495 1519 577">
    <p class='ocr_par' dir='ltr' id='par_1_3' title="bbox 54 495 1519 577">
     <span class='ocr_line' id='line_1_4' title="bbox 54 495 1519 538; baseline 0.001 -11"><span class='ocrx_word' id='word_1_23' title='bbox 54 497 190 527; x_wconf 79' lang='lat' dir='ltr'>vertitur</span> <span class='ocrx_word' id='word_1_24' title='bbox 215 505 275 535; x_wconf 81' lang='lat' dir='ltr'>per</span> <span class='ocrx_word' id='word_1_25' title='bbox 298 495 363 525; x_wconf 77' lang='lat' dir='ltr'>vias</span> <span class='ocrx_word' id='word_1_26' title='bbox 378 495 525 525; x_wconf 65' lang='lat' dir='ltr'>diret-sas.</span> <span class='ocrx_word' id='word_1_27' title='bbox 575 495 643 524; x_wconf 80' lang='lat' dir='ltr'>Non</span> <span class='ocrx_word' id='word_1_28' title='bbox 660 495 764 535; x_wconf 78' lang='lat' dir='ltr'>hyems</span> <span class='ocrx_word' id='word_1_29' title='bbox 792 495 933 525; x_wconf 72' lang='lat' dir='ltr'>densat-it</span> <span class='ocrx_word' id='word_1_30' title='bbox 958 496 1043 527; x_wconf 81' lang='lat' dir='ltr'>illum</span> <span class='ocrx_word' id='word_1_31' title='bbox 1061 496 1239 538; x_wconf 87' lang='lat' dir='ltr'><strong>liquorem,</strong></span> <span class='ocrx_word' id='word_1_32' title='bbox 1259 506 1319 527; x_wconf 83' lang='lat' dir='ltr'>non</span> <span class='ocrx_word' id='word_1_33' title='bbox 1335 496 1440 527; x_wconf 77' lang='lat' dir='ltr'>Sirius</span> <span class='ocrx_word' id='word_1_34' title='bbox 1455 501 1519 528; x_wconf 75' lang='lat' dir='ltr'>tor-</span> 
     </span>
     <span class='ocr_line' id='line_1_5' title="bbox 55 538 966 577; baseline 0.001 -9"><span class='ocrx_word' id='word_1_35' title='bbox 55 550 125 570; x_wconf 80' lang='lat' dir='ltr'>rens</span> <span class='ocrx_word' id='word_1_36' title='bbox 138 551 149 576; x_wconf 92' lang='lat'>,·</span> <span class='ocrx_word' id='word_1_37' title='bbox 172 549 229 569; x_wconf 79' lang='lat' dir='ltr'>non</span> <span class='ocrx_word' id='word_1_38' title='bbox 244 538 402 577; x_wconf 79' lang='lat' dir='ltr'><em>longitudo</em></span> <span class='ocrx_word' id='word_1_39' title='bbox 417 547 514 568; x_wconf 77' lang='lat' dir='ltr'>vorax</span> <span class='ocrx_word' id='word_1_40' title='bbox 526 540 674 577; x_wconf 76' lang='lat' dir='ltr'>temporis</span> <span class='ocrx_word' id='word_1_41' title='bbox 690 538 846 568; x_wconf 77' lang='lat' dir='ltr'><em>imminuit</em></span> <span class='ocrx_word' id='word_1_42' title='bbox 863 539 966 569; x_wconf 80' lang='lat' dir='ltr'>inum.</span> 
     </span>
    </p>
   </div>
   <div class='ocr_carea' id='block_1_4' title="bbox 670 621 905 632">
    <p class='ocr_par' dir='ltr' id='par_1_4' title="bbox 670 621 905 632">
     <span class='ocr_line' id='line_1_6' title="bbox 670 621 905 632; baseline 0.009 -2"><span class='ocrx_word' id='word_1_43' title='bbox 670 621 905 632; x_wconf 61' lang='lat' dir='ltr'>eeeeeeeeeeee</span> 
     </span>
    </p>
   </div>
   <div class='ocr_carea' id='block_1_5' title="bbox 52 675 1519 888">
    <p class='ocr_par' dir='ltr' id='par_1_5' title="bbox 52 675 1519 888">
     <span class='ocr_line' id='line_1_7' title="bbox 52 675 1517 717; baseline 0.001 -9"><span class='ocrx_word' id='word_1_44' title='bbox 52 677 133 709; x_wconf 76' lang='lat' dir='ltr'>Var.</span> <span class='ocrx_word' id='word_1_45' title='bbox 151 676 220 708; x_wconf 84' lang='lat' dir='ltr'>LL.</span> <span class='ocrx_word' id='word_1_46' title='bbox 235 676 288 707; x_wconf 88' lang='lat' dir='ltr'>ed.</span> <span class='ocrx_word' id='word_1_47' title='bbox 307 675 473 707; x_wconf 83' lang='lat' dir='ltr'>Antv.-5</span> <span class='ocrx_word' id='word_1_48' title='bbox 499 676 684 715; x_wconf 77' lang='lat' dir='ltr'><em>constringit</em></span> <span class='ocrx_word' id='word_1_49' title='bbox 704 677 783 708; x_wconf 74' lang='lat' dir='ltr'>Vnt.</span> <span class='ocrx_word' id='word_1_50' title='bbox 801 687 849 717; x_wconf 82' lang='lat' dir='ltr'>pr.</span> <span class='ocrx_word' id='word_1_51' title='bbox 868 676 985 708; x_wconf 78' lang='lat' dir='ltr'>Ambr.</span> <span class='ocrx_word' id='word_1_52' title='bbox 1003 686 1054 716; x_wconf 83' lang='lat' dir='ltr'>pr.</span> <span class='ocrx_word' id='word_1_53' title='bbox 1076 676 1208 708; x_wconf 75' lang='lat' dir='ltr'>Buslid.</span> <span class='ocrx_word' id='word_1_54' title='bbox 1233 678 1405 709; x_wconf 71' lang='lat' dir='ltr'><em>construxit</em></span> <span class='ocrx_word' id='word_1_55' title='bbox 1433 678 1517 710; x_wconf 81' lang='lat' dir='ltr'>Put.</span> 
     </span>
     <span class='ocr_line' id='line_1_8' title="bbox 52 719 1517 761; baseline 0.001 -10"><span class='ocrx_word' id='word_1_56' title='bbox 52 719 157 752; x_wconf 71' lang='lat' dir='ltr'>Sirius</span> <span class='ocrx_word' id='word_1_57' title='bbox 170 720 282 750; x_wconf 73' lang='lat' dir='ltr'>ardeus</span> <span class='ocrx_word' id='word_1_58' title='bbox 299 719 410 749; x_wconf 72' lang='lat' dir='ltr'>Oxou.</span> <span class='ocrx_word' id='word_1_59' title='bbox 438 729 504 749; x_wconf 81' lang='lat' dir='ltr'>sec.</span> <span class='ocrx_word' id='word_1_60' title='bbox 521 729 563 749; x_wconf 85' lang='lat' dir='ltr'>m.</span> <span class='ocrx_word' id='word_1_61' title='bbox 592 728 659 749; x_wconf 83' lang='lat' dir='ltr'>sec.</span> <span class='ocrx_word' id='word_1_62' title='bbox 684 720 796 750; x_wconf 77' lang='lat' dir='ltr'>ardeus</span> <span class='ocrx_word' id='word_1_63' title='bbox 815 721 880 750; x_wconf 82' lang='lat' dir='ltr'>inc.</span> <span class='ocrx_word' id='word_1_64' title='bbox 900 719 1021 750; x_wconf 70' lang='lat' dir='ltr'>Heius.</span> <span class='ocrx_word' id='word_1_65' title='bbox 1041 719 1303 751; x_wconf 82' lang='lat' dir='ltr'>Bonon.An1br.</span> <span class='ocrx_word' id='word_1_66' title='bbox 1321 731 1369 761; x_wconf 86' lang='lat' dir='ltr'>pr.</span> <span class='ocrx_word' id='word_1_67' title='bbox 1386 721 1517 753; x_wconf 83' lang='lat' dir='ltr'>Morct.</span> 
     </span>
     <span class='ocr_line' id='line_1_9' title="bbox 52 761 1519 804; baseline 0.001 -11"><span class='ocrx_word' id='word_1_68' title='bbox 52 772 102 804; x_wconf 84' lang='lat' dir='ltr'>pr.</span> <span class='ocrx_word' id='word_1_69' title='bbox 119 762 249 793; x_wconf 81' lang='lat' dir='ltr'>Busnd.</span> <span class='ocrx_word' id='word_1_70' title='bbox 267 762 346 793; x_wconf 71' lang='lat' dir='ltr'>Vat.</span> <span class='ocrx_word' id='word_1_71' title='bbox 364 761 473 792; x_wconf 89' lang='lat' dir='ltr'>Livin.</span> <span class='ocrx_word' id='word_1_72' title='bbox 488 761 609 793; x_wconf 79' lang='lat' dir='ltr'>Sched.</span> <span class='ocrx_word' id='word_1_73' title='bbox 624 762 715 793; x_wconf 79' lang='lat' dir='ltr'>Gnd.</span> <span class='ocrx_word' id='word_1_74' title='bbox 740 764 811 793; x_wconf 66' lang='lat' dir='ltr'>axis</span> <span class='ocrx_word' id='word_1_75' title='bbox 825 772 887 802; x_wconf 86' lang='lat' dir='ltr'>pro</span> <span class='ocrx_word' id='word_1_76' title='bbox 903 764 1015 793; x_wconf 78' lang='lat' dir='ltr'>ardens</span> <span class='ocrx_word' id='word_1_77' title='bbox 1031 762 1098 793; x_wconf 78' lang='lat' dir='ltr'>duo</span> <span class='ocrx_word' id='word_1_78' title='bbox 1125 764 1219 794; x_wconf 75' lang='lat' dir='ltr'>Vatt.</span> <span class='ocrx_word' id='word_1_79' title='bbox 1245 763 1320 795; x_wconf 83' lang='lat' dir='ltr'>Pal.</span> <span class='ocrx_word' id='word_1_80' title='bbox 1347 764 1439 794; x_wconf 84' lang='lat' dir='ltr'>Rott.</span> <span class='ocrx_word' id='word_1_81' title='bbox 1458 764 1519 794; x_wconf 85' lang='lat' dir='ltr'>Oi-</span> 
     </span>
     <span class='ocr_line' id='line_1_10' title="bbox 52 803 1516 846; baseline 0.001 -11"><span class='ocrx_word' id='word_1_82' title='bbox 52 805 111 836; x_wconf 77' lang='lat' dir='ltr'>sel.</span> <span class='ocrx_word' id='word_1_83' title='bbox 138 803 244 835; x_wconf 87' lang='lat' dir='ltr'>Hafn.</span> <span class='ocrx_word' id='word_1_84' title='bbox 264 804 424 835; x_wconf 69' lang='lat' dir='ltr'>Heinsius</span> <span class='ocrx_word' id='word_1_85' title='bbox 440 806 647 844; x_wconf 58' lang='lat' dir='ltr'>aecripserat</span> <span class='ocrx_word' id='word_1_86' title='bbox 664 805 720 835; x_wconf 89' lang='lat' dir='ltr'>lib.</span> <span class='ocrx_word' id='word_1_87' title='bbox 740 815 763 835; x_wconf 89' lang='lat'>1.</span> <span class='ocrx_word' id='word_1_88' title='bbox 783 806 816 835; x_wconf 91' lang='lat' dir='ltr'>in</span> <span class='ocrx_word' id='word_1_89' title='bbox 833 804 945 836; x_wconf 82' lang='lat' dir='ltr'>Rutin.</span> <span class='ocrx_word' id='word_1_90' title='bbox 962 807 1035 835; x_wconf 74' lang='lat'>213.</span> <span class='ocrx_word' id='word_1_91' title='bbox 1060 806 1258 846; x_wconf 85' lang='lat' dir='ltr'>conjecerat</span> <span class='ocrx_word' id='word_1_92' title='bbox 1275 809 1387 837; x_wconf 59' lang='lat' dir='ltr'>tamen</span> <span class='ocrx_word' id='word_1_93' title='bbox 1423 807 1516 838; x_wconf 81' lang='lat' dir='ltr'>ardor</span> 
     </span>
     <span class='ocr_line' id='line_1_11' title="bbox 52 846 1065 888; baseline 0.003 -11"><span class='ocrx_word' id='word_1_94' title='bbox 52 847 106 879; x_wconf 75' lang='lat' dir='ltr'>vel</span> <span class='ocrx_word' id='word_1_95' title='bbox 120 846 277 879; x_wconf 50' lang='grc' dir='ltr'>(πάι-(5</span> <span class='ocrx_word' id='word_1_96' title='bbox 300 849 375 878; x_wconf 80' lang='lat' dir='ltr'>edus</span> <span class='ocrx_word' id='word_1_97' title='bbox 393 857 452 887; x_wconf 83' lang='lat' dir='ltr'>pro</span> <span class='ocrx_word' id='word_1_98' title='bbox 467 848 546 878; x_wconf 71' lang='lat' dir='ltr'>edax</span> <span class='ocrx_word' id='word_1_99' title='bbox 566 847 696 880; x_wconf 74' lang='lat' dir='ltr'>Buslid.</span> <span class='ocrx_word' id='word_1_100' title='bbox 714 848 876 879; x_wconf 55' lang='lat' dir='ltr'>asterisco</span> <span class='ocrx_word' id='word_1_101' title='bbox 892 848 1065 888; x_wconf 75' lang='lat' dir='ltr'>apposito.</span> 
     </span>
    </p>
   </div>
   <div class='ocr_carea' id='block_1_6' title="bbox 49 931 1361 1038">
    <p class='ocr_par' dir='ltr' id='par_1_6' title="bbox 49 931 1361 1038">
     <span class='ocr_line' id='line_1_12' title="bbox 719 931 858 963; baseline 0 0"><span class='ocrx_word' id='word_1_102' title='bbox 719 931 858 963; x_wconf 72' lang='lat' dir='ltr'>NOTAE</span> 
     </span>
     <span class='ocr_line' id='line_1_13' title="bbox 49 995 1361 1038; baseline -0.002 -8"><span class='ocrx_word' id='word_1_103' title='bbox 49 997 182 1037; x_wconf 72' lang='lat' dir='ltr'>caloris,</span> <span class='ocrx_word' id='word_1_104' title='bbox 199 997 426 1038; x_wconf 76' lang='lat' dir='ltr'>temporisque</span> <span class='ocrx_word' id='word_1_105' title='bbox 443 996 588 1037; x_wconf 82' lang='lat' dir='ltr'>injuriae.</span> <span class='ocrx_word' id='word_1_106' title='bbox 851 1000 869 1026; x_wconf 82' lang='lat'>5</span> <span class='ocrx_word' id='word_1_107' title='bbox 893 995 1012 1037; x_wconf 83' lang='lat' dir='ltr'>Sirius]</span> <span class='ocrx_word' id='word_1_108' title='bbox 1036 997 1087 1027; x_wconf 85' lang='lat' dir='ltr'>De</span> <span class='ocrx_word' id='word_1_109' title='bbox 1101 997 1166 1029; x_wconf 84' lang='lat' dir='ltr'>hoc</span> <span class='ocrx_word' id='word_1_110' title='bbox 1182 996 1263 1028; x_wconf 83' lang='lat' dir='ltr'>alibi</span> <span class='ocrx_word' id='word_1_111' title='bbox 1279 996 1361 1029; x_wconf 83' lang='lat' dir='ltr'>fuse.</span> 
     </span>
    </p>
   </div>
   <div class='ocr_carea' id='block_1_7' title="bbox 714 1203 837 1252">
    <p class='ocr_par' dir='ltr' id='par_1_7' title="bbox 714 1203 837 1252">
     <span class='ocr_line' id='line_1_14' title="bbox 714 1203 837 1252; baseline 0 0"><span class='ocrx_word' id='word_1_112' title='bbox 714 1203 837 1252; x_wconf 79' lang='lat' dir='ltr'>LX.</span> 
     </span>
    </p>
   </div>
   <div class='ocr_carea' id='block_1_8' title="bbox 586 1333 972 1376">
    <p class='ocr_par' dir='ltr' id='par_1_8' title="bbox 586 1333 972 1376">
     <span class='ocr_line' id='line_1_15' title="bbox 586 1333 972 1376; baseline 0.003 -1"><span class='ocrx_word' id='word_1_113' title='bbox 586 1335 655 1375; x_wconf 83' lang='lat'>10.</span> <span class='ocrx_word' id='word_1_114' title='bbox 718 1333 972 1376; x_wconf 81' lang='lat' dir='ltr'><strong>ALITER.</strong></span> 
     </span>
    </p>
   </div>
   <div class='ocr_carea' id='block_1_9' title="bbox 46 1432 1248 1823">
    <p class='ocr_par' dir='ltr' id='par_1_9' title="bbox 47 1432 1155 1554">
     <span class='ocr_line' id='line_1_16' title="bbox 47 1432 1155 1487; baseline -0.001 -12"><span class='ocrx_word' id='word_1_115' title='bbox 47 1432 184 1475; x_wconf 73' lang='lat' dir='ltr'>CLAU</span> <span class='ocrx_word' id='word_1_116' title='bbox 196 1444 350 1475; x_wconf 80' lang='lat' dir='ltr'>anUR</span> <span class='ocrx_word' id='word_1_117' title='bbox 371 1433 575 1474; x_wconf 87' lang='lat' dir='ltr'>immunis</span> <span class='ocrx_word' id='word_1_118' title='bbox 598 1447 796 1474; x_wconf 72' lang='lat' dir='ltr'>convexo</span> <span class='ocrx_word' id='word_1_119' title='bbox 818 1434 1005 1487; x_wconf 81' lang='lat' dir='ltr'>tegmine</span> <span class='ocrx_word' id='word_1_120' title='bbox 1025 1434 1155 1483; x_wconf 83' lang='lat' dir='ltr'>rivus,</span> 
     </span>
     <span class='ocr_line' id='line_1_17' title="bbox 103 1501 1030 1554; baseline 0 -13"><span class='ocrx_word' id='word_1_121' title='bbox 103 1502 370 1554; x_wconf 79' lang='lat' dir='ltr'>Duratisque</span> <span class='ocrx_word' id='word_1_122' title='bbox 392 1514 531 1553; x_wconf 80' lang='lat' dir='ltr'>vagus</span> <span class='ocrx_word' id='word_1_123' title='bbox 551 1501 646 1540; x_wconf 85' lang='lat' dir='ltr'>fons</span> <span class='ocrx_word' id='word_1_124' title='bbox 669 1502 862 1553; x_wconf 87' lang='lat' dir='ltr'>operitur</span> <span class='ocrx_word' id='word_1_125' title='bbox 886 1501 1030 1554; x_wconf 79' lang='lat' dir='ltr'>aquis.</span> 
     </span>
    </p>

    <p class='ocr_par' dir='ltr' id='par_1_10' title="bbox 46 1565 1248 1687">
     <span class='ocr_line' id='line_1_18' title="bbox 46 1565 1248 1621; baseline -0.003 -11"><span class='ocrx_word' id='word_1_126' title='bbox 46 1569 206 1610; x_wconf 85' lang='lat' dir='ltr'>Nonne</span> <span class='ocrx_word' id='word_1_127' title='bbox 224 1569 362 1618; x_wconf 81' lang='lat' dir='ltr'>vides,</span> <span class='ocrx_word' id='word_1_128' title='bbox 384 1568 575 1621; x_wconf 85' lang='lat' dir='ltr'>propriis</span> <span class='ocrx_word' id='word_1_129' title='bbox 599 1572 647 1607; x_wconf 90' lang='lat' dir='ltr'>ut</span> <span class='ocrx_word' id='word_1_130' title='bbox 669 1573 845 1621; x_wconf 80' lang='lat' dir='ltr'>spumet</span> <span class='ocrx_word' id='word_1_131' title='bbox 865 1580 1038 1620; x_wconf 82' lang='lat' dir='ltr'>gemma</span> <span class='ocrx_word' id='word_1_132' title='bbox 1059 1565 1248 1616; x_wconf 81' lang='lat' dir='ltr'>lacunis,</span> 
     </span>
     <span class='ocr_line' id='line_1_19' title="bbox 101 1634 997 1687; baseline -0.003 -11"><span class='ocrx_word' id='word_1_133' title='bbox 101 1635 158 1676; x_wconf 93' lang='lat' dir='ltr'>Et</span> <span class='ocrx_word' id='word_1_134' title='bbox 177 1636 336 1676; x_wconf 85' lang='lat' dir='ltr'>refluos</span> <span class='ocrx_word' id='word_1_135' title='bbox 359 1635 517 1675; x_wconf 84' lang='lat' dir='ltr'>ducant</span> <span class='ocrx_word' id='word_1_136' title='bbox 536 1635 698 1687; x_wconf 78' lang='lat' dir='ltr'>pocula</span> <span class='ocrx_word' id='word_1_137' title='bbox 717 1635 820 1676; x_wconf 72' lang='lat' dir='ltr'>viva</span> <span class='ocrx_word' id='word_1_138' title='bbox 840 1634 962 1674; x_wconf 84' lang='lat' dir='ltr'>sinus</span> <span class='ocrx_word' id='word_1_139' title='bbox 980 1635 997 1673; x_wconf 65' lang='lat'><strong><em>2</em></strong></span> 
     </span>
    </p>

    <p class='ocr_par' dir='ltr' id='par_1_11' title="bbox 48 1700 1043 1823">
     <span class='ocr_line' id='line_1_20' title="bbox 48 1700 1043 1756; baseline -0.004 -12"><span class='ocrx_word' id='word_1_140' title='bbox 48 1702 235 1756; x_wconf 84' lang='lat' dir='ltr'>Udaque</span> <span class='ocrx_word' id='word_1_141' title='bbox 255 1703 460 1756; x_wconf 78' lang='lat' dir='ltr'>pingatur</span> <span class='ocrx_word' id='word_1_142' title='bbox 479 1702 615 1743; x_wconf 81' lang='lat' dir='ltr'>radiis</span> <span class='ocrx_word' id='word_1_143' title='bbox 642 1702 919 1743; x_wconf 78' lang='lat' dir='ltr'>obstantibus</span> <span class='ocrx_word' id='word_1_144' title='bbox 941 1700 1043 1750; x_wconf 84' lang='lat' dir='ltr'>Iris,</span> 
     </span>
     <span class='ocr_line' id='line_1_21' title="bbox 100 1769 894 1823; baseline -0.003 -12"><span class='ocrx_word' id='word_1_145' title='bbox 100 1771 305 1812; x_wconf 83' lang='lat' dir='ltr'>Secretas</span> <span class='ocrx_word' id='word_1_146' title='bbox 324 1770 502 1823; x_wconf 82' lang='lat' dir='ltr'>hyemes</span> <span class='ocrx_word' id='word_1_147' title='bbox 523 1770 772 1810; x_wconf 80' lang='lat' dir='ltr'>solicitante</span> <span class='ocrx_word' id='word_1_148' title='bbox 793 1769 894 1810; x_wconf 71' lang='lat' dir='ltr'>die?</span> 
     </span>
    </p>
   </div>
   <div class='ocr_carea' id='block_1_10' title="bbox 1477 1700 1505 1740">
    <p class='ocr_par' dir='ltr' id='par_1_12' title="bbox 1477 1700 1505 1740">
     <span class='ocr_line' id='line_1_22' title="bbox 1477 1700 1505 1740; textangle 90"><span class='ocrx_word' id='word_1_149' title='bbox 1477 1700 1505 1740; x_wconf 67' lang='lat' dir='ltr'>C«</span> 
     </span>
    </p>
   </div>
   <div class='ocr_carea' id='block_1_11' title="bbox 46 1864 1506 1995">
    <p class='ocr_par' dir='ltr' id='par_1_13' title="bbox 46 1864 1506 1995">
     <span class='ocr_line' id='line_1_23' title="bbox 90 1864 1504 1906; baseline -0.002 -7"><span class='ocrx_word' id='word_1_150' title='bbox 90 1869 191 1899; x_wconf 77' lang='lat' dir='ltr'>Gutta</span> <span class='ocrx_word' id='word_1_151' title='bbox 204 1869 299 1900; x_wconf 90' lang='lat' dir='ltr'>velut</span> <span class='ocrx_word' id='word_1_152' title='bbox 314 1869 409 1900; x_wconf 73' lang='lat' dir='ltr'>{ibera</span> <span class='ocrx_word' id='word_1_153' title='bbox 426 1868 596 1899; x_wconf 79' lang='lat' dir='ltr'>includitur</span> <span class='ocrx_word' id='word_1_154' title='bbox 609 1868 640 1898; x_wconf 87' lang='lat' dir='ltr'>in</span> <span class='ocrx_word' id='word_1_155' title='bbox 650 1868 776 1906; x_wconf 79' lang='lat' dir='ltr'>fornice</span> <span class='ocrx_word' id='word_1_156' title='bbox 791 1870 929 1903; x_wconf 74' lang='lat' dir='ltr'>curvato,</span> <span class='ocrx_word' id='word_1_157' title='bbox 945 1870 975 1897; x_wconf 78' lang='lat' dir='ltr'>ct</span> <span class='ocrx_word' id='word_1_158' title='bbox 982 1865 1058 1905; x_wconf 73' lang='lat' dir='ltr'>sons</span> <span class='ocrx_word' id='word_1_159' title='bbox 1076 1865 1267 1897; x_wconf 73' lang='lat' dir='ltr'>errabundus</span> <span class='ocrx_word' id='word_1_160' title='bbox 1282 1864 1402 1904; x_wconf 81' lang='lat' dir='ltr'>tegitur</span> <span class='ocrx_word' id='word_1_161' title='bbox 1417 1866 1504 1906; x_wconf 76' lang='lat' dir='ltr'>aquis</span> 
     </span>
     <span class='ocr_line' id='line_1_24' title="bbox 46 1908 1504 1951; baseline -0.003 -9"><span class='ocrx_word' id='word_1_162' title='bbox 46 1912 199 1942; x_wconf 69' lang='lat' dir='ltr'>concretis.</span> <span class='ocrx_word' id='word_1_163' title='bbox 244 1912 355 1943; x_wconf 79' lang='lat' dir='ltr'>Annon</span> <span class='ocrx_word' id='word_1_164' title='bbox 372 1911 497 1951; x_wconf 79' lang='lat' dir='ltr'>aspicis,</span> <span class='ocrx_word' id='word_1_165' title='bbox 513 1916 546 1942; x_wconf 85' lang='lat' dir='ltr'>ut</span> <span class='ocrx_word' id='word_1_166' title='bbox 560 1921 682 1950; x_wconf 75' lang='lat' dir='ltr'>gemma</span> <span class='ocrx_word' id='word_1_167' title='bbox 697 1915 822 1949; x_wconf 81' lang='lat' dir='ltr'>turgeat</span> <span class='ocrx_word' id='word_1_168' title='bbox 840 1911 873 1941; x_wconf 92' lang='lat' dir='ltr'>in</span> <span class='ocrx_word' id='word_1_169' title='bbox 892 1909 980 1948; x_wconf 79' lang='lat' dir='ltr'>fossa</span> <span class='ocrx_word' id='word_1_170' title='bbox 1000 1919 1069 1947; x_wconf 77' lang='lat' dir='ltr'>suu,</span> <span class='ocrx_word' id='word_1_171' title='bbox 1085 1912 1115 1940; x_wconf 85' lang='lat' dir='ltr'>et</span> <span class='ocrx_word' id='word_1_172' title='bbox 1130 1912 1240 1949; x_wconf 83' lang='lat' dir='ltr'>patera</span> <span class='ocrx_word' id='word_1_173' title='bbox 1260 1908 1414 1939; x_wconf 77' lang='lat' dir='ltr'>naturalis</span> <span class='ocrx_word' id='word_1_174' title='bbox 1428 1911 1504 1947; x_wconf 72' lang='lat' dir='ltr'>«gat</span> 
     </span>
     <span class='ocr_line' id='line_1_25' title="bbox 46 1951 1506 1995; baseline -0.003 -10"><span class='ocrx_word' id='word_1_175' title='bbox 46 1955 136 1986; x_wconf 82' lang='lat' dir='ltr'>velut</span> <span class='ocrx_word' id='word_1_176' title='bbox 151 1955 252 1985; x_wconf 84' lang='lat' dir='ltr'>sinum</span> <span class='ocrx_word' id='word_1_177' title='bbox 272 1952 536 1995; x_wconf 75' lang='lat' dir='ltr'>reciprocantem?</span> <span class='ocrx_word' id='word_1_178' title='bbox 582 1954 706 1985; x_wconf 88' lang='lat' dir='ltr'>Annon</span> <span class='ocrx_word' id='word_1_179' title='bbox 724 1953 859 1994; x_wconf 80' lang='lat' dir='ltr'>aspicis,</span> <span class='ocrx_word' id='word_1_180' title='bbox 874 1956 909 1984; x_wconf 84' lang='lat' dir='ltr'>ut</span> <span class='ocrx_word' id='word_1_181' title='bbox 934 1952 1001 1983; x_wconf 83' lang='lat' dir='ltr'>Iris</span> <span class='ocrx_word' id='word_1_182' title='bbox 1023 1952 1151 1983; x_wconf 72' lang='lat' dir='ltr'>humida</span> <span class='ocrx_word' id='word_1_183' title='bbox 1178 1951 1391 1991; x_wconf 79' lang='lat' dir='ltr'>distinguatur</span> <span class='ocrx_word' id='word_1_184' title='bbox 1405 1951 1506 1982; x_wconf 76' lang='lat' dir='ltr'>radiis</span> 
     </span>
    </p>
   </div>
   <div class='ocr_carea' id='block_1_12' title="bbox 656 2037 888 2049">
    <p class='ocr_par' dir='ltr' id='par_1_14' title="bbox 656 2037 888 2049">
     <span class='ocr_line' id='line_1_26' title="bbox 656 2037 888 2049; baseline -0.004 0"><span class='ocrx_word' id='word_1_185' title='bbox 656 2039 693 2049; x_wconf 64' lang='grc' dir='ltr'><strong>Ν</strong></span> <span class='ocrx_word' id='word_1_186' title='bbox 697 2037 888 2049; x_wconf 62' lang='lat' dir='ltr'>eeeeeeeeee</span> 
     </span>
    </p>
   </div>
   <div class='ocr_carea' id='block_1_13' title="bbox 43 2087 1504 2430">
    <p class='ocr_par' dir='ltr' id='par_1_15' title="bbox 43 2087 1504 2430">
     <span class='ocr_line' id='line_1_27' title="bbox 87 2087 1501 2123; baseline -0.002 -1"><span class='ocrx_word' id='word_1_187' title='bbox 87 2095 102 2123; x_wconf 95' lang='grc'><strong>1</strong></span> <span class='ocrx_word' id='word_1_188' title='bbox 128 2091 272 2122; x_wconf 78' lang='lat' dir='ltr'>immanis</span> <span class='ocrx_word' id='word_1_189' title='bbox 288 2092 380 2122; x_wconf 87' lang='lat' dir='ltr'>Rott.</span> <span class='ocrx_word' id='word_1_190' title='bbox 397 2092 429 2122; x_wconf 85' lang='lat' dir='ltr'>in</span> <span class='ocrx_word' id='word_1_191' title='bbox 445 2092 543 2122; x_wconf 79' lang='lat' dir='ltr'>muris</span> <span class='ocrx_word' id='word_1_192' title='bbox 559 2092 611 2122; x_wconf 79' lang='lat' dir='ltr'>vel</span> <span class='ocrx_word' id='word_1_193' title='bbox 626 2090 772 2122; x_wconf 76' lang='lat' dir='ltr'>immunis</span> <span class='ocrx_word' id='word_1_194' title='bbox 792 2090 920 2121; x_wconf 80' lang='lat' dir='ltr'>Buslid.</span> <span class='ocrx_word' id='word_1_195' title='bbox 943 2100 1078 2121; x_wconf 67' lang='lat' dir='ltr'>connexo</span> <span class='ocrx_word' id='word_1_196' title='bbox 1095 2088 1174 2120; x_wconf 65' lang='lat' dir='ltr'>vat.</span> <span class='ocrx_word' id='word_1_197' title='bbox 1190 2097 1258 2119; x_wconf 85' lang='lat' dir='ltr'>sec.</span> <span class='ocrx_word' id='word_1_198' title='bbox 1282 2098 1416 2119; x_wconf 75' lang='lat' dir='ltr'>com-exo</span> <span class='ocrx_word' id='word_1_199' title='bbox 1434 2087 1454 2120; x_wconf 80' lang='lat' dir='ltr'>i.</span> <span class='ocrx_word' id='word_1_200' title='bbox 1469 2097 1501 2119; x_wconf 89' lang='lat' dir='ltr'>e.</span> 
     </span>
     <span class='ocr_line' id='line_1_28' title="bbox 43 2130 1503 2174; baseline -0.003 -8"><span class='ocrx_word' id='word_1_201' title='bbox 43 2136 170 2166; x_wconf 81' lang='lat' dir='ltr'>rotundo</span> <span class='ocrx_word' id='word_1_202' title='bbox 189 2135 395 2174; x_wconf 77' lang='lat' dir='ltr'>ascripserat</span> <span class='ocrx_word' id='word_1_203' title='bbox 413 2134 595 2165; x_wconf 61' lang='lat' dir='ltr'>Heius—2</span> <span class='ocrx_word' id='word_1_204' title='bbox 631 2135 834 2173; x_wconf 73' lang='lat' dir='ltr'>Dur-utusque</span> <span class='ocrx_word' id='word_1_205' title='bbox 850 2134 1001 2164; x_wconf 86' lang='lat' dir='ltr'>Florent.</span> <span class='ocrx_word' id='word_1_206' title='bbox 1031 2132 1171 2172; x_wconf 70' lang='lat' dir='ltr'>aperitur</span> <span class='ocrx_word' id='word_1_207' title='bbox 1199 2131 1274 2162; x_wconf 86' lang='lat' dir='ltr'>Pal.</span> <span class='ocrx_word' id='word_1_208' title='bbox 1303 2130 1408 2161; x_wconf 84' lang='lat' dir='ltr'>Hafn.</span> <span class='ocrx_word' id='word_1_209' title='bbox 1427 2131 1503 2161; x_wconf 87' lang='lat' dir='ltr'>Flo-</span> 
     </span>
     <span class='ocr_line' id='line_1_29' title="bbox 45 2173 1504 2215; baseline -0.003 -7"><span class='ocrx_word' id='word_1_210' title='bbox 45 2182 130 2209; x_wconf 87' lang='lat' dir='ltr'>rent.</span> <span class='ocrx_word' id='word_1_211' title='bbox 146 2177 241 2208; x_wconf 80' lang='lat' dir='ltr'>Med.</span> <span class='ocrx_word' id='word_1_212' title='bbox 260 2186 326 2207; x_wconf 83' lang='lat' dir='ltr'>sec.</span> <span class='ocrx_word' id='word_1_213' title='bbox 343 2177 537 2207; x_wconf 70' lang='lat' dir='ltr'>anlid.—3</span> <span class='ocrx_word' id='word_1_214' title='bbox 572 2186 641 2207; x_wconf 87' lang='lat' dir='ltr'>cum</span> <span class='ocrx_word' id='word_1_215' title='bbox 662 2179 779 2215; x_wconf 79' lang='lat' dir='ltr'>spumet</span> <span class='ocrx_word' id='word_1_216' title='bbox 797 2175 934 2205; x_wconf 62' lang='lat' dir='ltr'>pat—4</span> <span class='ocrx_word' id='word_1_217' title='bbox 963 2176 1004 2205; x_wconf 68' lang='lat' dir='ltr'>st</span> <span class='ocrx_word' id='word_1_218' title='bbox 1024 2174 1133 2214; x_wconf 85' lang='lat' dir='ltr'>refluos</span> <span class='ocrx_word' id='word_1_219' title='bbox 1149 2174 1215 2204; x_wconf 90' lang='lat' dir='ltr'>inc.</span> <span class='ocrx_word' id='word_1_220' title='bbox 1235 2173 1354 2204; x_wconf 78' lang='lat' dir='ltr'>Heius.</span> <span class='ocrx_word' id='word_1_221' title='bbox 1388 2173 1504 2213; x_wconf 74' lang='lat' dir='ltr'>refluus</span> 
     </span>
     <span class='ocr_line' id='line_1_30' title="bbox 43 2215 1502 2259; baseline -0.003 -8"><span class='ocrx_word' id='word_1_222' title='bbox 43 2221 132 2251; x_wconf 79' lang='lat' dir='ltr'>ducat</span> <span class='ocrx_word' id='word_1_223' title='bbox 150 2219 242 2250; x_wconf 80' lang='lat' dir='ltr'>Med.</span> <span class='ocrx_word' id='word_1_224' title='bbox 260 2229 327 2249; x_wconf 81' lang='lat' dir='ltr'>soc.</span> <span class='ocrx_word' id='word_1_225' title='bbox 349 2221 457 2259; x_wconf 82' lang='lat' dir='ltr'>pocula</span> <span class='ocrx_word' id='word_1_226' title='bbox 472 2220 557 2249; x_wconf 78' lang='lat' dir='ltr'>nulla</span> <span class='ocrx_word' id='word_1_227' title='bbox 574 2218 651 2249; x_wconf 73' lang='grc' dir='ltr'>ΑΜ.</span> <span class='ocrx_word' id='word_1_228' title='bbox 675 2217 747 2248; x_wconf 72' lang='lat' dir='ltr'>rina</span> <span class='ocrx_word' id='word_1_229' title='bbox 764 2218 914 2248; x_wconf 89' lang='lat' dir='ltr'>Florent.</span> <span class='ocrx_word' id='word_1_230' title='bbox 933 2217 1026 2248; x_wconf 82' lang='lat' dir='ltr'>Med.</span> <span class='ocrx_word' id='word_1_231' title='bbox 1045 2226 1113 2247; x_wconf 82' lang='lat' dir='ltr'>sec.</span> <span class='ocrx_word' id='word_1_232' title='bbox 1133 2217 1213 2247; x_wconf 83' lang='lat' dir='ltr'>l&#39;ut.</span> <span class='ocrx_word' id='word_1_233' title='bbox 1231 2216 1342 2246; x_wconf 84' lang='lat' dir='ltr'>Oxon.</span> <span class='ocrx_word' id='word_1_234' title='bbox 1359 2225 1427 2247; x_wconf 87' lang='lat' dir='ltr'>sec.</span> <span class='ocrx_word' id='word_1_235' title='bbox 1445 2215 1502 2247; x_wconf 89' lang='lat' dir='ltr'>ed.</span> 
     </span>
     <span class='ocr_line' id='line_1_31' title="bbox 44 2258 1501 2293; baseline -0.001 -1"><span class='ocrx_word' id='word_1_236' title='bbox 44 2262 154 2293; x_wconf 85' lang='lat' dir='ltr'>Parm.</span> <span class='ocrx_word' id='word_1_237' title='bbox 178 2263 248 2292; x_wconf 73' lang='lat' dir='ltr'>riva</span> <span class='ocrx_word' id='word_1_238' title='bbox 265 2262 331 2292; x_wconf 88' lang='lat' dir='ltr'>duo</span> <span class='ocrx_word' id='word_1_239' title='bbox 350 2261 443 2292; x_wconf 84' lang='lat' dir='ltr'>Med.</span> <span class='ocrx_word' id='word_1_240' title='bbox 460 2262 526 2292; x_wconf 85' lang='lat' dir='ltr'>inc.</span> <span class='ocrx_word' id='word_1_241' title='bbox 548 2261 666 2292; x_wconf 81' lang='lat' dir='ltr'>Heius.</span> <span class='ocrx_word' id='word_1_242' title='bbox 684 2261 814 2290; x_wconf 78' lang='lat' dir='ltr'>ssonon.</span> <span class='ocrx_word' id='word_1_243' title='bbox 831 2260 898 2289; x_wconf 88' lang='lat' dir='ltr'>dno</span> <span class='ocrx_word' id='word_1_244' title='bbox 924 2261 1045 2290; x_wconf 86' lang='lat' dir='ltr'>Petav.</span> <span class='ocrx_word' id='word_1_245' title='bbox 1078 2259 1219 2290; x_wconf 79' lang='lat' dir='ltr'>totidem</span> <span class='ocrx_word' id='word_1_246' title='bbox 1236 2258 1354 2289; x_wconf 87' lang='lat' dir='ltr'>Ambr.</span> <span class='ocrx_word' id='word_1_247' title='bbox 1372 2258 1501 2290; x_wconf 75' lang='lat' dir='ltr'>Moret-</span> 
     </span>
     <span class='ocr_line' id='line_1_32' title="bbox 46 2301 1502 2344; baseline -0.001 -9"><span class='ocrx_word' id='word_1_248' title='bbox 46 2314 94 2344; x_wconf 84' lang='lat' dir='ltr'>pr.</span> <span class='ocrx_word' id='word_1_249' title='bbox 110 2304 240 2335; x_wconf 75' lang='lat' dir='ltr'>anlid.</span> <span class='ocrx_word' id='word_1_250' title='bbox 259 2309 326 2335; x_wconf 87' lang='lat' dir='ltr'>vet.</span> <span class='ocrx_word' id='word_1_251' title='bbox 344 2304 429 2344; x_wconf 75' lang='lat' dir='ltr'>Gyr.</span> <span class='ocrx_word' id='word_1_252' title='bbox 448 2305 526 2334; x_wconf 83' lang='lat' dir='ltr'>Vat.</span> <span class='ocrx_word' id='word_1_253' title='bbox 544 2304 654 2334; x_wconf 88' lang='lat' dir='ltr'>Livin.</span> <span class='ocrx_word' id='word_1_254' title='bbox 672 2302 755 2334; x_wconf 84' lang='lat' dir='ltr'>eod.</span> <span class='ocrx_word' id='word_1_255' title='bbox 772 2303 890 2342; x_wconf 76' lang='lat' dir='ltr'>Epigr.</span> <span class='ocrx_word' id='word_1_256' title='bbox 919 2301 1035 2333; x_wconf 85' lang='lat' dir='ltr'>Ambr.</span> <span class='ocrx_word' id='word_1_257' title='bbox 1052 2303 1134 2332; x_wconf 81' lang='lat' dir='ltr'>Exc.</span> <span class='ocrx_word' id='word_1_258' title='bbox 1152 2302 1295 2331; x_wconf 84' lang='lat' dir='ltr'>Lucens.</span> <span class='ocrx_word' id='word_1_259' title='bbox 1313 2310 1362 2340; x_wconf 82' lang='lat' dir='ltr'>pr.</span> <span class='ocrx_word' id='word_1_260' title='bbox 1380 2301 1502 2333; x_wconf 79' lang='lat' dir='ltr'>Sched.</span> 
     </span>
     <span class='ocr_line' id='line_1_33' title="bbox 45 2343 1500 2385; baseline -0.002 -8"><span class='ocrx_word' id='word_1_261' title='bbox 45 2347 132 2378; x_wconf 85' lang='lat' dir='ltr'>Gud.</span> <span class='ocrx_word' id='word_1_262' title='bbox 147 2348 228 2377; x_wconf 86' lang='lat' dir='ltr'>Var.</span> <span class='ocrx_word' id='word_1_263' title='bbox 246 2348 313 2377; x_wconf 88' lang='lat' dir='ltr'>LL.</span> <span class='ocrx_word' id='word_1_264' title='bbox 330 2346 383 2377; x_wconf 89' lang='lat' dir='ltr'>ed.</span> <span class='ocrx_word' id='word_1_265' title='bbox 402 2346 568 2377; x_wconf 67' lang='lat' dir='ltr'>Antv.—5</span> <span class='ocrx_word' id='word_1_266' title='bbox 610 2346 759 2385; x_wconf 77' lang='lat' dir='ltr'>Umluque</span> <span class='ocrx_word' id='word_1_267' title='bbox 788 2345 860 2375; x_wconf 83' lang='lat' dir='ltr'><strong>Pal.</strong></span> <span class='ocrx_word' id='word_1_268' title='bbox 888 2345 1039 2375; x_wconf 84' lang='lat' dir='ltr'>Florent.</span> <span class='ocrx_word' id='word_1_269' title='bbox 1059 2350 1129 2374; x_wconf 83' lang='lat' dir='ltr'>tres</span> <span class='ocrx_word' id='word_1_270' title='bbox 1145 2344 1239 2374; x_wconf 81' lang='lat' dir='ltr'>Med.</span> <span class='ocrx_word' id='word_1_271' title='bbox 1267 2343 1346 2374; x_wconf 83' lang='lat' dir='ltr'>Put.</span> <span class='ocrx_word' id='word_1_272' title='bbox 1376 2343 1500 2374; x_wconf 83' lang='lat' dir='ltr'>Petav.</span> 
     </span>
     <span class='ocr_line' id='line_1_34' title="bbox 45 2386 1500 2430; baseline -0.003 -10"><span class='ocrx_word' id='word_1_273' title='bbox 45 2398 110 2422; x_wconf 85' lang='lat' dir='ltr'>sec.</span> <span class='ocrx_word' id='word_1_274' title='bbox 125 2390 256 2421; x_wconf 89' lang='lat' dir='ltr'>Bonon.</span> <span class='ocrx_word' id='word_1_275' title='bbox 273 2388 392 2422; x_wconf 84' lang='lat' dir='ltr'>Ambr.</span> <span class='ocrx_word' id='word_1_276' title='bbox 416 2392 531 2430; x_wconf 85' lang='lat' dir='ltr'>pr.—6</span> <span class='ocrx_word' id='word_1_277' title='bbox 554 2389 690 2420; x_wconf 81' lang='lat' dir='ltr'>Secretis</span> <span class='ocrx_word' id='word_1_278' title='bbox 717 2387 813 2418; x_wconf 88' lang='lat' dir='ltr'>Med.</span> <span class='ocrx_word' id='word_1_279' title='bbox 839 2397 906 2419; x_wconf 89' lang='lat' dir='ltr'>sec.</span> <span class='ocrx_word' id='word_1_280' title='bbox 929 2388 1026 2418; x_wconf 82' lang='lat' dir='ltr'>lu&#39;eme</span> <span class='ocrx_word' id='word_1_281' title='bbox 1041 2386 1227 2417; x_wconf 79' lang='lat' dir='ltr'>sollicitante</span> <span class='ocrx_word' id='word_1_282' title='bbox 1242 2386 1308 2416; x_wconf 84' lang='lat' dir='ltr'>dies</span> <span class='ocrx_word' id='word_1_283' title='bbox 1326 2386 1409 2416; x_wconf 84' lang='lat' dir='ltr'>Exc.</span> <span class='ocrx_word' id='word_1_284' title='bbox 1435 2387 1500 2417; x_wconf 85' lang='lat' dir='ltr'>Lu·</span> 
     </span>
    </p>
   </div>
   <div class='ocr_carea' id='block_1_14' title="bbox 700 2483 839 2516">
    <p class='ocr_par' dir='ltr' id='par_1_16' title="bbox 700 2483 839 2516">
     <span class='ocr_line' id='line_1_35' title="bbox 700 2483 839 2516; baseline -0.007 -1"><span class='ocrx_word' id='word_1_285' title='bbox 700 2483 839 2516; x_wconf 87' lang='lat' dir='ltr'>NOTAE</span> 
     </span>
    </p>
   </div>
   <div class='ocr_carea' id='block_1_15' title="bbox 44 2557 1500 2850">
    <p class='ocr_par' dir='ltr' id='par_1_17' title="bbox 44 2557 1500 2850">
     <span class='ocr_line' id='line_1_36' title="bbox 86 2557 1500 2598; baseline -0.001 -10"><span class='ocrx_word' id='word_1_286' title='bbox 86 2559 103 2588; x_wconf 92' lang='lat'>1</span> <span class='ocrx_word' id='word_1_287' title='bbox 127 2557 291 2597; x_wconf 70' lang='lat' dir='ltr'>Immanis]</span> <span class='ocrx_word' id='word_1_288' title='bbox 316 2557 433 2597; x_wconf 80' lang='lat' dir='ltr'>Rivus,</span> <span class='ocrx_word' id='word_1_289' title='bbox 451 2558 506 2588; x_wconf 88' lang='lat' dir='ltr'>vel</span> <span class='ocrx_word' id='word_1_290' title='bbox 525 2557 586 2588; x_wconf 86' lang='lat' dir='ltr'>rivi</span> <span class='ocrx_word' id='word_1_291' title='bbox 609 2557 741 2598; x_wconf 83' lang='lat' dir='ltr'>species</span> <span class='ocrx_word' id='word_1_292' title='bbox 840 2559 958 2589; x_wconf 86' lang='lat' dir='ltr'>Pocula</span> <span class='ocrx_word' id='word_1_293' title='bbox 985 2557 1070 2597; x_wconf 78' lang='lat' dir='ltr'>viva]</span> <span class='ocrx_word' id='word_1_294' title='bbox 1107 2557 1298 2596; x_wconf 81' lang='lat' dir='ltr'>Naturalia,</span> <span class='ocrx_word' id='word_1_295' title='bbox 1328 2565 1394 2587; x_wconf 89' lang='lat' dir='ltr'>non</span> <span class='ocrx_word' id='word_1_296' title='bbox 1425 2559 1500 2586; x_wconf 85' lang='lat' dir='ltr'>arte</span> 
     </span>
     <span class='ocr_line' id='line_1_37' title="bbox 45 2607 1498 2648; baseline -0.003 -10"><span class='ocrx_word' id='word_1_297' title='bbox 45 2607 136 2638; x_wconf 86' lang='lat' dir='ltr'>nulla</span> <span class='ocrx_word' id='word_1_298' title='bbox 152 2617 187 2638; x_wconf 87' lang='lat' dir='ltr'>re</span> <span class='ocrx_word' id='word_1_299' title='bbox 205 2608 379 2648; x_wconf 85' lang='lat' dir='ltr'>impedita.</span> <span class='ocrx_word' id='word_1_300' title='bbox 795 2608 896 2639; x_wconf 83' lang='lat' dir='ltr'>facta.</span> <span class='ocrx_word' id='word_1_301' title='bbox 935 2609 1050 2639; x_wconf 69' lang='lat' dir='ltr'>Pocula</span> <span class='ocrx_word' id='word_1_302' title='bbox 1078 2613 1192 2645; x_wconf 83' lang='lat' dir='ltr'>vocat,</span> <span class='ocrx_word' id='word_1_303' title='bbox 1218 2607 1296 2646; x_wconf 83' lang='lat' dir='ltr'>qnia</span> <span class='ocrx_word' id='word_1_304' title='bbox 1323 2607 1498 2636; x_wconf 85' lang='lat' dir='ltr'>humorem</span> 
     </span>
     <span class='ocr_line' id='line_1_38' title="bbox 86 2653 1498 2700; baseline -0.004 -12"><span class='ocrx_word' id='word_1_305' title='bbox 86 2660 107 2688; x_wconf 83' lang='grc'>4</span> <span class='ocrx_word' id='word_1_306' title='bbox 131 2657 267 2698; x_wconf 81' lang='lat' dir='ltr'>Refluus]</span> <span class='ocrx_word' id='word_1_307' title='bbox 295 2659 382 2691; x_wconf 80' lang='lat' dir='ltr'>Quia</span> <span class='ocrx_word' id='word_1_308' title='bbox 397 2669 484 2700; x_wconf 86' lang='lat' dir='ltr'>aqua</span> <span class='ocrx_word' id='word_1_309' title='bbox 501 2659 557 2689; x_wconf 78' lang='lat' dir='ltr'>ina</span> <span class='ocrx_word' id='word_1_310' title='bbox 571 2662 629 2689; x_wconf 79' lang='lat' dir='ltr'>aut</span> <span class='ocrx_word' id='word_1_311' title='bbox 644 2668 740 2699; x_wconf 85' lang='lat' dir='ltr'>aquae</span> <span class='ocrx_word' id='word_1_312' title='bbox 798 2659 889 2688; x_wconf 85' lang='lat' dir='ltr'>intus</span> <span class='ocrx_word' id='word_1_313' title='bbox 914 2658 1051 2696; x_wconf 86' lang='lat' dir='ltr'>habent,</span> <span class='ocrx_word' id='word_1_314' title='bbox 1074 2663 1132 2688; x_wconf 86' lang='lat' dir='ltr'>aut</span> <span class='ocrx_word' id='word_1_315' title='bbox 1155 2658 1273 2687; x_wconf 70' lang='lat' dir='ltr'>saltem</span> <span class='ocrx_word' id='word_1_316' title='bbox 1301 2656 1426 2685; x_wconf 82' lang='lat' dir='ltr'>habere</span> <span class='ocrx_word' id='word_1_317' title='bbox 1454 2653 1498 2684; x_wconf 89' lang='lat' dir='ltr'>vi-</span> 
     </span>
     <span class='ocr_line' id='line_1_39' title="bbox 44 2702 1496 2749; baseline -0.005 -10"><span class='ocrx_word' id='word_1_318' title='bbox 44 2707 177 2747; x_wconf 69' lang='lat' dir='ltr'>npecies</span> <span class='ocrx_word' id='word_1_319' title='bbox 199 2708 230 2737; x_wconf 87' lang='lat' dir='ltr'>in</span> <span class='ocrx_word' id='word_1_320' title='bbox 254 2710 414 2748; x_wconf 80' lang='lat' dir='ltr'>crystallo</span> <span class='ocrx_word' id='word_1_321' title='bbox 434 2719 495 2749; x_wconf 89' lang='lat' dir='ltr'>pro</span> <span class='ocrx_word' id='word_1_322' title='bbox 520 2709 620 2740; x_wconf 86' lang='lat' dir='ltr'>variis</span> <span class='ocrx_word' id='word_1_323' title='bbox 643 2709 740 2740; x_wconf 88' lang='lat' dir='ltr'>moti-</span> <span class='ocrx_word' id='word_1_324' title='bbox 798 2709 935 2739; x_wconf 82' lang='lat' dir='ltr'>deutur.</span> <span class='ocrx_word' id='word_1_325' title='bbox 972 2709 1070 2739; x_wconf 87' lang='lat' dir='ltr'>Unde</span> <span class='ocrx_word' id='word_1_326' title='bbox 1084 2718 1160 2739; x_wconf 88' lang='lat' dir='ltr'>cum</span> <span class='ocrx_word' id='word_1_327' title='bbox 1176 2707 1270 2747; x_wconf 81' lang='lat' dir='ltr'>pueri</span> <span class='ocrx_word' id='word_1_328' title='bbox 1287 2706 1416 2743; x_wconf 78' lang='lat' dir='ltr'>bibunt,</span> <span class='ocrx_word' id='word_1_329' title='bbox 1429 2702 1496 2733; x_wconf 85' lang='lat' dir='ltr'>rati</span> 
     </span>
     <span class='ocr_line' id='line_1_40' title="bbox 45 2755 1496 2799; baseline -0.004 -11"><span class='ocrx_word' id='word_1_330' title='bbox 45 2757 104 2788; x_wconf 78' lang='lat' dir='ltr'>bus</span> <span class='ocrx_word' id='word_1_331' title='bbox 119 2756 224 2788; x_wconf 83' lang='lat' dir='ltr'>fluere</span> <span class='ocrx_word' id='word_1_332' title='bbox 241 2767 279 2788; x_wconf 90' lang='lat' dir='ltr'>ac</span> <span class='ocrx_word' id='word_1_333' title='bbox 295 2758 439 2790; x_wconf 85' lang='lat' dir='ltr'>refluere</span> <span class='ocrx_word' id='word_1_334' title='bbox 455 2760 601 2792; x_wconf 82' lang='lat' dir='ltr'>videtur.</span> <span class='ocrx_word' id='word_1_335' title='bbox 794 2768 916 2799; x_wconf 83' lang='lat' dir='ltr'>aquam</span> <span class='ocrx_word' id='word_1_336' title='bbox 932 2768 1006 2790; x_wconf 85' lang='lat' dir='ltr'>esse</span> <span class='ocrx_word' id='word_1_337' title='bbox 1028 2758 1061 2789; x_wconf 90' lang='lat' dir='ltr'>in</span> <span class='ocrx_word' id='word_1_338' title='bbox 1077 2757 1182 2788; x_wconf 86' lang='lat' dir='ltr'>fundo</span> <span class='ocrx_word' id='word_1_339' title='bbox 1196 2755 1378 2790; x_wconf 83' lang='lat' dir='ltr'>residuam,</span> <span class='ocrx_word' id='word_1_340' title='bbox 1401 2757 1496 2791; x_wconf 86' lang='lat' dir='ltr'>patc-</span> 
     </span>
     <span class='ocr_line' id='line_1_41' title="bbox 130 2804 1410 2850; baseline 0.002 -9"><span class='ocrx_word' id='word_1_341' title='bbox 130 2809 244 2850; x_wconf 75' lang='lat' dir='ltr'>Delph.</span> <span class='ocrx_word' id='word_1_342' title='bbox 258 2813 288 2840; x_wconf 81' lang='lat' dir='ltr'>et</span> <span class='ocrx_word' id='word_1_343' title='bbox 309 2810 383 2841; x_wconf 83' lang='lat' dir='ltr'>Var.</span> <span class='ocrx_word' id='word_1_344' title='bbox 400 2812 486 2843; x_wconf 78' lang='lat' dir='ltr'>Clas.</span> <span class='ocrx_word' id='word_1_345' title='bbox 717 2811 833 2842; x_wconf 75' lang='lat' dir='ltr'>Claud.</span> <span class='ocrx_word' id='word_1_346' title='bbox 1344 2807 1365 2836; x_wconf 78' lang='grc'>4</span> <span class='ocrx_word' id='word_1_347' title='bbox 1382 2804 1410 2836; x_wconf 79' lang='lat' dir='ltr'>C</span> 
     </span>
    </p>
   </div>
  </div>
 </body>
</html>
