1852 3182
679 184 1015 216 FESCENNINA.

115 290 285 312 mansura.
309 280 407 310 Idem.

160 333 199 362 18
227 331 304 362 Tam
310 329 432 368 junctis
447 327 601 368 manibus]
623 328 710 360 Tam
727 332 824 361 arcta

115 381 251 422 copula.
275 380 374 412 Idem.

158 434 199 463 19
223 429 345 470 Edera]
376 429 463 462 Quae
489 429 523 460 iu
550 429 746 469 exemplum
765 429 823 461 du·

113 480 205 513 citur
216 480 348 511 strictae
364 479 581 520 alligationis.
605 478 705 509 Idem.

156 533 197 562 21
224 530 364 566 Querula
376 529 469 570 alite]
500 528 698 561 Columbam
716 528 821 560 dicit:

113 580 212 621 cujus
232 580 268 612 in
284 580 384 611 rebus
410 589 561 611 amorum
585 580 710 611 crebra
730 589 822 610 men-

113 630 175 670 tio,
201 630 244 662 ob
269 630 540 671 simplicitatem,
561 631 772 671 castitatem,
788 636 823 662 et

111 682 343 714 constantiam
356 682 549 713 dilectionis
560 686 701 723 mutuae,
716 683 821 714 inhoc

110 741 237 773 genere
255 732 327 763 avis
351 737 575 764 contestatas.
621 733 690 764 Hic
711 733 753 764 de
771 743 820 764 os-

111 782 197 813 culis
214 785 250 813 et
267 782 427 814 suavibus
451 783 818 814 admurmurationibus

110 832 217 863 solum
248 842 358 863 sermo
389 837 453 865 est.
510 833 640 864 Eodem
669 833 820 873 pertinet

110 892 229 914 versus
246 884 366 923 optimi
381 884 528 914 auctoris
547 884 660 923 prisci,
672 884 734 914 Cn.
746 884 820 914 Ma·

109 933 171 964 tii:
209 934 218 950 ‘
238 933 539 974 Columbatimque
579 933 676 963 labra
705 943 819 964 conse-

111 981 330 1014 renslabris!
378 984 470 1014 Hinc
499 988 612 1014 autem
639 983 819 1024 columbari,

112 1042 172 1073 pro
196 1033 320 1064 labella
345 1034 574 1064 columbarum
591 1043 684 1064 more
701 1043 817 1064 conse-

111 1091 201 1113 rere.
225 1083 322 1113 Idem.

153 1134 195 1163 22
217 1132 352 1171 Linguis
367 1132 488 1163 assidue
503 1133 639 1174 reddite]
674 1134 816 1174 Linguae

110 1191 177 1213 non
194 1183 313 1214 otiosae
331 1183 365 1213 in
380 1182 431 1213 his
449 1182 588 1214 Amoris
604 1183 817 1215 colluctatio·

110 1232 219 1264 nibus.
243 1233 341 1264 Idem.

153 1282 288 1322 Linguis
303 1283 426 1314 assidue
442 1283 561 1314 reddite
576 1283 707 1324 mutuis]
732 1283 819 1315 Assi-

108 1334 168 1364 ‹luo
195 1334 315 1374 scripti
346 1333 510 1375 plerique.
543 1334 654 1364 malini
680 1335 817 1366 assidui:

110 1388 149 1415 ut
176 1384 341 1415 meons.
359 1384 451 1415 Hon.
481 1386 489 1401 ‘
510 1385 560 1415 Sis
588 1394 711 1425 precor
736 1385 818 1415 assi-

109 1434 195 1464 duus
212 1434 336 1465 Consul
352 1434 372 1465 :’
397 1439 500 1476 atque
527 1435 575 1465 ita
602 1435 727 1475 primus
753 1435 817 1466 Va-

110 1483 214 1514 tican.
244 1488 278 1514 et
310 1485 448 1515 Fames.
483 1484 534 1515 Cl.
563 1485 756 1516 Gronovius
784 1486 816 1516 in

110 1533 434 1573 Observationibus‚
473 1537 481 1551 ‘
501 1535 640 1566 assiduis
682 1536 816 1567 reddite

108 1585 216 1616 mutui
230 1585 251 1616 :'
282 1585 451 1626 quomodo
479 1596 520 1616 ex
549 1588 671 1617 nostris
700 1587 815 1619 Junia-

109 1644 191 1666 nus:
215 1635 366 1676 quinque
391 1636 460 1676 alii,
486 1637 494 1652 ‘
513 1636 656 1667 assiduis
680 1636 816 1667 reddite

108 1684 260 1724 mutuis‚'
291 1686 445 1726 proxime
475 1686 711 1726 conjecturam
743 1697 817 1717 nos-

108 1739 214 1767 tram:
240 1745 301 1776 pro
326 1737 443 1767 mutuis
469 1742 601 1777 septem
619 1737 720 1767 etiam
738 1747 815 1768 nun-

107 1786 181 1816 ciis:
206 1795 270 1817 non
287 1787 385 1817 male.
430 1787 594 1828 Sequenti
625 1796 724 1818 versu
749 1789 816 1818 ani-

109 1846 190 1867 mam
209 1846 270 1877 pro
295 1837 431 1868 animum
454 1842 547 1868 recte
570 1838 658 1868 idem
684 1838 815 1869 Grono-

106 1886 204 1917 vius:
231 1886 307 1917 vide
324 1891 422 1917 notas
447 1887 488 1917 ad
514 1888 662 1928 Epithal.
680 1889 815 1921 Pallad.

110 1946 158 1967 vs.
177 1938 250 1966 132.
275 1935 318 1967 D.
331 1937 444 1967 Heius.

151 1989 193 2017 23
216 1986 366 2018 Animum
381 1988 632 2028 conciliantibus]
666 1989 815 2029 Epithal.

110 2037 276 2069 Palladii:
314 2038 323 2054 ⁶
343 2037 470 2068 Oscula
502 2039 591 2069 mille
618 2045 750 2078 sonent,
778 2041 815 2071 li-

108 2092 251 2119 vescant
278 2087 419 2118 brachia
445 2098 547 2128 nexu,
571 2090 681 2121 Labra
707 2091 816 2132 ligent

109 2138 260 2171 animos!
305 2139 381 2169 Tria
410 2139 441 2169 in
470 2149 526 2170 ore
544 2141 709 2172 amatorio
727 2152 815 2173 com-

105 2189 326 2230 mendantur,
364 2189 511 2231 ἀναπνοὴ,
548 2190 645 2230 φωνὴ,
681 2191 814 2231 φίλημα.

115 2240 228 2272 Barth.

151 2292 193 2321 27
231 2291 323 2321 Alter
349 2290 510 2330 virgineus
539 2291 681 2323 nobilitet
712 2293 814 2333 cruor]

110 2340 202 2372 Cave
228 2350 305 2372 cum
333 2341 405 2372 viro
436 2342 538 2373 docto
566 2344 628 2374 alte
657 2353 813 2384 reponas.

1461 180 1574 222 1391

872 279 1060 320 Vulgatum
1079 283 1171 311 recte
1189 283 1304 311 tuetur
1329 281 1494 315 Bai-thius.
1530 285 1575 315 D.

874 331 988 362 Heius.

916 380 1008 412 Alter
1036 380 1211 421 virgineus]
1250 382 1376 412 Lanam
1403 381 1577 413 nobilitari

874 440 1035 471 purpurae
1050 432 1200 462 tinctura
1215 431 1308 463 clara
1321 441 1375 462 res
1392 435 1444 462 est
1462 441 1503 462 ex
1518 432 1577 463 im-

873 481 964 511 mani
1002 482 1126 521 pretio,
1156 486 1192 513 et
1231 483 1324 521 regia
1363 481 1577 522 omniumque

873 540 1001 562 summa
1017 531 1185 572 dignitate
1198 532 1271 572 ejus
1288 532 1422 563 coloris.
1446 532 1490 562 Et
1504 532 1577 563 haec

873 583 983 623 prima
1009 587 1060 614 est
1091 584 1252 614 nobilitas
1282 585 1353 615 sive
1385 584 1578 616 nobilitatio

873 637 992 664 stratae
1009 634 1042 664 in
1057 634 1145 664 lecto
1164 634 1255 673 regio
1271 644 1444 674 pnrpurae.
1488 634 1580 665 Alte-

872 693 945 715 ram
962 684 1185 725 supervenire
1206 685 1413 715 Claudianus
1431 684 1479 715 ait
1495 685 1580 716 tinc-

872 733 1012 773 tionem,
1027 734 1070 764 de
1087 733 1244 774 virginali
1263 735 1425 775 sanguine
1442 735 1578 775 Mariae,

865 783 939 823 jam
958 783 1144 824 Augustae:
1170 785 1265 825 cujus
1283 790 1454 816 servatum
1480 790 1578 817 tanto

872 843 994 875 sponso
1012 833 1130 865 florem
1159 835 1334 874 pudicitiae
1361 834 1422 866 hac
1446 837 1578 867 ratione

871 885 1088 915 commendat
1115 885 1236 916 Poe'ta.
1282 886 1343 916 Est
1367 892 1479 917 autem
1504 896 1579 917 san-

872 934 958 974 guis,
985 935 1042 975 qui
1065 935 1211 975 primum
1237 937 1392 976 sequitur
1421 936 1578 968 concubi-

871 990 954 1024 tum,
972 986 1075 1017 index
1097 987 1301 1026 virginitatis
1327 988 1450 1018 marito
1467 996 1579 1018 serva-

872 1039 928 1074 tae,
945 1036 1046 1066 etiam
1065 1036 1097 1066 in
1115 1036 1221 1066 sacris
1238 1037 1359 1068 literis.
1385 1037 1500 1068 Barth.

914 1089 955 1117 28
985 1086 1106 1126 Victor]
1130 1087 1235 1117 Velut
1249 1097 1370 1127 magna
1382 1089 1493 1129 aliqua
1509 1088 1578 1119 luc-

872 1141 907 1167 ta
924 1137 1090 1168 eluctata.
1136 1137 1314 1168 Madidum
1333 1144 1443 1169 torum
1461 1138 1505 1170 ob
1528 1149 1579 1170 su-

871 1186 987 1217 dorem
1005 1187 1090 1218 dicit
1107 1192 1272 1220 mutuum.
1297 1189 1395 1221 Idem.

913 1239 955 1267 29
980 1237 1135 1268 Nocturni
1159 1239 1286 1269 vulnera
1307 1239 1426 1279 proelii]
1462 1239 1494 1271 A
1522 1239 1578 1271 de-

869 1286 1032 1319 fendente
1061 1289 1206 1330 primurn
1232 1300 1451 1331 congressum
1475 1291 1578 1332 virgi-

871 1348 925 1370 ne.
963 1339 1137 1371 Catullus:
1163 1341 1171 1357 ‘
1188 1341 1313 1371 Dulcia
1329 1346 1506 1372 nocturnae
1523 1351 1575 1372 re-

870 1387 980 1419 ferens
1007 1390 1152 1431 vestigia
1175 1391 1270 1429 rime,
1296 1391 1382 1423 Quae
1404 1391 1447 1422 de
1475 1391 1576 1432 virgi-

870 1441 941 1472 neis
959 1448 1111 1481 gesserat
1130 1443 1281 1474 exuviis:
1303 1443 1401 1474 Idem.

913 1494 951 1522 31
974 1492 1075 1523 Turba
1091 1492 1247 1532 licentior]
1270 1493 1309 1524 In
1321 1494 1434 1534 jocos,
1452 1494 1573 1535 quibus

870 1542 1084 1573 Fescennina
1095 1548 1262 1584 constant,
1275 1545 1385 1584 palam
1399 1545 1572 1587 libereque

870 1591 1006 1624 effusos.
1031 1592 1129 1624 Idem.

911 1644 950 1672 33
964 1641 1078 1672 Ludite
1092 1642 1220 1682 milites]
1235 1644 1284 1674 Ut
1298 1644 1476 1683 praesente
1488 1654 1575 1675 sem-

867 1702 929 1733 per
945 1693 1095 1723 exercitu
1120 1693 1272 1733 loquitur
1287 1705 1293 1724 :
1319 1699 1354 1725 ct
1371 1694 1444 1735 quis
1461 1696 1570 1727 nescit

869 1743 999 1773 urbana
1016 1748 1130 1774 castra
1147 1743 1373 1784 Principum?
1408 1745 1506 1775 Idem.

910 1796 950 1824 35
979 1794 1101 1824 Insonet
1130 1793 1255 1833 axibus]
1294 1795 1384 1825 Divo
1415 1796 1501 1826 enim
1536 1801 1572 1828 et

866 1844 986 1875 Mundi
1003 1844 1158 1884 Principi
1174 1845 1294 1874 coelum
1313 1849 1347 1875 et
1371 1850 1495 1876 terram
1514 1856 1571 1886 ap-

866 1894 1028 1933 plaudere
1046 1898 1210 1925 autumat.
1245 1895 1335 1925 Illud
1353 1896 1405 1926 hic
1419 1896 1452 1927 in
1469 1895 1570 1928 finem

865 1944 982 1974 harum
1021 1943 1187 1982 0darum,
1217 1954 1415 1977 asseverare
1452 1947 1573 1986 ausim,

865 1995 991 2025 nullum
1010 1994 1149 2034 politius
1164 1999 1199 2025 et
1214 1996 1396 2035 gratiosius
1411 1996 1570 2037 Lyricum

866 2055 1002 2076 carmen
1022 2045 1064 2076 ab
1082 2045 1216 2076 Horatii
1230 2056 1334 2086 usque
1352 2057 1424 2077 aevo
1441 2046 1482 2077 ad
1496 2056 1571 2077 nos-

867 2101 954 2126 trum
968 2096 1178 2136 pervenisse,
1194 2106 1292 2137 quam
1309 2101 1388 2127 sunt
1404 2097 1475 2128 haec
1490 2097 1571 2127 Fes-

865 2147 1018 2177 cennina.
1044 2146 1139 2177 Idem.

909 2197 1034 2227 Insonet
1050 2195 1174 2236 axibus]
1201 2195 1322 2227 Intonet
1340 2205 1424 2227 unus
1442 2197 1568 2229 Medic.

842 2246 1125 2287 'quatuordecim
1165 2247 1299 2287 scripti,
1336 2247 1472 2279 auribus.
1521 2248 1567 2279 D.

866 2297 986 2328 Heins.
