1852 3182
595 228 979 260 EpicRAMMA'rA.
1401 224 1515 266 1155

59 327 147 369 Sed
166 340 249 369 non
269 325 496 377 Virgilius,
518 323 596 364 sed
614 336 699 364 non
723 328 905 365 accusat
928 323 1174 366 Homerus:
1457 328 1515 371 15

118 394 283 435 Neuter
304 394 416 432 enim
441 389 664 440 Quaestor,
686 403 855 444 pauper
874 394 1054 444 uterque
1070 390 1168 432 suit.

60 460 127 501 En
148 471 300 500 moveo
321 459 520 510 plausus,
537 470 588 496 en
609 457 800 510 pallidus
820 457 967 498 omnia
988 457 1145 497 laudo:

117 526 172 567 Et
193 527 357 566 clarum
379 528 529 577 repeto
549 530 701 578 terque
723 529 964 578 quaterque
986 523 1178 578 Sophos,

58 593 267 646 Ignoscat
286 591 488 645 placidus
511 591 700 640 tandem,
722 591 939 643 flatusque
954 592 1159 641 remittat,

113 659 169 700 Et
190 663 281 700 toto
301 660 453 700 reticet
473 659 688 712 quidlibet
708 671 805 699 ore:
838 658 999 711 placet.
1461 660 1517 703 20

55 801 176 832 asperos
198 795 278 822 ποια
290 793 444 823 censoriae.
489 792 533 822 Ae
547 802 605 823 non
626 792 782 832 Virgilius
795 793 903 832 arguit
917 802 984 830 me,
1006 802 1066 823 non
1084 792 1261 828 Homerus‚·
1282 790 1394 822 etenim
1410 795 1519 824 neuter

49 835 118 873 suit
133 838 275 874 quaestor,
297 838 423 874 uterque
450 845 566 875 pauper·
587 834 666 872 fuit.
715 837 796 866 Ecce
821 836 925 876 igitur
951 837 1053 866 excito
1079 835 1271 874 applausum,
1296 844 1362 865 ecce
1387 835 1517 866 timidus

54 878 189 918 praedico
204 881 314 907 cuncto
333 883 391 907 ma
406 887 509 917 opera,
533 881 561 907 et
587 888 657 908 roce
679 878 764 909 clara
788 882 892 918 repeto
915 881 964 908 ter
992 880 1021 907 ct
1051 880 1161 917 quater
1184 876 1311 916 Sophos.
1357 876 1516 908 Alethius

53 919 143 951 mitis
156 921 278 950 tandem
291 923 414 959 porcat,
431 924 460 950 et
478 920 596 951 minuat
612 920 787 961 superbiam
804 930 911 960 suam,
932 930 968 950 ac
983 920 1066 959 legat
1080 919 1181 951 buccis
1207 920 1326 960 inflatis
1349 919 1515 961 quidlibet.-

56 971 120 1003 ego
136 962 259 1001 dicam,
289 963 463 1003 Perpzacet.

669 1026 904 1038 eeeeeeeeeeee

57 1089 142 1123 Eae.
158 1090 304 1121 Lucem.
324 1092 462 1130 [ηπ-17
489 1090 566 1120 Cum
582 1099 683 1120 moveo
698 1090 778 1120 Vat.
800 1099 868 1121 sec.
893 1091 952 1121 Est
968 1100 1070 1121 moveo
1084 1091 1221 1130 plausus,
1236 1094 1281 1120 est
1308 1090 1388 1122 Vat.
1405 1094 1519 1132 quart.

55 1137 85 1165 et
108 1133 243 1173 pauidus
270 1133 348 1163 Vat.
377 1132 484 1163 Livin.
507 1142 545 1162 en
572 1132 712 1172 pallidus
740 1132 894 1163 Florent.
923 1138 993 1164 tres
1020 1133 1114 1164 Med.
1142 1133 1209 1163 inc.
1239 1132 1361 1164 Heins.
1388 1133 1519 1166 Bonon.

56 1175 177 1207 Ambr.
196 1180 274 1206 tert.
291 1175 418 1205 Moret.
438 1184 487 1214 pr.
513 1174 624 1206 Oxon.
642 1185 708 1206 sec.
734 1175 820 1206 Cod.
841 1176 955 1215 Epigr.
974 1175 1091 1206 Ambr.
1110 1176 1193 1206 Exc.
1211 1175 1354 1206 Lucens.
1370 1185 1423 1216 pr.
1436 1175 1518 1208 Ald.

55 1218 138 1249 Var.
160 1218 227 1248 LL.
248 1227 267 1248 e
289 1227 394 1257 marg.
423 1217 538 1247 Parm.
564 1222 597 1247 et
626 1217 678 1248 ed.
710 1216 900 1249 Antv.——18
924 1219 1041 1258 Sophos
1058 1218 1139 1248 Vat.
1154 1218 1263 1249 Livin.
1288 1218 1426 1258 Sophum
1437 1218 1519 1252 Var.

57 1261 124 1292 LL.
139 1270 157 1291 e
175 1270 279 1298 marg.
297 1260 411 1290 Parin.
430 1259 594 1290 Ant—19
620 1260 765 1299 Ignoscat
783 1260 912 1291 anlid.
931 1260 1010 1291 Ald.
1027 1261 1109 1292 Var.
1128 1261 1194 1292 LL.
1224 1270 1242 1291 e
1271 1271 1376 1301 marg.
1404 1261 1520 1293 Parm.

55 1303 201 1334 Intendat
219 1302 298 1333 edd.
316 1302 430 1333 Parni.
454 1302 551 1334 Junt.
568 1303 688 1341 Isingr.
708 1303 841 1343 Gryph.
856 1304 965 1334 Colin.
996 1304 1332 1341 Ignoscas....remitt‹1s
1358 1308 1393 1333 et
1420 1304 1454 1334 in
1470 1313 1521 1336 vs.

55 1355 128 1386 seq.
149 1345 260 1375 retices
281 1345 368 1385 conj.
391 1345 510 1375 Heius.
535 1346 658 1375 tandem
681 1345 821 1385 placidus
847 1346 942 1376 Rott.
976 1346 1158 1386 plaususque
1182 1346 1324 1376 remittat
1351 1346 1426 1377 Pal.
1453 1345 1520 1377 duo

55 1387 238 1419 Mem—20
262 1390 328 1417 tuto
352 1387 461 1417 recitet
477 1387 555 1417 Vax.
575 1388 681 1417 Livin.
700 1392 766 1418 vet.
783 1388 869 1427 Gyr.
895 1391 960 1419 toto
977 1388 1044 1418 duo
1061 1388 1156 1419 Vatt.
1185 1388 1260 1418 Pal.
1290 1389 1384 1418 Rott.
1410 1388 1518 1421 Oisel.

55 1430 210 1462 Florem.
228 1436 296 1460 tres
314 1429 405 1460 Med.
425 1430 544 1459 Petav.
571 1439 639 1459 sec.
670 1429 797 1460 nuslid.
827 1430 909 1462 Cod.
929 1430 1045 1469 Epigr.
1062 1429 1178 1460 Ambr.
1195 1431 1279 1461 Exc.
1310 1430 1454 1462 Lucens.
1467 1439 1519 1470 pr.

56 1472 136 1504 And.
151 1472 233 1502 Var.
251 1472 317 1502 LL.
336 1481 353 1501 e
372 1481 477 1510 marg.
495 1472 608 1502 Parm.
621 1471 768 1511 quidquid
784 1471 822 1502 ab
838 1482 888 1503 ore
901 1473 1002 1512 placet
1018 1471 1098 1502 Vat.
1111 1482 1162 1512 pr.
1178 1471 1301 1503 Petav.
1318 1481 1386 1503 sec.
1399 1471 1519 1504 Ambr.

56 1524 109 1556 pr.
127 1514 182 1545 ed.
202 1515 316 1544 Parni.
332 1514 455 1545 Sched.
472 1513 562 1544 Gnd.
586 1514 717 1552 quolibet
736 1514 866 1546 Buslid.
889 1514 1044 1556 quodlibet
1058 1514 1137 1546 Var.
1162 1514 1233 1547 LL.
1249 1524 1268 1546 e
1284 1523 1390 1556 marg.
1405 1514 1519 1551 Parm.

53 1558 178 1599 placens
194 1556 273 1588 Vat.
289 1565 357 1588 sec.
381 1565 442 1587 ore.
456 1557 559 1596 placet
575 1555 715 1596 legebat
732 1556 851 1587 Heius.

714 1663 856 1696 NOTAE

103 1744 143 1773 16
167 1741 291 1781 Pauper
314 1743 443 1781 uterque
461 1738 547 1780 suit]
591 1738 634 1770 Id
665 1743 761 1770 certe
817 1739 958 1771 tonitus.

59 1795 196 1824 constat
209 1791 252 1822 de
268 1795 426 1831 utroque,
451 1794 486 1822 et
513 1790 701 1831 praesertim
718 1790 761 1821 de
860 1793 901 1822 18
935 1790 1071 1832 Sophos]
1111 1790 1188 1822 Vox
1215 1793 1251 1821 et
1280 1790 1353 1822 laus
1393 1799 1523 1823 summa

61 1843 225 1882 flumem,
253 1843 309 1883 qui
338 1847 413 1874 erat
443 1843 581 1873 ‘rerum
612 1841 762 1873 omnium
817 1840 1072 1882 plaudentium:
1110 1841 1225 1881 σοφῶς,
1254 1840 1432 1882 sapienter:
1467 1842 1522 1873 vel

60 1894 211 1936 egenus)
239 1894 340 1925 Unde
357 1894 522 1925 Ovidius:
546 1894 555 1911 ‘
570 1892 762 1926 Maeonides
817 1891 925 1933 σοφὸς,
946 1892 1069 1933 sapiens
1084 1896 1136 1924 est
1159 1896 1194 1924 et
1220 1891 1342 1924 doctus
1368 1892 1439 1935 ille,
1464 1892 1522 1940 qui

59 1945 168 1979 nullas
183 1945 255 1986 ipse
271 1945 412 1986 reliquit
427 1943 536 1985 opes)
817 1942 931 1976 omnia
947 1942 1168 1979 solertissime
1185 1941 1279 1977 facit.

105 1997 145 2029 17
169 1994 325 2038 Pallidus]
355 1993 520 2036 Timidus,
544 1998 580 2027 et
596 1993 692 2036 quasi
715 1998 765 2028 at-
