1851 3213
251 217 365 260 1322
489 226 632 257 NOTAE
665 222 891 254 vinnom]
902 222 932 251 M

254 322 388 364 galibus
407 320 576 361 Auspiciis
601 319 832 350 involventem
849 315 962 357 perhi-

255 373 343 405 beri.
393 372 506 403 Barth.

298 428 318 456 2
343 424 429 456 Nota
445 422 529 461 aula]
575 419 799 461 Imperatoris
815 418 963 450 Nomine

259 480 296 507 et
320 474 513 514 Regimine.
544 473 635 511 Ergo
655 470 830 508 jactantior
856 478 964 498 annus

259 535 335 557 cum
358 523 533 563 Principis
552 520 707 552 Consulis
733 519 834 550 titulo
851 518 965 548 inscri-

259 576 363 608 bitur.
409 575 502 606 Nota
517 571 620 610 Aula,
638 571 718 611 quia
735 579 786 600 1v.
807 569 969 600 Consula-

261 631 316 658 tus
332 624 490 660 Honorii,
506 633 630 654 annum
649 621 782 662 agentis
799 629 876 652 xw.
901 619 968 652 Qui

261 678 409 718 primum
427 675 536 706 bimus
554 673 763 714 signaverat.

307 725 459 766 Fruitur]
506 724 625 755 Innuit
642 723 774 763 ingenti
797 725 874 751 voto
892 724 971 751 ante

266 782 419 818 optasse.

310 830 328 858 3
358 827 426 857 Nec
451 824 551 865 passi]
608 821 798 861 Indignati.
842 819 975 851 Limina

266 880 448 916 memorat,
465 874 557 915 {quia
593 872 696 903 moris
734 871 845 901 fasces
884 868 975 909 affigi

269 926 424 968 postibus
451 933 570 955 eorum
593 922 651 964 qui
667 921 910 962 Magistratum
928 920 977 950 in-

269 979 370 1009 irent.
417 974 563 1006 Ovidius
602 973 834 1012 metamorph.
870 980 896 1002 1.
935 970 977 1001 de

271 1027 442 1069 Daphne:
466 1026 475 1042 ‘
492 1024 653 1056 Postibus
675 1022 840 1063 Augustis
857 1020 977 1052 eadem

271 1078 436 1110 fidissima
462 1081 576 1108 custos
604 1075 695 1106 Ante
728 1073 820 1104 fores
850 1070 979 1104 stabit.¹

273 1128 316 1159 In
333 1127 513 1159 vestibulis
526 1136 629 1167 porro
646 1125 729 1156 Foci
755 1129 852 1155 erant
869 1129 905 1155 et
922 1123 981 1154 Sa-

275 1179 363 1210 cella
392 1182 562 1213 veterum,
591 1176 842 1217 qualiacunque
878 1174 981 1210 etjam

277 1230 448 1267 Deorum,
465 1228 570 1258 etiam
588 1226 722 1256 rudium
737 1226 847 1256 adhuc
862 1230 896 1256 et
909 1223 983 1254 fere

279 1280 481 1320 ligneorum,
498 1282 536 1308 nt
553 1277 601 1307 ait
615 1276 783 1314 Tibullus,
797 1284 874 1315 quae
891 1275 987 1304 luxu-

281 1330 364 1361 riam
381 1332 462 1370 post
479 1329 666 1358 Romanam
684 1326 717 1356 in
730 1326 875 1366 Templa
898 1335 987 1355 com·

280 1385 434 1411 mutasse
451 1378 626 1409 censorius
642 1377 784 1407 Senecae
805 1385 913 1406 sermo
931 1384 988 1405 no-

284 1434 353 1460 tat:
379 1437 459 1459 sane
484 1426 565 1458 inde
583 1430 619 1456 et
636 1426 809 1457 vestibula
833 1425 909 1465 ipsa
935 1434 991 1454 no-

284 1478 407 1509 minari
440 1481 555 1518 coepta
584 1476 724 1507 tradunt
757 1474 993 1506 Grammatici.

286 1529 407 1560 Barth.

329 1583 349 1611 4
374 1579 530 1619 Reduces]
552 1577 656 1608 Velut
669 1575 903 1607 exsulaverint
918 1575 995 1606 hac-

287 1636 397 1662 tenus.
415 1630 541 1661 Omnia
551 1629 621 1669 agit
637 1633 673 1659 ut
687 1629 901 1668 majestatem
916 1626 997 1666 pris-

290 1691 366 1713 cam
383 1680 583 1712 Consulatui
600 1680 796 1710 restitutam
812 1678 953 1708 indicet.

330 1729 489 1769 Augusto]
511 1730 649 1760 Summo
667 1728 840 1768 Principe.
881 1727 998 1758 Barth.

336 1781 480 1819 Augusto
507 1777 655 1817 Consule]
701 1778 769 1810 Qui
786 1777 914 1817 primus
931 1777 999 1808 Im-

294 1834 432 1871 perator
459 1833 495 1860 et
511 1828 638 1859 Consul
666 1826 798 1858 fuerat:
824 1836 866 1857 ex
894 1828 1001 1858 Luca-

295 1891 339 1912 no
366 1880 499 1911 discere
529 1883 604 1910 est:
628 1879 637 1894 ‘
658 1878 746 1909 Haec
764 1877 910 1918 primum
927 1886 1001 1917 rep-

296 1931 390 1972 perit
407 1935 490 1962 aetas
508 1930 583 1962 Qua
600 1928 663 1960 sibi
676 1938 717 1958 ne
733 1927 883 1968 ferrijus
897 1928 1002 1958 ullum

297 1982 415 2014 caesar
436 1981 584 2019 abesset,
612 1979 782 2010 Ausonias
803 1979 911 2009 voluit
936 1978 1004 2018 gla-

298 2033 366 2064 diis
384 2032 528 2063 miscere
545 2030 706 2070 securesss
722 2032 787 2061 ἀρ.
835 2030 959 2060 Claver.

343 2087 362 2114 5
387 2084 555 2114 Armorum
586 2090 727 2121 proceres
761 2081 920 2120 legumque
952 2089 1006 2120 po-

299 2132 415 2172 tentes]
438 2133 549 2172 Leges
573 2130 700 2171 ubique
725 2130 868 2170 opponit
894 2125 1007 2168 armis,

302 2194 364 2225 per
377 2193 433 2215 eas
444 2182 630 2214 Politicum
645 2181 922 2212 administrandae
933 2181 1010 2213 Jus-

304 2235 392 2266 titiae
420 2233 605 2265 secundum
623 2233 682 2273 jus
707 2234 872 2273 scriptum
891 2236 926 2263 et
943 2232 1009 2262 Re-

301 2284 436 2325 scripta
485 2283 685 2324 Principum
722 2282 1012 2314 Consuetudines-

302 2344 385 2377 que,
398 2338 537 2373 statum,
562 2334 772 2374 intelligens.
819 2332 938 2372 Vides,
953 2332 1012 2372 ait,

307 2389 436 2427 quanta
462 2386 507 2416 sit
534 2385 683 2425 dignitas
715 2383 851 2415 reddita
876 2384 1012 2424 'rogato

308 2435 478 2477 Civilique
515 2435 742 2475 magistratui,
776 2445 854 2465 cum
895 2444 1012 2465 omnes

309 2488 440 2526 Duces,
458 2495 602 2527 quorum
628 2486 660 2515 in
685 2484 841 2515 manibus
858 2494 934 2516 cum
953 2484 1013 2514 mi-

309 2537 373 2569 lite
399 2541 554 2578 potestas
581 2540 643 2575 est,
672 2536 860 2566 Consulem-
891 2545 1014 2566 novum

312 2588 452 2628 stipent.
497 2587 615 2618 Barth.

309 2663 313 2665 -
356 2642 378 2670 6
401 2639 492 2670 More
507 2637 646 2677 Gabino]
671 2636 923 2675 vetustissimo,
940 2647 1017 2668 cum

317 2689 456 2722 Consuli
470 2693 608 2729 pareret
625 2688 729 2718 miles.
743 2687 902 2718 Cinctum
916 2688 1017 2719 etiam

317 2739 502 2780 Gabinum‚
518 2739 619 2770 toties
635 2738 713 2769 alibi
731 2738 953 2779 nominatum,
970 2739 1019 2769 di-

317 2795 398 2831 cat3
421 2800 488 2832 quo
512 2789 674 2831 expedite
691 2788 877 2830 pugnaturi
903 2799 940 2821 se
966 2798 1021 2820 ex-

968 221 1017 251 IN
1052 221 1128 250 CL.
1161 218 1345 249 CLAUD.
1376 216 1484 246 vill.

1013 314 1186 346 serebant.
1232 312 1329 344 Idem.

1057 369 1075 397 7
1101 366 1247 397 Discolor
1275 362 1391 394 incedit
1422 360 1518 402 legio]
1563 359 1716 391 Ducibus

1015 416 1153 457 togatis,
1169 415 1317 446 Patritio
1338 412 1456 443 habitu
1470 415 1594 451 sumto,
1610 410 1720 441 milite

1017 467 1142 507 partim
1159 471 1290 505 sagitto,
1304 464 1429 504 partim
1450 465 1582 502 togato.
1628 460 1721 491 Mili-

1019 523 1086 548 tem
1118 517 1218 546 niveo
1259 515 1376 545 babitu
1407 513 1562 543 indutum
1590 510 1722 541 vexisse

1020 567 1209 598 Honorium
1239 565 1279 597 ad
1299 564 1521 596 Consulatum
1545 569 1726 602 capessen-

1021 618 1099 649 dum
1126 617 1233 648 tradit
1258 615 1347 647 infra
1369 618 1443 646 570.
1490 614 1633 644 Incedere
1650 620 1725 652 gra-

1022 669 1174 706 vitatem,
1190 668 1422 708 majestatem,
1443 664 1582 695 indicat.
1615 661 1727 702 Virgi-

1023 720 1088 750 lius
1105 719 1147 749 de
1164 719 1321 750 Junone:
1346 717 1355 732 ‘
1374 726 1449 757 quae
1468 715 1583 746 divum
1602 712 1728 744 incedo

1024 768 1178 808 Regina!
1224 767 1323 797 Idem.

1068 821 1087 848 S
1112 818 1274 848 Bellorum
1301 814 1416 854 signis]
1459 813 1677 845 Draconibus
1697 815 1732 843 et

1027 867 1172 908 Aquilis.
1208 867 1274 898 His
1292 865 1485 897 addebatur
1496 862 1643 895 Honorii
1659 871 1733 893 aevo

1028 918 1170 958 effigies

1077 969 1201 1000 Vexilla
1215 966 1360 1006 Quirini]
1402 966 1573 1006 'rogatum
1597 964 1737 996 Senato-

1029 1019 1185 1061 riumque
1202 1027 1335 1059 agmen,
1348 1017 1439 1059 quod
1453 1015 1603 1048 instituit
1615 1015 1739 1047 Romu-

1031 1072 1094 1102 lus.
1142 1070 1259 1101 Barth.

1076 1124 1095 1150 9
1119 1120 1241 1151 Lictori
1271 1121 1383 1150 cedunt
1411 1117 1537 1158 aquilae]

1034 1172 1153 1202 Duces
1184 1170 1335 1200 Militiae.

1036 1220 1143 1251 Arma
1159 1219 1283 1259 Togae!

1082 1269 1252 1310 Ridetque]
1287 1269 1415 1300 Positis
1429 1267 1538 1308 minis,
1549 1267 1742 1307 obtutuque

1040 1321 1218 1352 castrensi.

1085 1375 1236 1414 Togatus]
1279 1373 1347 1403 Suo
1369 1379 1506 1411 semper
1525 1368 1674 1410 alioquin
1689 1368 1747 1399 ba-

1044 1425 1118 1456 bitu
1150 1424 1242 1456 civili
1269 1423 1362 1454 cultu
1394 1420 1585 1452 hominibus
1615 1419 1748 1450 irrisus.

1044 1474 1261 1515 Popularitas
1274 1478 1389 1503 autem
1406 1476 1442 1502 et
1457 1470 1607 1502 civilitas
1622 1469 1751 1510 princi-

1046 1536 1126 1567 pum
1144 1526 1177 1555 in
1195 1534 1235 1555 eo
1254 1523 1424 1562 laudatur,
1440 1520 1531 1563 quod
1547 1520 1689 1552 militem
1705 1519 1749 1550 ad

1045 1577 1175 1608 Urbem
1189 1575 1270 1606 etin
1286 1573 1422 1604 sedibus
1437 1571 1579 1612 Imperii
1596 1574 1750 1611 togatum

1049 1637 1123 1659 esse
1139 1627 1330 1657 voluerunt.
1375 1623 1492 1654 Barth.

1094 1680 1133 1708 10
1152 1676 1261 1716 Miles]
1286 1676 1340 1706 De
1357 1673 1555 1706 custodibus
1569 1672 1671 1703 etiam
1685 1671 1752 1703 Im-

1050 1727 1217 1768 peratoris
1233 1724 1394 1766 loquitur,
1408 1723 1502 1763 cujus
1515 1722 1626 1753 latera
1641 1721 1756 1762 objec-

1052 1778 1077 1809 ti
1107 1774 1373 1815 circumfusique
1403 1773 1660 1816 defendebant3
1699 1773 1754 1804 vel

1051 1826 1242 1860 ornamenti
1279 1835 1382 1856 causa
1418 1823 1659 1862 habebantur;
1697 1827 1758 1855 aut

1054 1878 1208 1917 utilitati,
1222 1880 1271 1916 ut,
1286 1876 1313 1906 si
1330 1875 1494 1906 auxilium
1509 1883 1563 1905 res
1582 1878 1757 1915 posceret,

1052 1929 1140 1960 haud
1158 1928 1278 1969 procul
1291 1926 1392 1958 acciri
1406 1929 1559 1967 possent,
1573 1930 1609 1956 ut
1620 1925 1760 1956 Tacitus

1054 1979 1184 2010 retulit.
1232 1978 1357 2007 Clarer.

1099 2028 1218 2060 Mediis
1232 2027 1362 2068 effulget
1381 2027 1479 2058 Curia
1495 2025 1622 2066 castris]
1658 2025 1762 2057 Curia

1056 2085 1109 2111 est
1137 2081 1281 2110 Senatus
1313 2078 1507 2118 ubicunque
1543 2077 1762 2108 conveniens.

1060 2132 1217 2162 Lucanus
1240 2138 1273 2160 v.
1296 2132 1306 2147 ⁴
1323 2129 1459 2169 Hospes
1474 2129 1508 2159 in
1524 2127 1689 2160 extremis
1707 2137 1763 2159 au-

1060 2181 1147 2212 divit
1164 2179 1266 2211 Curia
1283 2178 1408 2210 tectis!

1106 2235 1144 2263 11
1184 2230 1330 2262 Palatino
1359 2228 1494 2269 Senatu]
1550 2228 1767 2268 Imperatore

1064 2287 1206 2323 totaque
1230 2282 1307 2312 aula
1321 2280 1486 2312 Senatum
1502 2279 1598 2310 cultu
1618 2277 1768 2309 referen-

1064 2334 1169 2372 tibus,
1212 2332 1314 2373 inque
1351 2331 1516 2362 comitatu
1552 2329 1770 2360 habentibus.

1066 2383 1191 2415 Notari
1219 2386 1335 2421 potest
1365 2383 1525 2412 SENATUS
1558 2379 1627 2410 dici
1665 2378 1770 2409 etiam

1065 2434 1141 2465 loca
1173 2432 1357 2464 conventui
1387 2430 1567 2462 Senatorio
1596 2428 1771 2461 destinata

1067 2488 1126 2515 aut
1143 2488 1233 2523 apta.
1278 2481 1398 2512 Barth.

1112 2536 1151 2565 12
1175 2531 1325 2564 Trabeam
1341 2531 1472 2562 Bellona
1492 2530 1594 2571 gerit]
1638 2531 1679 2562 In
1697 2540 1773 2572 gra-

1069 2583 1151 2615 tiam
1171 2582 1326 2613 Honorii.
1373 2582 1471 2612 Mem.

1114 2635 1153 2664 13
1173 2632 1324 2662 Humerz's
1338 2634 1462 2661 vectura
1476 2631 1610 2672 curules]
1626 2631 1774 2664 Militem

1071 2693 1134 2725 per
1149 2683 1325 2714 Bellonam
1351 2682 1524 2722 intelligit,
1546 2683 1603 2723 qui
1624 2682 1775 2714 humeris

1072 2736 1150 2766 tulit
1167 2735 1415 2775 Imperatorem
1439 2734 1630 2765 Consulem.
1675 2733 1775 2767 Quod

1072 2785 1210 2828 quidem
1243 2793 1406 2816 summum
1442 2783 1655 2826 obsequium,
1687 2793 1775 2817 sum-

1597 1115 1739 1147 Consuli

1395 1168 1518 1200 Cicero
1535 1177 1543 1198 :
1575 1167 1583 1184 ‘
1603 1166 1741 1198 Cedunt
