1851 3213
290 225 404 268 1356

291 337 326 362 et
343 331 514 372 Ephyren.
548 330 579 359 V
583 330 636 360 ide
653 331 709 360 St«
716 329 872 368 phanum.
909 328 991 358 Rem

289 387 418 422 gestam
439 383 512 421 iem
528 392 569 420 ap
563 381 616 411 md
642 381 708 411 Ζιι.
696 381 825 410 inrum
841 379 896 419 qui
916 379 992 408 ridi-

289 432 362 462 cule
377 436 530 462 servatas
544 431 698 461 Athenas
715 429 992 460 comminiscitur.

289 482 407 513 Barth.

329 535 393 564 472
419 531 568 571 Pedibus]
600 531 710 570 Supra
737 530 856 560 truncis
870 530 992 559 immer-

284 592 360 622 gere
373 584 497 622 plantas
513 587 609 622 optat
632 580 814 611 Honorius.
840 580 936 610 Idem.

328 636 391 664 473
415 632 580 672 Pensaris]
604 631 711 662 Ciade
729 631 916 661 Barbarica
931 640 990 660 sua

286 683 410 713 damna
428 682 693 723 pensatavidens
705 681 883 722 respiravit
895 681 990 712 Grae·-

285 734 350 764 cia.
375 734 473 765 Idem.

326 787 388 816 474
416 786 502 816 Gens
523 794 582 824 qua
598 793 656 813 non
673 781 848 823 Scythicos]
881 781 988 812 Getas

285 834 381 865 dicit.
406 835 502 864 Idem.

325 888 387 916 475
412 885 534 914 Parrus
550 881 665 920 Athos]
697 882 795 911 Mons
810 881 986 912 maximus.

328 933 460 973 lerace]
483 934 650 964 Universa
667 932 822 963 Thracia.
868 932 988 963 Hesio-

281 983 344 1015 dus
358 995 366 1015 :
392 983 440 1014 διὰ
452 982 572 1023 Θράκης
587 981 800 1023 ἴπποτρόφοιο.
825 983 944 1014 Barth.

323 1037 388 1065 476
414 1035 491 1064 Cum
510 1032 675 1072 transiret]
716 1033 905 1063 Transnaret
927 1033 987 1065 Ju-

281 1083 373 1115 nian.
405 1089 444 1114 ut
474 1083 583 1114 infra:
631 1084 640 1098 ‘
667 1081 753 1112 Ausi
789 1083 986 1113 Danubium

282 1134 451 1174 quondam
491 1140 625 1164 tranare
662 1132 879 1172 Gruthungi.'
939 1133 984 1163 D.

283 1185 396 1216 Heius.

342 1237 382 1265 77
409 1233 476 1264 Sibi
488 1233 656 1274 superstes]
678 1233 907 1273 Supervivens
919 1235 986 1264 vel-

276 1289 316 1317 ut
334 1286 435 1316 morti
451 1295 533 1315 suae.
568 1284 773 1323 Sapen-inere
789 1284 889 1314 alicui
902 1284 986 1315 dicit

277 1335 479 1376 Spartianus
497 1333 660 1364 Adriano.
685 1333 802 1364 Barth.

319 1386 383 1414 478
399 1383 544 1423 Spatium
555 1384 611 1413 rix
620 1384 757 1423 praelmit
769 1383 867 1423 orbis]
884 1383 986 1414 Prior

276 1434 417 1473 Moreti‚
432 1434 545 1475 sufficit
557 1445 566 1463 :
589 1434 674 1464 aiter
692 1443 767 1463 cum
785 1438 908 1474 quarto
921 1435 985 1465 Va-

276 1485 390 1515 ticano
412 1485 553 1524 contulit,
577 1494 654 1515 cuni
679 1493 744 1514 uno
770 1484 893 1515 Petav.
913 1485 986 1516 Me-

276 1536 394 1567 dic-eus
423 1536 542 1567 incenit
570 1536 623 1566 vel
645 1536 774 1566 intulit.-
799 1540 836 1566 ut
862 1535 922 1566 lib.
945 1545 984 1568 11.

275 1589 309 1618 111
327 1588 438 1618 Rufin.
461 1589 470 1604 ‘
489 1587 646 1628 Spatium
668 1596 734 1617 nou
759 1586 891 1617 invenit
908 1586 982 1618 iro..²

275 1639 320 1670 D.
340 1640 453 1669 Heius.

317 1692 381 1719 479
409 1690 478 1720 Uno
494 1690 567 1720 colle
581 1688 694 1728 latent]
726 1688 855 1719 Inclusi
881 1698 900 1718 a
921 1687 983 1719 Sti-

274 1740 424 1779 lichone,
440 1746 474 1770 et
491 1740 617 1770 dimissi
644 1745 771 1770 tamen.
816 1740 916 1771 Quod
932 1739 981 1771 fa-

273 1790 371 1821 cinus
400 1794 520 1821 0011110
550 1791 671 1830 Remp.
702 1789 832 1821 factum
861 1795 982 1822 notant

273 1840 373 1871 multi
389 1840 587 1880 scriptores,
634 1840 791 1880 Orosius,
808 1850 876 1871 vu.
895 1845 947 1872 37.

315 1890 451 1931 Sistens]
474 1891 567 1921 Gens
586 1890 762 1921 videlicet.
786 1891 904 1922 Barth.

313 1943 378 1973 480
402 1941 640 1972 Hostibasante
658 1942 848 1982 Contiguus]
878 1942 980 1973 Prior

272 1993 399 2024 Moreti
418 1993 581 2032 striguas:
605 1993 693 2034 quod
714 1993 817 2033 inagis
841 1995 975 2033 placet:

271 2048 310 2075 nt
326 2043 416 2084 apud
431 2044 553 2075 Tibull.
578 2044 586 2060 ‘
605 2044 701 2074 Tunc
727 2043 817 2074 bibit
833 2045 978 2083 irriguas

270 2095 394 2125 sertiiis
412 2095 527 2125 hortus
542 2094 670 2134 aquas!
703 2095 747 2125 Et
764 2094 852 2135 apud
868 2095 977 2126 Naso-

269 2155 345 2176 nem
354 2144 754 2176 Amor.11.(ieSnimone:
772 2146 906 2176 ‘Parva
917 2146 976 2177 sed

269 2195 405 2235 irriguis
424 2205 482 2226 ora
499 2195 642 2225 salubris
660 2194 780 2236 aquis.’
805 2196 872 2226 Pro
889 2206 975 2236 arca,

269 2248 341 2276 actu
371 2245 578 2285 Gyrahiinus
611 2251 647 2276 et
683 2245 863 2277 duodecim
892 2246 972 2277 aiii:

269 2295 389 2336 probo,
422 2304 499 2326 nam
530 2305 621 2325 arcus
650 2295 682 2325 in
716 2295 974 2336 aquaeductibus

267 2345 411 2386 lapideis
426 2345 563 2385 proprie
577 2347 689 2376 iocum
705 2346 817 2378 habet.
860 2346 973 2378 Oxou.

266 2399 356 2427 astu.-
381 2396 484 2426 etiam
509 2405 575 2426 non
601 2397 711 2427 maie:
744 2400 844 2427 actam
872 2407 975 2438 aqua-

266 2457 340 2478 rum
358 2456 419 2487 pro
434 2455 535 2477 cursu
554 2448 674 2486 posuit.
718 2447 764 2477 D.
783 2448 894 2479 Heius.

309 2499 370 2528 481
399 2496 586 2535 Contiguus]
619 2496 810 2535 Proximas,
826 2502 864 2527 ut
882 2498 973 2537 tangi

267 2551 418 2590 possent.
463 2546 552 2577 vide
570 2546 681 2578 Rufin.
698 2556 737 2578 11.
752 2550 827 2578 219.

309 2597 512 2638 Deflesrerat]
547 2597 644 2627 Inter
657 2597 806 2627 maxima
821 2596 972 2628 facinora

267 2648 418 2682 Hero'l'ca
429 2649 560 2679 Bellica
576 2648 766 2679 aversiones
782 2647 972 2688 fluviorum,

266 2711 328 2733 suo
357 2699 545 2739 commodo,
572 2699 720 2730 hostium
751 2698 970 2739 detrimento,

265 2751 386 2784 habuit
402 2750 613 2791 Antiquitas.

309 2801 412 2842 Arcu]
436 2802 536 2834 Fossa
550 2800 638 2834 flexa
659 2811 725 2844 quo
740 2802 888 2834 voluerit
903 2802 970 2834 Im-

521 235 664 266 NOTAE
697 233 961 264 VARIORUM
999 233 1052 262 IN
1085 231 1160 263 CL.

1193 232 1375 263 CLAUD.
1409 232 1519 263 vill.

1046 328 1379 366 perator-Romanus.
1403 326 1521 357 Barth.

1085 380 1147 408 483
1171 378 1231 408 Ja
1221 377 1332 417 strat]
1372 377 1399 405 V
1404 377 1472 407 elut
1490 377 1587 407 Dens
1603 379 1662 407 aut
1673 354 1747 407 Nu·

1043 437 1119 458 men
1137 428 1168 458 al
1182 428 1283 469 quod.
1322 427 1522 461 (ἶ,0111111ε>11;1
1540 427 1560 457 l.
1577 434 1613 457 x.
1637 426 1745 456 ‘Tum

1036 478 1124 518 jussi
1143 480 1283 509 veniunt
1299 478 1422 508 deriivi
1442 478 1578 508 tramite
1594 476 1681 507 rivi?

1084 529 1217 569 Averso]
1241 529 1272 560 A
1298 529 1447 559 naturali
1475 537 1587 567 cursu,
1612 527 1683 558 sive
1699 525 1746 558 al-

1042 589 1116 610 veo.
1144 581 1258 611 Barth.

1083 633 1146 661 484
1172 630 1287 670 Obvia]
1313 629 1503 661 Contraria.
1526 629 1624 660 Idem.

1083 683 1145 710 485
1173 681 1286 720 Capiat
1303 680 1418 710 servire
1434 679 1507 720 tibi]
1535 678 1664 718 Agnito
1678 677 1746 709 vel-

1039 735 1078 760 ut
1095 730 1244 761 Numine
1265 737 1333 760 1110.

1083 779 1231 810 Sarmata
1247 779 1379 819 discor-³]
1412 780 1468 811 Ob
1486 780 1745 821 pugnacitatem

1041 834 1074 860 et
1097 830 1187 860 bena
1225 830 1257 860 111
1281 840 1358 860 suos
1386 837 1552 870 perpetua
1572 831 1636 862 hoc
1651 830 1746 871 dicit,

1040 880 1166 920 quibus
1182 880 1353 910 Sarmatas
1370 890 1468 911 omne
1481 891 1588 921 genus
1605 880 1746 914 infamat

1041 929 1186 960 Ovidius
1213 931 1244 960 in
1274 930 1457 968 Tristibus,
1488 936 1524 961 et
1552 931 1594 961 de
1621 931 1744 964 Ponto.

1040 982 1117 1012 Non
1136 991 1202 1012 uua
1221 991 1299 1022 gens
1315 981 1494 1021 Sarmatae,
1507 991 1569 1012 nec
1584 981 1681 1013 unius
1698 982 1746 1013 in-

1038 1032 1164 1063 stituti.
1188 1032 1306 1062 Barth.

1079 1084 1142 1112 486
1167 1082 1384 1123 Sacramenta]
1419 1082 1461 1112 In
1489 1081 1660 1122 stipendia
1677 1083 1744 1114 Ro-

1036 1142 1135 1163 mana
1162 1134 1354 1174 adscriptos
1386 1133 1557 1164 Barbaros
1584 1134 1647 1164 hoc
1670 1142 1744 1164 aevo

1037 1193 1152 1214 omnes
1181 1184 1345 1215 Historiae
1373 1188 1555 1215 testantur.
1608 1184 1743 1215 Horum

1037 1235 1192 1265 Ducibus
1219 1245 1296 1266 eum
1323 1236 1480 1266 honorem
1509 1234 1680 1275 habuisse,
1704 1239 1744 1266 ut

1035 1294 1161 1315 mensae
1193 1286 1310 1325 Regiae
1350 1285 1545 1324 adhiberet,
1573 1290 1742 1317 memorat

1034 1335 1261 1366 Theodosium
1276 1335 1447 1366 Zosimus.

1078 1386 1222 1423 Projecta
1232 1387 1312 1426 pelle
1326 1385 1478 1425 Gelonus]
1494 1385 1550 1417 Sic
1564 1385 1652 1417 bene
1665 1396 1743 1418 cum

1035 1436 1202 1476 Isingrino
1219 1437 1470 1477 Rapheiengius
1487 1447 1496 1467 :
1521 1436 1667 1477 probant
1678 1438 1744 1468 Lu-

1035 1496 1126 1517 cenS.
1144 1491 1180 1517 et
1197 1487 1341 1526 Gyrald.
1359 1486 1453 1525 alibi,
1465 1487 1574 1527 pellita
1590 1486 1742 1519 Getarum

1037 1537 1151 1568 Caria:
1174 1542 1210 1568 et
1234 1537 1292 1569 lib.
1308 1547 1349 1568 11.
1375 1537 1408 1568 in
1432 1536 1546 1569 Rufin.
1569 1537 1742 1569 ‘Moerent

1034 1588 1179 1627 captivae
1198 1588 1448 1628 penitojudice
1465 1588 1581 1629 leges]
1615 1589 1741 1630 Vulgo,

1031 1638 1308 1677 projectafraade:
1333 1638 1457 1669 deinde
1473 1639 1644 1679 animisque
1667 1650 1742 1680 pro.

1033 1688 1132 1728 batos,
1148 1699 1215 1720 non
1225 1692 1354 1729 paratos
1369 1689 1494 1720 Patav.
1518 1689 1563 1720 D.
1581 1689 1696 1720 Heim.

1074 1741 1137 1769 487
1161 1739 1272 1779 Alani]
1295 1740 1387 1770 Gens
1403 1738 1596 1771 fortissima.
1622 1739 1740 1773 Barth.

1074 1791 1138 1818 488
1179 1789 1288 1819 Fortes
1314 1789 1347 1819 in
1375 1789 1499 1829 Marte]
1521 1790 1739 1832 -Descripsit

1024 1838 1098 1878 jam
1125 1838 1325 1879 Principem
1356 1849 1451 1870 suum
1479 1840 1667 1872 animosum
1695 1842 1739 1872 ad

1034 1888 1133 1927 heila,
1166 1889 1372 1929 consultum,
1404 1891 1548 1930 justum,
1585 1892 1739 1923 modera-

1031 1943 1172 1980 tumque
1188 1941 1221 1970 in
1242 1950 1340 1980 pace.
1383 1941 1483 1972 Tales
1500 1941 1653 1973 illinunt:
1675 1943 1737 1973 mi-

1030 1991 1156 2022 nistros
1197 1991 1410 2033 Imperiique
1440 1993 1735 2026 administratores

1029 2041 1199 2082 adjungit.
1223 2043 1322 2074 Idem.

1071 2096 1137 2125 489
1160 2094 1358 2134 Longumque
1373 2095 1470 2126 tueris
1490 2095 1624 2136 Electus]
1654 2096 1736 2128 Per-

1027 2145 1212 2185 spicaciam
1235 2146 1269 2176 in
1286 2145 1458 2186 eligendo,
1473 2146 1507 2176 in
1522 2147 1652 2178 electos
1667 2156 1735 2178 ser-

1028 2196 1138 2227 vando
1151 2197 1379 2227 constantiam
1395 2197 1524 2228 laudat.
1549 2197 1648 2229 Idem.

1069 2250 1131 2278 491
1155 2247 1323 2278 Judicibus
1347 2247 1430 2277 notis
1453 2246 1607 2286 regimur]
1638 2247 1732 2279 Male

1025 2299 1098 2329 ha²c
1116 2297 1425 2337 distinguebantur.
1447 2297 1493 2328 D.
1511 2297 1624 2328 Heius.

1070 2348 1210 2388 Quietis]
1248 2347 1350 2378 Pacis
1381 2347 1492 2386 bonis,
1521 2356 1597 2387 quae
1628 2347 1730 2379 toties

1025 2403 1204 2430 enumerat
1230 2397 1515 2438 commendatque
1542 2397 1731 2438 Scriptura.

1082 2459 1089 2478 1

1025 2449 1143 2530 3⁰43}
1169 2498 1358 2537 Militioeque
1388 2495 1489 2536 bonis]
1525 2496 1730 2530 Defensioni

1024 2551 1124 2590 Reip.
1141 2559 1206 2580 non
1224 2547 1478 2580 rebellionibus.

1069 2602 1133 2630 Ceu
1163 2599 1306 2630 bellatore
1340 2599 1473 2634 Quirino
1510 2599 1574 2630 Ceu
1604 2600 1728 2641 Numa]

1022 2650 1120 2680 Duos
1136 2650 1247 2689 Reges
1266 2649 1393 2679 boniet
1409 2649 1502 2689 pacis
1517 2649 1648 2681 artibus
1662 2651 1730 2682 cia·

1022 2699 1171 2729 rissimos
1186 2699 1372 2739 conjungit,
1395 2698 1452 2728 uui
1481 2698 1634 2731 Honorio
1656 2701 1729 2731 lau-

1022 2749 1144 2781 dando.
1189 2750 1246 2780 De
1267 2750 1407 2780 Romulo
1433 2750 1622 2790 Bellatore,
1643 2754 1726 2786 nota

1022 2800 1146 2832 onmia.
1184 2801 1330 2832 Numam
1347 2799 1491 2833 Pacifici
1509 2801 1609 2833 titulo
1624 2801 1724 2844 insig-
