1851 3213
313 203 427 246 10:28
726 212 803 242 cn.
837 208 1118 240 cLAtmiANi
1154 206 1344 236 xxxvi.

315 311 373 352 Et
392 309 560 351 varium
582 307 768 348 rudibus
786 306 925 360 sylvis
948 302 1260 346 accommodat
1280 313 1427 342 usum.

316 378 432 428 Quae
455 378 586 428 longa
601 380 680 424 est,
703 374 882 414 tumidis
904 373 1123 426 praebebit
1145 382 1308 410 cornua
1328 368 1465 409 velis:

317 445 433 495 Quae
456 444 599 492 fortis,
622 443 738 482 malo
761 441 932 493 potior:
966 451 1068 491 qua:
1091 439 1221 484 lenta,
1245 436 1415 476 favebit

317 512 522 563 Remigio
541 525 549 551 :
583 509 723 561 stagni
746 507 922 560 patiens
943 504 1138 558 aptanda
1159 504 1339 543 carinae.

316 580 551 621 Tollebant
574 577 755 630 geminae
779 574 926 627 capita
947 572 1163 612 inviolata
1184 581 1423 622 cupressus

319 646 500 700 Cespite
524 645 699 693 vici1103
733 642 881 695 quales
901 653 984 679 uon
1006 639 1189 691 rupibus
1212 637 1308 677 ldae

320 715 507 756 Miratur
528 712 721 761 Simois3
753 709 905 762 quales
927 719 1010 746 non
1032 706 1166 745 divite
1186 705 1282 757 ripa

322 782 502 823 Lambit
523 777 747 832 Apollinei
769 775 957 816 nemoris
978 773 1163 813 nutritor
1185 771 1387 812 Orontes.

1702 563 1788 606 370

319 945 417 975 coesz's.
463 943 574 974 Arbor
590 952 656 982 quae
673 945 718 972 est
732 942 825 979 longa
838 939 927 969 dabit
944 941 1093 968 antennas
1104 935 1179 967 velis
1193 933 1390 974 turgentibus
1401 944 1411 964 .·
1433 943 1500 973 quoe
1511 935 1563 963 est
1579 932 1669 970 dura,
1684 938 1791 961 conve-

319 987 456 1017 nientior
473 991 525 1016 est
542 987 620 1016 muln
636 986 732 1014 navis
747 994 753 1013 :
779 993 847 1023 quae
860 981 1088 1021 estflemibilis,
1105 980 1192 1010 utilis
1206 979 1266 1009 erit
1285 978 1326 1008 ad
1343 987 1457 1007 remos:
1480 974 1568 1015 aquis
1583 973 1729 1004 resistens
1740 981 1792 1002 ar-

320 1030 385 1060 bor
400 1029 574 1060 adhibenda
591 1033 643 1058 est
668 1027 794 1057 carinoe.
842 1026 1011 1065 Cupressus
1032 1025 1100 1053 ‹111oe
1126 1022 1286 1060 erigebant
1311 1021 1343 1050 in
1366 1020 1428 1049 solo
1452 1018 1621 1058 propinquo
1646 1015 1793 1046 verticem

319 1073 492 1103 intactum.-
525 1072 627 1111 qmdcs
653 1070 767 1100 Simois
793 1079 852 1099 non
874 1067 1001 1107 suscipit
1029 1067 1062 1096 iu
1091 1066 1178 1096 suxis
1207 1065 1285 1103 Idoe,
1303 1064 1408 1103 quales
1433 1062 1567 1091 Orontes
1593 1060 1674 1090 altor
1697 1058 1792 1098 sylvae

940 1165 1176 1179 aeaeaeaeaeaeaeaeaeaeaeae

321 1239 446 1269 Petav.
465 1247 534 1268 sec.
569 1235 721 1267 mentitur
748 1235 834 1275 Reg.
857 1234 980 1264 Petav.
997 1241 1064 1262 sec.
1098 1232 1192 1261 ulmos
1217 1230 1346 1260 metitur
1369 1228 1449 1260 Jun.
1468 1228 1645 1257 sem—366
1668 1224 1796 1255 rudibus

321 1281 442 1312 varium
459 1281 537 1311 Vat.
554 1279 596 1310 A.
627 1280 670 1309 Et
687 1278 815 1308 rudibus
829 1277 917 1307 sili-is
938 1276 1040 1305 varios
1063 1284 1125 1304 acc.
1147 1284 1219 1304 usus
1235 1273 1336 1303 Voss.
1354 1281 1402 1310 pr.
1446 1269 1548 1300 varios
1564 1269 1652 1299 silvis
1666 1267 1797 1299 rudibus

321 1333 384 1354 acc.
403 1333 476 1353 usus
491 1324 569 1353 Vnt.
597 1322 811 1362 quium—367
837 1319 968 1349 tumidis
996 1317 1094 1347 Voss.
1113 1326 1180 1346 sec.
1216 1315 1336 1345 timidis
1351 1314 1505 1344 Florent.
1539 1311 1696 1351 proebebat
1711 1310 1795 1341 Vat.

323 1376 391 1397 sec.
406 1366 542 1396 Tholos.
582 1365 709 1394 carbasa
725 1373 785 1403 pro
802 1371 913 1392 cornua
930 1362 1013 1391 Exc.
1030 1360 1153 1389 Pctav.
1170 1362 1282 1398 quart.
1314 1357 1414 1387 ventis
1431 1365 1491 1395 pro
1506 1353 1582 1385 velis
1597 1354 1724 1383 Moret.
1743 1361 1795 1392 pr.

326 1411 434 1439 —368
459 1408 537 1437 mulo
553 1407 655 1446 potior
671 1407 804 1435 Bonon.
821 1405 920 1433 Voss.
950 1413 999 1442 pr.
1027 1402 1094 1431 duo
1117 1401 1198 1432 Juu.
1227 1400 1305 1429 ΑΜ.
1333 1400 1415 1428 Var.
1432 1399 1499 1427 LL.
1517 1406 1535 1426 e
1552 1405 1659 1435 marg.
1676 1394 1794 1425 Parm.

325 1452 416 1481 malis
429 1450 546 1480 Ambr.
559 1454 637 1478 tert.
648 1449 732 1477 clm-0
745 1452 814 1477 tres
832 1446 926 1475 Vatt.
941 1450 975 1474 et
988 1446 1019 1474 d.
1033 1443 1108 1473 Pal.
1123 1442 1188 1472 duo
1202 1442 1295 1472 Med.
1315 1441 1434 1471 Heius.
1454 1439 1500 1470 H.
1518 1438 1572 1469 ed.
1588 1438 1703 1469 Vicet.
1715 1438 1797 1468 malo

325 1493 381 1523 vel
396 1494 480 1523 clavo
498 1493 578 1521 vat.
598 1491 705 1530 quint.
745 1490 809 1519 latu
826 1498 887 1528 pro
905 1488 987 1517 lenta
1005 1487 1086 1516 vVat.
1113 1495 1161 1525 pr.
1187 1484 1310 1521 favebis
1326 1483 1448 1514 Petav.
1463 1484 1640 1512 sec—369
1663 1483 1708 1511 est
1723 1482 1798 1520 apta

326 1545 389 1576 pro
405 1536 541 1575 aptanda
560 1534 709 1563 Florent.
748 1531 863 1561 carinis
883 1531 966 1559 Exc.
994 1530 1115 1558 Petav.
1133 1528 1350 1567 quarn—370
1371 1525 1489 1564 gemini
1506 1524 1589 1563 Reg.
1624 1523 1728 1563 cupita
1749 1523 1797 1553 in-

325 1579 452 1615 violata,
477 1575 636 1606 Heinsius
652 1574 859 1613 ascripserat
877 1573 985 1602 locum
1003 1570 1143 1609 Vopisci
1160 1569 1191 1598 in
1209 1568 1394 1598 Aureliano
1420 1578 1451 1607 p.
1476 1569 1550 1596 211.
1575 1569 1582 1583 ⁵
1601 1571 1639 1596 ut
1655 1566 1797 1595 duarum

327 1620 488 1651 arborum
505 1618 621 1656 capita
638 1614 854 1646 inflecteret.’
905 1613 1052 1654 Cypressi
1067 1613 1147 1642 Vat.
1167 1621 1217 1650 pr.
1233 1617 1267 1641 et
1285 1609 1316 1640 d.
1338 1611 1416 1641 Put.
1435 1609 1501 1640 duo
1517 1608 1640 1639 Petav.
1666 1608 1798 1639 Bonon.

330 1663 446 1694 Oxon.
460 1671 526 1691 sec.
542 1659 621 1689 Vat.
635 1659 852 1689 Livin.-—371
871 1657 902 1686 in
918 1655 1045 1695 rupibus
1061 1660 1128 1685 tres
1142 1655 1237 1684 Vatt.
1254 1654 1328 1684 Pal.
1346 1653 1429 1684 Cod.
1445 1651 1632 1682 Bartholin.
1644 1650 1798 1681 Florent.

329 1706 397 1736 duo
417 1703 509 1735 Med.
528 1703 594 1733 duo
612 1701 732 1731 Heius.
751 1702 835 1739 Reg.
852 1700 918 1729 duo
934 1699 1057 1729 Petav.
1073 1697 1211 1727 Tholos.
1237 1695 1356 1726 Ambr.
1373 1700 1454 1726 tert.
1472 1695 1537 1725 duo
1551 1695 1652 1724 Voss.
1677 1693 1709 1723 in
1726 1704 1797 1724 moe-

328 1747 418 1779 nibus
442 1747 631 1777 Pan—372
657 1743 796 1774 Miretur
823 1743 888 1772 inc.
916 1740 1038 1771 Heius.
1071 1749 1150 1770 minc
1172 1739 1269 1769 divite
1285 1738 1381 1769 Voss.
1399 1747 1468 1768 sec.
1484 1738 1607 1768 Petav.
1623 1738 1798 1768 sec.-—373

330 1791 447 1822 nemori
475 1790 555 1819 Vat.
581 1791 690 1829 quart.
723 1785 844 1826 Anapis
872 1784 995 1815 Moret.
1012 1792 1062 1823 pr.
1101 1784 1234 1813 Orontes
1263 1782 1315 1812 vel
1329 1781 1451 1821 Anapis
1468 1780 1554 1821 Reg.
1572 1780 1684 1810 Oxou.
1700 1789 1798 1820 pr.—

992 1922 1023 1954 N
1032 1921 1137 1955 oTAE

373 2020 437 2049 366
454 2016 597 2047 leudibus
610 2015 706 2056 sylvis
717 2014 923 2044 accommodat
935 2010 1037 2050 usum]

332 2069 469 2109 Cogitat
485 2068 517 2098 in
535 2068 641 2108 sylva,
657 2066 699 2096 ad
716 2075 816 2106 quem
833 2074 927 2095 usum
947 2068 1035 2104 aptae

330 2120 399 2150 sint
424 2119 563 2149 arbores
592 2117 704 2155 rudes,
733 2126 807 2157 quae
825 2115 973 2146 nondum
990 2114 1036 2144 iu-

330 2169 489 2201 formatae
508 2173 584 2199 sunt
601 2168 643 2198 ad
661 2168 764 2197 ullum
781 2176 876 2206 opuS.

375 2224 438 2252 309
476 2218 616 2258 Carinae]
650 2217 873 2248 Pabricandae
915 2215 1037 2246 infimae

332 2272 423 2313 parti
441 2271 559 2308 navis;
589 2279 664 2299 nam
693 2269 809 2299 carina
833 2265 958 2297 fundus
987 2269 1040 2295 est

331 2321 440 2353 navis.

377 2375 440 2403 370
467 2369 650 2410 Cupi-cessus]
684 2369 824 2401 Dicitur
848 2377 1041 2409 cupressum,

333 2425 358 2464 i,
374 2427 410 2455 et
426 2432 619 2462 cupressus,
635 2431 683 2452 us·

378 2476 439 2505 371
467 2473 590 2512 Cespite
613 2471 727 2510 ricino]
761 2470 935 2510 Cespitem
962 2468 1043 2498 vici-

335 2534 415 2555 num
431 2523 608 2561 habentes,
630 2521 664 2552 id
682 2526 746 2560 est,
772 2521 860 2551 inter
876 2529 912 2550 se
931 2518 1043 2559 proxi-

336 2585 412 2606 mae.

382 2622 591 2662 Qualesfflsc]
626 2621 848 2652 Pnlchriores,
870 2629 936 2648 non
967 2627 1041 2647 nas-

337 2679 461 2707 cuntur
478 2675 510 2704 in
527 2673 590 2703 Ida
606 2676 721 2703 monte
737 2680 845 2711 prope
867 2668 1042 2699 Simoeiita

336 2724 475 2758 fiuvium
490 2725 684 2764 Trojanum.

382 2778 445 2807 373
467 2775 626 2816 Apollinei
649 2772 784 2805 nemoris
806 2769 960 2810 nutritor]
995 2768 1041 2800 A·

1094 2010 1279 2051 pollineum
1296 2018 1414 2039 nemus
1431 2010 1481 2038 est
1497 2006 1676 2036 lauretum.
1705 2002 1800 2034 Allu-

1094 2060 1144 2091 dit
1161 2061 1202 2091 ad
1219 2069 1350 2097 nemim,
1377 2057 1466 2099 quod
1484 2057 1640 2096 Daphnen
1657 2055 1798 2094 dicitur,

1093 2121 1111 2141 a
1126 2112 1294 2142 laurorum
1310 2108 1516 2150 frequentia,
1533 2112 1568 2138 et
1585 2107 1617 2136 in
1632 2104 1799 2136 suburbiis

1094 2162 1285 2193 Antiochiae
1300 2160 1531 2200 reponebatur
1548 2169 1554 2187 :
1577 2157 1631 2187 ubi
1647 2155 1801 2187 nonnulli

1095 2218 1192 2253 gesta
1208 2222 1282 2243 esse
1299 2210 1466 2248 referunt,
1482 2218 1557 2249 quae
1574 2207 1616 2237 de
1634 2207 1798 2247 Daphnes

1095 2263 1209 2294 fabula
1231 2263 1420 2302 jactantur.
1479 2258 1648 2299 Apollinis
1683 2263 1800 2288 autem

1094 2312 1265 2353 Daphnaei
1280 2312 1373 2341 lucus
1392 2310 1453 2340 alit
1466 2318 1646 2349 cupressus
1663 2307 1803 2338 immen-

1096 2373 1141 2394 sae
1172 2362 1388 2403 proceritatis
1429 2366 1572 2401 propter
1602 2357 1800 2390 memoriam

1096 2414 1193 2454 pueri
1211 2413 1384 2453 Cyparissi
1400 2412 1442 2442 ob
1457 2410 1549 2441 cervi
1563 2415 1707 2440 mortem
1720 2417 1800 2440 con-

1095 2464 1315 2500 tabescentis,
1331 2463 1411 2492 etin
1428 2469 1626 2502 cupressum
1643 2458 1775 2490 mutati.

1140 2513 1288 2552 Orontes]
1327 2513 1466 2543 Fluvius
1505 2511 1634 2541 alluens
1679 2508 1800 2540 Antio-

1094 2566 1213 2597 chiam.
1259 2564 1349 2595 Olim
1373 2563 1527 2604 Typhon,
1541 2572 1557 2591 a
1577 2561 1737 2601 Typhone
1752 2559 1801 2600 gi-

1095 2622 1196 2656 gante
1214 2615 1282 2645 illic
1307 2614 1461 2654 dejecto:
1487 2612 1610 2642 deinde
1638 2610 1801 2650 Orontes,

1095 2667 1137 2697 ab
1153 2666 1286 2697 Oronte
1299 2666 1396 2705 Indo,
1410 2665 1455 2695 ibi
1471 2664 1617 2705 sepulto,
1633 2662 1730 2703 cujus
1747 2671 1801 2692 ca-

1094 2717 1209 2755 daver,
1224 2716 1379 2748 undecim
1396 2715 1521 2748 cubitis
1543 2715 1663 2755 altum,
1683 2713 1800 2746 inven-

1094 2772 1166 2799 tum
1183 2772 1246 2800 est.
