1852 3182
658 228 916 259 ElDYLLlA.

71 326 192 368 Viva
211 330 438 367 coronatos
453 322 651 375 astringit
673 335 806 364 scena
825 335 1028 375 vapores,

1410 222 1520 262 1113

1466 326 1523 365 45

129 392 186 433 Et
205 394 315 433 levis
336 390 437 430 exili
459 390 618 430 cortice
640 394 753 430 terra
773 393 906 438 natat,

73 459 422 509 Calcantumque
445 457 567 496 oneri
589 465 813 509 nunquam
836 468 1015 496 cessura
1035 456 1224 496 virorum

129 527 353 567 Sustentat
376 523 589 575 trepidum
609 523 699 563 fida
720 524 847 563 ruina
866 523 1035 576 pedem.

71 593 211 633 Facta
228 605 356 631 mauu
379 590 560 631 credas:
594 592 656 630 sic
678 592 797 631 leves
819 590 974 631 circuit
995 603 1095 632 oras

125 658 345 706 Ambitus,
369 665 413 698 et
434 659 574 698 tenuis
596 661 923 711 perpetuusque
946 657 1069 710 riget.

69 724 250 766 Haerent
271 729 422 777 stagna
444 726 542 765 lacu
565 725 720 778 plenas
743 725 965 779 aequantia
979 725 1112 778 ripas,

124 791 526 845 Praescriptumque
549 793 701 833 timent
723 793 954 833 exsiluisse
975 792 1165 834 modum.

67 932 235 972 cumdatas,
250 935 278 963 et
294 936 379 963 terra
395 933 511 971 exigua
527 937 719 972 supernatat,
736 933 829 964 velut
843 933 955 963 cortice
968 942 1063 972 parvo
1078 941 1088 967 ,·
1109 934 1138 962 et
1152 931 1242 961 ruina
1245 929 1355 971 fidelis
1369 939 1523 970 nunquam

63 984 171 1005 casura
187 975 248 1006 sub
259 976 389 1015 pondere
403 975 557 1006 lioininum
568 975 889 1013 incedentium‚sulcit
902 976 991 1015 pedes
1004 973 1186 1005 titubantes.
1214 973 1351 1003 Putares
1365 972 1438 1003 ba‘c
1452 981 1524 1004 esse

60 1017 152 1056 facta
167 1028 277 1049 manu:
301 1019 346 1048 ita
360 1019 508 1049 circuitus
523 1019 623 1057 cingit
635 1019 849 1048 extremitates
863 1018 985 1057 politus,
998 1022 1026 1047 ct
1044 1017 1136 1047 exilis
1157 1018 1215 1053 est,
1236 1018 1326 1055 atque
1352 1016 1523 1046 continuum

66 1060 165 1101 Aquoe
190 1064 275 1092 stant
302 1061 335 1091 in
360 1062 439 1100 lucu,
456 1064 485 1091 et
508 1063 669 1101 adoequant
694 1061 779 1100 ripas
805 1061 960 1100 impletas,
981 1070 1018 1089 uc
1043 1062 1184 1090 metuunt
1206 1058 1385 1096 transgredi
1411 1058 1524 1089 limites

679 1142 913 1154 eeeeeeeeeeee

63 1199 104 1228 45
133 1198 201 1228 Una
228 1207 288 1238 pro
324 1197 402 1229 Viva
428 1198 509 1228 Vat.
538 1207 605 1228 sec.
629 1199 753 1229 Moret.
785 1207 835 1238 pr.
874 1200 903 1228 et
926 1196 1058 1235 stringit
1076 1195 1158 1226 Exc.
1188 1195 1331 1226 Lucens.
1351 1203 1403 1233 pr.
1437 1202 1526 1224 scena

65 1239 195 1271 Buslid.
214 1240 292 1271 Ald.
329 1250 403 1271 cena
426 1241 504 1270 Vat.
523 1250 573 1280 pr.
591 1245 626 1272 et
641 1246 750 1282 quart.
767 1241 845 1272 Put.
863 1250 944 1270 soeva
965 1239 1063 1271 Junt.
1080 1238 1204 1278 Isiugr.
1222 1237 1330 1268 Colin.
1348 1237 1525 1277 Gryph—

64 1285 106 1313 46
129 1292 168 1313 ex
183 1284 242 1314 leni
271 1292 331 1323 pro
347 1283 424 1314 exili
441 1283 535 1314 Rott.
569 1293 607 1314 ex
632 1284 692 1314 levi
714 1284 795 1314 Vat.
811 1287 889 1314 tert.
906 1283 1058 1313 Florent.
1094 1289 1217 1320 corpore
1242 1279 1372 1310 Buslid.
1402 1278 1526 1316 fornice

65 1325 120 1356 vel
132 1326 243 1366 cespite
258 1325 465 1366 conjiciebat
482 1325 685 1357 Hans-<17
713 1327 930 1366 Cati-utumque
953 1324 1048 1355 Med.
1065 1332 1133 1354 sec.
1157 1321 1289 1353 Buslid.
1331 1321 1527 1352 Calcantum-

64 1377 120 1408 que
135 1367 204 1398 duo
220 1368 317 1398 Vatt.
334 1369 399 1399 inc.
429 1368 550 1399 Heius,
577 1369 656 1399 Put.
684 1368 805 1399 Petav.
834 1378 886 1408 pr.
914 1368 1044 1398 Bonon.
1070 1365 1187 1396 Ambr.
1206 1369 1285 1395 tert.
1304 1363 1390 1394 Cod.
1408 1362 1526 1403 Epigr.

66 1410 183 1441 Ambr.
201 1411 284 1441 Exc.
302 1410 380 1441 Pat.
397 1420 463 1440 rec.
481 1411 625 1441 Lucens.
642 1420 692 1450 pr.
709 1410 787 1441 Ald.
805 1411 885 1440 Var.
907 1410 972 1440 LL.
989 1418 1006 1439 e
1025 1417 1131 1447 marg.
1147 1407 1258 1438 Parni.
1297 1407 1526 1445 Culcanturque

65 1453 143 1483 Vat.
160 1462 211 1492 pr.
227 1456 262 1483 et
279 1458 358 1483 tert.
376 1452 451 1482 Pal.
472 1452 565 1483 Rott.
607 1454 811 1492 Calcaturque
828 1453 978 1482 Florent.
996 1450 1063 1480 duo
1081 1450 1178 1480 Med.
1204 1448 1322 1479 Ambr.
1351 1457 1402 1487 pr.
1442 1448 1525 1478 omni

65 1503 127 1535 pro
144 1496 227 1526 oneri
239 1495 364 1526 Moret.
382 1504 433 1534 pr.
470 1504 616 1534 nusquam
647 1495 784 1533 legebat
814 1493 935 1524 Heius.
972 1502 1099 1523 censura
1129 1491 1222 1522 Med.
1246 1492 1384 1531 pr.—48
1406 1489 1526 1529 trepide

64 1537 197 1568 Buslid.
225 1537 325 1578 firma
349 1535 473 1566 Sched.
503 1536 592 1567 Gud.
629 1547 737 1567 corona
768 1546 829 1576 pro
855 1537 948 1566 ruina
975 1537 1053 1566 Vat.
1083 1539 1164 1564 tert.
1196 1543 1238 1564 m.
1270 1534 1407 1572 pr.—49
1436 1532 1526 1562 loetus

63 1579 175 1610 circuit
192 1578 300 1610 Oisel.
336 1579 426 1609 loeves
442 1578 555 1609 Oxon.
569 1588 637 1608 sec.
675 1579 754 1608 leves
769 1579 847 1608 Vat.
863 1578 973 1608 Livin.
1011 1578 1092 1607 lenes
1109 1577 1173 1606 inc.
1197 1575 1317 1606 Heius.
1342 1574 1395 1605 ed.
1412 1573 1525 1605 Parm.

64 1622 141 1653 lenis
164 1622 243 1653 Vat.
273 1630 342 1652 sec.
366 1621 440 1651 Pal.
463 1621 556 1651 Rott.
574 1620 641 1651 dno
665 1621 760 1650 Med.
777 1620 908 1650 Buslid.
929 1617 1012 1649 Cod.
1031 1617 1220 1648 Bartholin.
1258 1617 1332 1647 letis
1347 1617 1427 1646 Vat.
1445 1620 1525 1647 tert.

65 1664 215 1695 Florent.
229 1663 325 1694 Med.
341 1672 407 1694 sec.
421 1663 502 1694 Put.
519 1663 603 1693 Cod.
618 1662 736 1703 Epigr.
750 1662 867 1693 Ambr.
882 1662 965 1692 Exc.
982 1661 1126 1691 Lucens.
1143 1669 1194 1699 pr.
1205 1659 1287 1688 Var.
1306 1659 1373 1689 LL.
1386 1667 1404 1688 e
1417 1667 1525 1698 marg.

65 1707 182 1738 Parm.
215 1716 309 1737 auras
338 1706 463 1737 Moret.
492 1708 628 1745 pr.—50
651 1701 798 1735 Ambitus
825 1704 926 1735 tenuis
951 1703 1021 1733 sine
1054 1702 1176 1742 copula
1203 1700 1277 1732 Pal.
1311 1700 1526 1740 perpetuisque

65 1749 160 1781 Med.
175 1759 226 1789 pr.
265 1749 353 1788 rigor
379 1749 456 1779 Vat.
484 1750 638 1779 sec.—5l
663 1747 763 1778 Arent
780 1747 860 1777 vat.
879 1756 929 1787 pr.
947 1744 1064 1776 Ambr.
1082 1754 1132 1784 pr.
1172 1743 1305 1774 Hoerent
1340 1742 1393 1772 vel
1424 1745 1526 1772 Arent

66 1791 149 1823 Exc.
167 1792 246 1823 Pat.
261 1801 330 1823 rec.
368 1792 436 1822 lacu
452 1790 530 1821 Vat.
550 1800 602 1830 pr.
627 1790 698 1821 Pal.
716 1789 783 1821 duo
803 1788 896 1820 Med.
921 1787 1042 1819 Ambr.
1060 1796 1112 1827 pr.
1130 1791 1199 1817 vet.
1217 1785 1303 1825 Gyr.
1319 1785 1399 1815 vat.
1417 1784 1526 1815 Livin.

66 1834 150 1867 Exc.
165 1835 311 1866 Lucens.
327 1843 378 1874 pr.
416 1834 478 1864 loco
492 1838 561 1864 tres
573 1833 667 1864 Vatt.
680 1833 775 1863 Rott.
788 1831 897 1863 Oisel.
919 1830 1003 1862 Cod.
1025 1829 1182 1860 Barthol.
1220 1829 1283 1859 loco
1297 1827 1348 1858 vel
1362 1827 1429 1857 lacu
1443 1827 1526 1857 Exc.

67 1876 145 1908 Pat.
169 1879 323 1908 rem—52
345 1877 436 1907 timet
458 1875 551 1907 Med.
578 1885 646 1906 sec.
684 1875 820 1906 exiliisse
850 1874 927 1904 Pal.
960 1873 1031 1903 duo
1063 1871 1157 1903 Med.
1191 1871 1335 1901 exiluisse
1363 1869 1442 1900 Vat.
1472 1878 1526 1908 pr.

66 1920 250 1952 transiliisse
263 1920 342 1951 Vat.
359 1929 426 1951 sec.
443 1919 511 1951 inc.
526 1918 646 1950 Heius.
671 1918 753 1949 Put.
780 1916 899 1948 Ambr.
925 1920 1008 1948 tert.
1046 1913 1238 1946 transiluisse
1254 1913 1375 1944 Petav.
1388 1921 1440 1953 pr.
1458 1911 1526 1942 Bo-

719 2012 860 2045 NOTAE

60 2089 176 2130 jungit
190 2088 401 2121 semicirculo
417 2088 562 2130 quodam
577 2092 694 2129 partes
710 2097 768 2118 ex-

68 2146 192 2172 tremas
222 2139 326 2171 fontis
355 2139 541 2178 aestuantis,
566 2143 602 2170 et
632 2147 770 2179 aequora

67 2189 254 2227 imitantis3
277 2190 360 2229 ligat
378 2194 492 2220 autem
517 2188 680 2228 margine,
708 2195 768 2217 seu

67 2250 137 2281 ora,
163 2250 224 2271 seu
238 2239 414 2280 crepidine
431 2239 513 2278 alta,
538 2243 574 2268 et
590 2238 683 2268 velut
699 2246 768 2267 sus-

69 2300 173 2332 pensa
189 2290 222 2321 in
239 2289 331 2320 ae're.

109 2344 149 2373 45
178 2340 258 2372 Viva
271 2338 375 2379 scena]
407 2337 509 2375 Σκηνὴ
525 2342 576 2369 est
592 2337 770 2368 tabernacu-

68 2392 140 2430 lum,
157 2395 193 2421 et
208 2389 415 2421 umbraculum
428 2388 584 2419 naturale
597 2387 768 2419 arborum.

67 2441 245 2483 Virgilius:
269 2444 278 2458 ‘
290 2441 377 2473 Tum
392 2440 497 2480 sylvis
509 2449 609 2471 scena
622 2439 770 2471 coruscis

69 2493 240 2533 Desuper,
264 2491 485 2532 horrentique
513 2495 625 2522 atrum
652 2499 769 2521 nemus

68 2542 220 2574 imminet
235 2541 378 2573 nmbra.'

115 2592 264 2633 Vapores]
288 2592 436 2623 Arbores
461 2591 579 2633 itaque
604 2594 770 2622 coronant

71 2646 106 2672 et
123 2642 263 2683 cingunt
279 2652 393 2684 aquas,
416 2651 490 2683 quae
507 2650 652 2682 vapores
669 2641 766 2672 emit-

70 2694 160 2723 tunt.

113 2742 156 2771 46
178 2740 267 2772 Levis
279 2742 380 2783 terra]
402 2742 516 2773 Parva
541 2740 695 2783 quaedam
720 2739 768 2771 in-

73 2790 144 2821 sula
159 2795 368 2832 supernatat,
382 2801 446 2823 ceu
461 2792 495 2823 iu
512 2792 654 2824 cortice.
699 2790 768 2822 Alii

823 2087 954 2127 legunt,
969 2084 1104 2126 caespite.

865 2139 907 2168 48
933 2136 1011 2167 Fida
1026 2133 1133 2174 ruina]
1156 2132 1271 2164 Parva
1285 2131 1343 2162 illa
1356 2131 1463 2163 insula
1476 2136 1528 2162 est

822 2186 929 2226 major
945 2193 1087 2225 caespes,
1113 2184 1208 2224 isque
1225 2181 1403 2220 tremulus,
1429 2181 1476 2211 ita
1489 2186 1527 2212 ut

823 2246 902 2267 mox
918 2244 1075 2266 casurum
1093 2238 1214 2274 putes:
1240 2232 1299 2262 sed
1316 2236 1430 2263 tamen
1446 2232 1474 2262 si
1491 2236 1526 2263 te

822 2287 900 2317 huic
921 2285 1053 2324 credas,
1078 2283 1165 2315 fidus
1188 2283 1264 2321 erit,
1288 2291 1399 2323 neque
1424 2281 1527 2314 cadet

823 2336 885 2368 sub
900 2336 1044 2377 pedibus
1056 2334 1279 2366 calcantibus.
1323 2332 1527 2374 Sicqueflda

824 2386 890 2418 erit
905 2386 1008 2424 ruina,
1022 2386 1056 2416 id
1071 2389 1137 2424 est,
1152 2393 1252 2426 quam
1265 2387 1304 2413 tu
1318 2383 1450 2413 ruinam
1466 2391 1528 2423 pu-

824 2437 924 2477 tabis,
938 2437 1005 2468 erit
1020 2436 1101 2475 fida,
1124 2439 1160 2466 et
1185 2432 1363 2464 tremendo
1379 2441 1446 2463 non
1470 2431 1526 2463 de-

824 2489 912 2520 sinet
927 2488 990 2519 sub
1006 2487 1071 2518 tuis
1095 2485 1241 2527 pedibus
1265 2484 1396 2515 haerere
1419 2481 1528 2513 fideli·

825 2544 890 2571 ter.

866 2591 908 2620 49
930 2587 1043 2627 Leves]
1065 2585 1314 2618 Extremitates
1326 2583 1464 2624 politas,
1478 2591 1526 2612 re-

825 2639 974 2679 gulares,
989 2643 1025 2668 et
1042 2637 1136 2668 velut
1152 2639 1225 2667 arte
1241 2633 1364 2665 factas.

864 2693 903 2721 51
928 2687 1065 2728 Stagna]
1082 2687 1181 2728 Aqua
1194 2690 1366 2725 stagnans,
1377 2681 1434 2713 sed
1446 2690 1521 2722 quae

823 2746 937 2773 tamen
953 2739 997 2771 ob
1013 2739 1126 2779 ignem
1142 2734 1322 2778 aliquando
1339 2736 1470 2764 aestuat.
