1851 3213
252 202 272 242 ]
283 200 370 244 432

255 308 346 339 thius
382 317 425 340 ex
453 309 590 349 scriptis
617 309 716 340 malit
754 308 833 350 legi,
860 309 962 340 Texit.

253 358 371 389 nescio
398 368 480 399 quos
518 359 612 390 dicat
649 359 809 399 scriptos,
833 364 962 399 praeter

256 408 403 439 Claverii
432 409 596 449 codicem,
612 410 667 451 qui
688 419 761 440 eam
778 409 961 441 lectionem

253 460 287 491 in
305 460 465 491 coronide
487 460 631 501 profert.
654 470 731 491 narn
747 461 963 493 Pulmannia-

253 510 288 542 ni
305 516 340 542 et
369 521 497 552 omneS‚
526 515 697 552 quotquot
723 521 786 552 ego
812 512 961 554 inspexi,

253 570 316 601 pro
334 561 473 601 vulgata
497 565 603 602 stant,
631 566 667 593 et
690 567 786 594 recte
807 564 958 605 quidem.

253 611 299 642 D.
318 611 432 642 Heins.

301 662 485 703 Urbemque]
524 662 678 704 Optime.
717 673 792 695 nam
827 669 864 696 et
892 666 959 697 κατ’

251 710 365 750 ἐξοχὴν
380 712 470 743 Urbs
485 712 642 744 Athenae.
666 713 787 744 Barth.

296 765 358 793 152
384 762 492 802 Medo]
515 763 699 794 Persarum
726 764 824 805 Regi,
846 765 960 795 Medis

249 811 436 852 imperanti
452 817 534 843 tum.
560 813 657 844 Idem.

296 865 356 893 153
382 862 550 902 Spartanis
565 862 732 903 matribus]
756 863 959 895 Institutum

249 911 420 951 Lycurgo,
437 912 649 953 gymnastica
667 913 833 945 exercitia
850 913 959 945 foemi-

249 960 302 991 nis
331 971 407 992 cum
439 962 518 993 viris
555 963 748 994 communia
778 973 877 1003 esse3
909 964 959 996 rei

250 1013 418 1044 rationem
444 1018 581 1054 rogatus
598 1014 816 1055 respondisse
833 1025 958 1047 memo-

249 1070 358 1103 ratur,
387 1066 438 1096 uti
469 1066 502 1096 in
533 1065 674 1097 robusto
700 1067 957 1109 exercitatoque

247 1116 369 1148 matris
387 1126 532 1157 corpore
554 1116 670 1147 firmus
699 1118 882 1158 valensque
899 1118 958 1149 foe-

248 1169 303 1196 tus
319 1165 537 1206 gigneretur3
555 1170 662 1207 utque
684 1166 767 1206 ipsae
784 1168 957 1207 mulieres,

249 1217 307 1249 ubi
323 1219 508 1249 necessitas
524 1219 727 1259 postularet,
754 1220 854 1251 armis
871 1222 957 1261 pari-

248 1274 302 1299 ter
319 1269 437 1308 patriae
455 1269 627 1300 adessent.
652 1270 750 1300 Idem.

294 1320 356 1349 154
380 1318 498 1349 Sexum
510 1318 625 1359 vicere]
640 1319 799 1351 Viriliter
811 1321 956 1361 agendo.

290 1367 392 1407 Leges
405 1368 533 1409 severoe]
569 1369 747 1409 Spartanae
774 1371 882 1412 Leges
899 1382 956 1403 no-

248 1422 292 1450 tae
309 1418 514 1451 severitatis.
536 1420 693 1451 Valerius
717 1420 900 1462 Maximus,
918 1431 956 1454 Π.

246 1471 277 1500 6.
301 1468 418 1500 Barth.

291 1522 352 1550 155
393 1520 510 1559 Ignavo
548 1521 651 1561 muro]
696 1522 788 1554 Satis
815 1523 957 1555 munitis

247 1569 376 1602 virtute
392 1572 540 1613 Legibus
558 1572 715 1604 oriunda.
740 1574 841 1606 Idem.

292 1624 353 1652 157
378 1622 522 1653 ΠΙοηὶἰιιε
546 1623 678 1663 annique
698 1624 837 1664 silentes]
862 1626 957 1657 Nota

247 1672 372 1703 omnia.
419 1672 574 1704 Monitus
601 1679 638 1705 et
676 1684 779 1705 annos
815 1676 954 1708 silentes

245 1721 435 1761 conjunxit,
463 1728 501 1753 ut
521 1733 625 1764 supra
640 1725 785 1756 tacendo
802 1726 954 1758 locutum

245 1773 472 1811 me1noravit;
503 1773 649 1813 ignaviae
676 1776 775 1806 simul
793 1777 955 1809 umbrati„

246 1831 321 1853 cam
362 1823 567 1863 sapientiam
605 1828 740 1864 notans,
778 1830 817 1857 ut
854 1827 954 1858 modo

244 1878 337 1904 ante.
383 1873 527 1905 Silentio
561 1880 674 1905 autem
713 1877 954 1909 auctoritatem

245 1923 372 1955 secreti
400 1924 553 1955 Deorum
579 1924 701 1965 cultus,
723 1925 954 1968 scitorumque

244 1974 471 2014 majestatem,
486 1974 548 2005 sibi
562 1975 701 2015 peperit
718 1975 932 2017 Pythagoras
945 1990 954 2018 3

245 2024 368 2064 quibus
395 2024 639 2055 accedentibus
676 2027 845 2057 nonnullis
879 2038 954 2068 por-

245 2074 360 2113 tentis,
389 2075 517 2106 cultum
547 2084 634 2114 pene
658 2074 809 2107 divinum
824 2077 953 2111 habuit.

244 2124 457 2166 Ammianus,
470 2125 528 2156 lib.
542 2133 637 2157 xxn.
661 2126 757 2159 Idem.

289 2176 435 2216 Annique
464 2175 607 2215 silentes]
641 2176 771 2218 Scripti
801 2181 953 2212 nonnulli

244 2225 411 2266 animique.
456 2227 556 2258 Unde
569 2227 638 2258 vidi
658 2228 713 2268 qui
730 2228 834 2260 Samii
849 2232 953 2262 corri-

245 2275 391 2314 gendum
408 2281 575 2308 censeret.
600 2281 638 2308 ut
659 2278 868 2318 Pythagorae
887 2281 952 2313 dis-

243 2325 375 2365 cipulos
391 2326 573 2366 intelligat,
590 2328 647 2369 qni
663 2328 839 2361 &nouwrmol
851 2342 953 2373 prop-

245 2380 342 2406 terea
357 2375 455 2406 dicti.
476 2377 572 2416 quale
597 2379 756 2410 mendum
774 2385 810 2412 et
827 2391 892 2422 ego
909 2393 952 2414 ex

244 2424 417 2455 Martialis
448 2425 507 2455 lib.
532 2434 583 2455 tx.
613 2426 734 2467 Epigr.
760 2432 813 2461 48.
829 2431 952 2464 delevi.

243 2475 347 2514 vulgo
363 2475 488 2515 legitur
503 2485 511 2505 z
536 2476 544 2491 ‘
561 2476 616 2506 Sic
633 2478 729 2517 quasi
742 2479 950 2521 Pythagorae

243 2524 392 2565 loqueris
417 2534 591 2556 successor
608 2530 642 2556 et
658 2527 779 2568 haeres,
796 2530 950 2572 Propen-

244 2574 305 2606 det
321 2579 435 2606 mento
449 2584 512 2605 nec
529 2575 591 2606 tibi
609 2576 716 2607 barba
731 2579 861 2610 minor!
884 2583 950 2613 Pu-

243 2628 421 2655 teanorum
450 2623 595 2656 fratrum
626 2626 736 2657 codex
763 2629 951 2669 Proependet

243 2677 357 2705 tomen.
374 2673 561 2705 Vaticanus
577 2675 828 2716 antiquissimus
839 2680 848 2696 ‘
865 2680 948 2713 Pro-

244 2723 441 2766 pendetque
483 2724 591 2755 minor
622 2735 655 2757 n.
686 2731 710 2758 t.
748 2727 779 2758 b.
810 2732 949 2771 tamen‚’

243 2783 363 2806 vocum
388 2774 504 2806 ordine
528 2775 676 2808 turbato.
700 2778 780 2810 alius
794 2781 945 2821 ejusdem

483 211 628 245 NOTAE
660 213 927 245 VARIORUM
961 214 1013 244 IN
1047 214 1122 244 CL.
1155 215 1340 246 CLAUD.
1374 215 1499 247 XVII.

1015 308 1236 341 bibliothecae
1263 309 1426 349 Dependet
1444 319 1529 340 sane.
1553 314 1720 350 excerpta

1013 359 1184 390 Thuanaea
1197 360 1335 400 optimae
1350 364 1439 389 notae
1449 360 1626 400 praependet
1637 370 1721 393 sane.

1015 411 1129 451 Lego:
1166 411 1393 451 ‘Propendet
1422 410 1534 441 Samia
1563 420 1626 441 nec
1655 412 1720 443 tibi

1014 461 1121 493 barba
1136 463 1267 493 minor!
1314 462 1466 494 Eximius
1498 463 1548 494 vir
1570 463 1721 505 mihique

1014 512 1233 544 amicissimus
1247 513 1384 544 isaacus
1405 513 1546 544 Vossius
1565 513 1722 554 pulcher-

1013 565 1104 596 rimis
1119 565 1160 596 ad
1178 566 1299 606 Pomp.
1316 566 1444 596 Melam
1462 565 1722 597 Observationi-

1013 614 1075 645 bus
1111 616 1231 646 malit:
1263 615 1491 656 ‘Propendet
1528 620 1621 647 meta
1656 625 1721 648 nec

1012 665 1075 696 tibi
1114 666 1221 697 barba
1259 666 1389 698 minor!
1433 667 1565 707 Seligat
1597 667 1720 706 lector,

1013 725 1109 756 quam
1135 717 1368 756 conjecturam
1398 727 1440 748 ex
1465 717 1596 748 duabus
1614 717 1722 757 potio-

1012 775 1083 796 rem
1110 766 1309 799 arbitretur.
1329 767 1418 806 apud
1434 772 1586 799 nostrum
1604 773 1720 799 tamen

1013 817 1152 856 vulgata
1178 817 1282 847 lectio
1313 826 1378 847 non
1409 822 1463 849 est
1494 818 1720 850 sollicitanda.

1013 876 1076 906 per
1087 876 1183 897 annos
1196 867 1323 898 silentes
1337 867 1603 909 quinquennium
1619 869 1718 901 intel-

1010 916 1087 956 ligit
1100 916 1234 947 silentio
1252 927 1270 947 a
1287 917 1527 958 Pythagoraeis
1545 918 1718 952 devotum.

1014 965 1173 997 Laertius
1198 966 1231 997 in
1256 967 1475 1007 Pythagora:
1501 968 1552 999 καὶ
1575 969 1669 1000 αὐτοῦ
1691 969 1721 1000 οἱ

1009 1015 1145 1054 μαθηταὶ
1173 1016 1371 1048 κατετίθεντο
1398 1017 1456 1050 τὰς
1478 1018 1594 1060 οὐσίας,
1618 1018 1661 1051 εἷς
1684 1020 1718 1051 ἓν

1008 1065 1193 1105 ποιούμενοι·
1242 1066 1428 1099 πενταετίαν
1463 1080 1500 1099 τε
1540 1068 1717 1111 ἡσύχαζον,

1007 1117 1101 1157 μόνον
1130 1118 1187 1150 τὸν
1209 1118 1309 1159 λόγον
1335 1119 1572 1154 κατακούοντες.
1595 1122 1719 1154 Memi-

1008 1174 1133 1200 nerunt
1145 1170 1241 1210 hujus
1255 1179 1389 1211 quoque
1407 1171 1626 1212 quinquennii
1637 1173 1719 1204 Gel-

1008 1219 1071 1249 lius
1087 1220 1192 1250 Noct.
1210 1219 1317 1250 Attic.
1333 1230 1356 1251 1.
1374 1223 1404 1252 9.
1416 1221 1629 1255 Jamblichus
1646 1225 1718 1256 vita

1008 1269 1241 1310 Pythagorae;
1267 1270 1472 1301 Plutarchus
1502 1272 1545 1303 de
1571 1274 1719 1306 Curiosi-

1009 1322 1101 1358 tate;
1137 1320 1307 1350 Lucianus
1346 1320 1495 1351 vitarum
1533 1321 1716 1364 Auctione,

1009 1371 1239 1410 Hermotimo,
1253 1376 1287 1401 et
1301 1371 1422 1410 Ga1103
1436 1373 1577 1404 Tzetzes
1590 1374 1624 1405 in
1637 1375 1716 1409 Chi-

1007 1421 1174 1459 liadibus;
1211 1421 1279 1452 alii.
1308 1421 1464 1453 Sidonius
1494 1422 1716 1466 Apollinaris,

1008 1472 1119 1504 Carni.
1137 1475 1187 1503 15.
1212 1471 1368 1503 ‘Asserit
1390 1473 1464 1504 haec
1487 1474 1621 1506 Samius
1639 1481 1717 1516 post

1008 1521 1112 1554 docta
1129 1522 1265 1553 silentia
1281 1523 1378 1554 lustri
1401 1523 1637 1565 Pythagoras?
1667 1526 1715 1558 D.

1008 1573 1123 1604 Heius.

1050 1627 1112 1655 158
1137 1625 1302 1656 Famosum
1325 1625 1449 1665 luxum]
1471 1625 1650 1657 Tarentini
1668 1626 1716 1658 vi·

1009 1679 1053 1706 tae
1084 1685 1248 1706 summam
1275 1676 1449 1716 ponebant
1473 1677 1506 1706 in
1524 1677 1715 1718 voluptate,

1008 1730 1107 1756 extra
1124 1725 1210 1756 hanc
1229 1725 1341 1755 omnia
1356 1725 1613 1765 adsperne'ntes.

1053 1775 1173 1806 OEluzlii
1190 1775 1334 1814 Tarenti]
1356 1775 1528 1814 Spartani.
1553 1777 1671 1808 Barth.

1051 1828 1113 1855 159
1137 1825 1296 1863 Insignem
1324 1824 1446 1864 curam]
1492 1826 1569 1858 Quo
1602 1827 1713 1868 major

1007 1875 1154 1915 dignitas
1171 1875 1273 1913 enim,
1300 1884 1340 1904 eo
1358 1876 1503 1914 amplior
1516 1886 1598 1907 cura
1613 1887 1714 1918 qnam

1006 1934 1072 1955 non
1093 1924 1206 1964 fugiat
1223 1925 1320 1954 homo
1345 1925 1553 1965 Philosopha
1576 1931 1713 1958 senten-

1007 1975 1066 2014 tia,
1084 1974 1150 2005 nisi
1166 1974 1265 2005 simul
1278 1975 1400 2013 ignava
1416 1984 1533 2015 opera.
1558 1976 1658 2009 Idem.

1050 2028 1111 2056 160
1137 2025 1266 2056 Meritis
1299 2025 1417 2063 majora
1443 2025 1595 2065 patebunt
1624 2028 1712 2058 Proe-

1005 2075 1084 2115 mia]
1132 2075 1282 2106 Praemia
1317 2080 1431 2106 autem
1471 2076 1591 2108 virtuti
1616 2077 1711 2119 data,

1005 2126 1247 2158 commendant
1279 2130 1469 2167 temporum
1496 2126 1711 2161 felicitatem.

1005 2178 1105 2208 Idem.

1049 2231 1109 2258 161
1134 2228 1276 2267 Jungere
1301 2237 1404 2258 sensus
1430 2228 1509 2259 Cum
1526 2228 1710 2270 Stilichone]

1005 2277 1133 2317 Sensus,
1162 2278 1353 2315 consilium,
1387 2279 1606 2311 sententiam.
1653 2279 1709 2311 Sic

1005 2329 1067 2359 Cu.
1113 2328 1282 2359 Mattius:
1325 2328 1333 2344 ‘
1353 2328 1528 2367 Curasque
1565 2329 1708 2360 acerbas

1003 2377 1156 2409 sensibus
1184 2378 1411 2419 gubernare:‘
1443 2378 1587 2419 ratione,
1608 2375 1710 2410 intel-

1003 2429 1107 2461 lectu.
1130 2429 1228 2460 Idem.

1047 2482 1109 2511 162
1133 2478 1273 2509 Protulit
1296 2477 1387 2517 cetus]
1421 2478 1514 2508 Male
1528 2478 1628 2519 vulgo
1637 2489 1708 2519 per-

1001 2529 1086 2560 tulit.
1102 2533 1224 2560 contra
1236 2527 1336 2558 fidem
1359 2527 1637 2568 praestantiorum
1652 2538 1708 2560 co-

1001 2578 1126 2610 dicum.
1144 2583 1180 2609 et
1196 2583 1307 2609 tamen
1324 2587 1397 2608 earn
1411 2577 1616 2618 scripturam
1633 2583 1708 2611 tue-

1002 2632 1056 2660 tur
1074 2627 1248 2659 Bai-thius.
1271 2627 1317 2658 D.
1333 2627 1446 2659 Heins.

1044 2682 1104 2710 163
1145 2678 1280 2710 Consilio
1309 2680 1356 2710 vel
1386 2678 1509 2718 Marte]
1549 2679 1646 2712 Bello
1670 2685 1707 2712 et

1000 2731 1105 2762 Pace.
1134 2731 1247 2761 Barth.

1043 2784 1103 2813 ‘161
1134 2781 1243 2813 Vivere
1273 2781 1329 2813 sub
1359 2781 1468 2823 regno]
1507 2782 1562 2814 Ita
1587 2782 1706 2815 distin-
