1851 3213
309 219 424 262 1300

307 324 484 364 sepultura
500 332 637 355 carere:
663 323 739 354 hinc
759 322 929 363 Augustus
945 320 1014 352 cui-

307 374 384 405 dam
402 374 613 414 sepulturam
636 373 803 414 precanti,
820 371 1011 412 respondit:

307 425 399 463 ‘jam
427 425 528 455 istam
556 424 589 454 in
618 424 792 454 volucrum
810 422 882 452 fore
904 426 1015 460 potes-

307 474 404 506 tate.'
435 476 529 506 Suet.
546 484 575 506 c.
597 477 646 505 13.
664 473 752 514 quod
771 483 790 503 a
806 471 940 503 Graecis
958 471 1016 502 de·

306 525 452 555 rivatum
470 529 536 556 est.
552 525 696 555 Homer.
714 522 814 554 Iliad.
830 523 887 554 l.1.
907 522 1015 562 princ.

307 574 428 607 Senec.
444 575 584 615 Thyest.
603 578 671 605 act.
688 583 724 604 v.
742 584 788 605 sc.
805 576 836 604 3.
853 583 903 603 vs.
920 576 1014 603 1029.

305 625 314 642 ‘
334 625 502 656 Utrumne
521 625 621 656 saevis
638 624 797 664 pabulum
815 624 953 654 alitibus
966 623 1016 663 ja-

307 680 388 706 cent
398 675 419 705 ?’
444 675 499 705 Ad
516 684 616 716 quem
638 674 739 704 ritum
758 674 857 704 Maro
872 673 945 703 AEn.
963 681 1016 703 ix.

306 725 316 742 ‘
335 724 473 756 canibw
503 726 584 756 data
612 723 730 764 praeda
756 722 899 761 Latinis,
921 722 1018 752 Aliti-

306 775 564 817 busqueja‹·es.'
588 775 632 805 Et
643 773 778 804 Pierius
792 771 1016 811 Hieroglypli.

305 826 328 857 l.
347 834 453 856 xvul.
473 834 514 854 ex
539 824 615 854 AEn.
634 831 670 853 x.
693 822 702 838 ‘
720 820 870 851 Alitibus
885 821 1017 860 liquere

305 876 410 907 feris!
444 876 489 906 Et
516 873 646 905 Codrus
674 872 715 902 ad
738 871 895 911 Pompeii
919 870 1018 901 cada-

305 935 380 964 ver,
404 926 425 956 l.
443 933 528 955 vui.
553 924 644 964 apud
668 924 795 954 Lucan.
821 923 829 939 ‘
852 922 905 953 Ne
931 919 1018 961 fera,

305 985 349 1008 ne
367 976 527 1014 volucris,
552 985 595 1005 ne
623 974 704 1006 saevi
722 971 868 1004 Caesaris
885 972 934 1002 ira
950 970 1017 1002 Au-

306 1026 409 1057 deat.’
435 1026 526 1056 Flor.
548 1035 599 1057 lv.
616 1027 649 1056 7.
695 1024 844 1063 Dempst.

353 1077 417 1112 Qui
440 1076 576 1116 possidet
598 1074 715 1114 orbem]
739 1072 914 1113 Εἷρωνικῶς.
951 1072 1019 1105 Qui

307 1130 421 1157 tantas
439 1126 543 1156 moles
561 1135 620 1156 suo
644 1125 801 1164 sepulcro
828 1124 1019 1155 destinave-

307 1180 373 1214 rat,
391 1179 430 1206 ut
445 1174 536 1206 fama
562 1175 679 1206 orbem
707 1179 875 1205 terrarum
904 1174 1020 1214 exple-

306 1230 421 1257 turum
439 1235 473 1255 se
496 1224 668 1256 crederet.
713 1224 778 1254 Vel
802 1223 1018 1263 simpliciter,

308 1275 523 1316 possidebat.
581 1274 686 1313 Cujus
722 1273 811 1303 votis
849 1273 906 1303 vix
937 1272 1019 1302 satis

307 1329 385 1356 erat
409 1324 578 1365 possessio
599 1323 748 1354 universi
774 1328 942 1353 terrarum
968 1332 1020 1353 or-

307 1375 370 1406 bis.
405 1375 522 1406 Barth.
934 1376 939 1377 ⁷

351 1427 415 1455 452
439 1425 574 1455 Pulvere
598 1434 670 1455 raro
695 1422 832 1463 tegitur]
870 1423 1020 1454 Pulvere

310 1475 380 1515 tegi
396 1478 447 1505 est
464 1474 518 1505 hic
537 1475 695 1514 sepeliri3
723 1474 804 1504 licet
820 1473 910 1513 apud
928 1474 1019 1504 Plin.

308 1532 377 1556 vn.
408 1527 460 1555 46.
486 1524 640 1564 sepultus
672 1524 727 1560 sit,
754 1532 887 1563 quoquo
918 1523 1020 1554 modo

310 1574 481 1613 conditus,
505 1573 674 1613 humatus,
698 1574 800 1604 humo
829 1577 1022 1613 contectus»,

307 1631 344 1656 et
361 1624 509 1656 cadaver
526 1630 619 1656 terra
635 1624 822 1662 conditum,
842 1628 893 1655 est
911 1625 1021 1664 sepul-

309 1679 397 1706 turae
415 1675 609 1705 mandatum
624 1685 632 1712 ;
657 1684 699 1704 ex
713 1674 778 1706 JC.
796 1674 848 1704 tit.
867 1675 904 1704 de
919 1684 1021 1714 sump-

309 1724 394 1755 tibus
423 1727 454 1754 et
479 1724 636 1763 religiosis
653 1723 823 1761 funerum:
854 1724 934 1754 iude
961 1724 1020 1754 illa

308 1775 467 1806 Palinuri
484 1774 640 1815 precatio
657 1774 748 1814 apud
764 1773 860 1813 Virg.
874 1773 950 1804 AEn.
967 1782 1018 1804 vr.

308 1826 318 1843 ‘
336 1826 382 1856 Et
406 1830 441 1855 tu
469 1825 547 1855 mihi
574 1828 702 1855 terram
719 1822 854 1864 Injice,'
871 1825 936 1854 &c.
962 1823 1020 1853 ubi

310 1874 405 1906 Serv.
419 1875 589 1913 observat,
604 1874 613 1890 ‘
628 1883 760 1914 poenam
777 1873 1021 1911 existimatam,

309 1925 459 1956 caruisse
474 1923 674 1964 sepultura)
707 1923 796 1954 Vide
813 1923 960 1954 eundem
976 1923 1018 1954 ad

309 1974 444 2006 AEneid.
465 1984 514 2005 vi.
537 1975 545 1990 ‘
562 1974 743 2013 Praecipue
769 1974 845 2014 pius
872 1973 1020 2005 AEneas.'

310 2025 436 2056 Horat.
453 2025 521 2056 Od.
539 2027 624 2055 1.28.
641 2024 794 2064 ‘injecto
813 2028 866 2054 ter
878 2024 1020 2063 pulvere

310 2075 452 2107 curras!
483 2075 626 2113 Statius,
649 2074 743 2115 Sylv.
765 2083 799 2105 v.
825 2077 856 2105 3.
880 2074 889 2090 ⁴
908 2074 1021 2104 Exere

309 2126 493 2156 semirutos
521 2125 633 2156 subito
657 2125 699 2155 de
724 2125 865 2165 pulvere
883 2125 1022 2156 vultus.'

310 2175 382 2215 agit
411 2177 452 2206 de
483 2176 635 2216 exequiis
666 2176 784 2216 patris,
817 2176 920 2217 idque
954 2186 1020 2207 non

311 2225 472 2264 Romani,
500 2235 615 2256 verum
643 2227 747 2257 etiam
778 2226 895 2258 Graeci
922 2227 1020 2258 ritus.

310 2276 424 2307 Valer.
441 2277 535 2307 Max.
554 2287 585 2307 v.
604 2281 634 2308 3.
671 2278 816 2318 Dempst.

364 2329 427 2357 453
475 2327 643 2367 Nunquam
681 2329 829 2368 totiesque
866 2328 1020 2369 sepultus]

312 2377 508 2417 Nunquam,
535 2388 611 2407 cum
639 2378 681 2409 de
708 2378 833 2410 Rufino
861 2379 935 2420 ipso
962 2389 1021 2410 seu

313 2436 456 2468 corpore
487 2428 619 2467 integro
651 2429 738 2469 quod
770 2429 915 2460 animum
947 2429 1021 2470 ejus

313 2478 480 2509 vocabulo
506 2478 620 2508 audito
650 2479 753 2518 subit,
780 2480 918 2519 cogitas.
962 2481 1024 2511 Το-

315 2527 392 2566 ties,
408 2538 484 2558 cum
502 2528 593 2558 vides
611 2529 790 2560 miserrimi
807 2530 959 2570 corporis
976 2531 1023 2561 la-

314 2586 394 2609 cera
409 2576 520 2608 frusta
545 2578 621 2608 hinc
648 2578 728 2610 inde
756 2578 944 2611 infeliciter
973 2590 1023 2611 se-

315 2627 510 2668 misepulta.
534 2629 651 2659 Barth.

357 2680 419 2708 455
442 2677 602 2709 Amolitur
626 2678 715 2719 onus]
758 2680 838 2711 Non
864 2679 1023 2711 Emolitur

317 2731 410 2772 prior
441 2730 646 2763 Leidensis:
687 2731 859 2773 quomodo
891 2731 1021 2772 primus

577 230 719 261 No'rAE
753 227 1021 259 VARIORUM
1054 226 1106 257 ΙΝ
1139 226 1214 256 ct..
1247 225 1433 257 CLAUD·
1465 227 1508 256 V.

1066 329 1198 361 quoque
1216 323 1250 351 et
1268 320 1389 350 tertius
1411 316 1571 350 Vaticani
1589 326 1651 358 pro
1663 317 1775 350 diver-

1066 380 1103 401 sa
1127 371 1287 402 lectione.
1334 370 1459 401 Lucan.
1485 378 1520 400 v.
1545 368 1646 400 ‘Heu
1671 377 1778 409 qnan-

1065 425 1136 451 tum
1167 419 1305 451 fortuna
1335 419 1482 450 humeris
1511 419 1584 458 jam
1617 417 1772 458 pondere

1065 470 1164 502 fessis
1178 472 1350 502 Amolitur
1371 469 1477 501 onns.’
1505 470 1548 500 D.
1568 468 1682 500 Heins.

1110 522 1354 562 Respirantibus
1369 520 1482 561 astris]
1504 519 1688 560 Superiore
1711 518 1776 550 hac

1066 577 1165 614 parte
1181 573 1271 604 coeli.
1318 572 1401 603 Eam
1419 571 1509 602 enim
1533 575 1700 601 astrorum
1717 578 1778 600 no-

1066 623 1156 654 mine
1173 626 1315 654 censent
1326 622 1481 653 Poeticae
1497 621 1634 652 litterae.
1659 619 1777 651 Plato-

1067 672 1180 702 nicum
1204 672 1303 702 simul
1330 672 1453 710 dogma
1483 670 1695 711 exprimitur,
1719 669 1779 701 ubi

1069 721 1207 760 singulis
1221 721 1323 751 astris
1337 721 1388 751 sui
1402 721 1642 751 adscribuntur
1652 719 1777 750 (1331110-

1066 780 1141 809 nes,
1167 780 1238 801 suae
1264 770 1394 806 animae,
1417 770 1478 801 snb
1504 770 1651 801 omnium
1677 773 1778 809 patre

1070 820 1126 861 qui
1142 820 1257 850 mundi
1274 821 1426 851 universi
1443 821 1555 851 anima
1571 824 1637 852 est.
1663 819 1779 851 Barth.

1111 873 1175 902 457
1201 870 1437 911 latrantemque
1464 871 1574 910 etiam]
1612 869 1654 901 'rb
1683 870 1780 902 etiam

1068 920 1183 951 mendi
1201 925 1396 960 suspectum
1412 931 1419 951 :
1443 930 1522 951 mox
1539 930 1602 961 pro
1618 920 1707 960 nigri
1728 920 1781 960 ju·

1067 971 1148 1002 dicis
1163 971 1278 1002 malim
1295 970 1418 1011 Stygii.
1442 972 1488 1002 D.
1507 969 1628 1001 Heins.

1113 1024 1177 1052 458
1204 1021 1290 1052 Tunc
1315 1020 1441 1060 unimoe,
1464 1030 1540 1060 quas
1564 1019 1616 1050 ille
1634 1018 1708 1057 fero
1724 1017 1782 1049 sub

1060 1071 1136 1111 jure
1149 1071 1298 1112 peremit]
1321 1073 1382 1103 Jns
1400 1071 1509 1110 ferum
1525 1074 1577 1102 est
1593 1069 1777 1111 imperium

1069 1122 1295 1162 tyrannicum.
1319 1122 1382 1154 Jus
1399 1121 1500 1161 enim,
1514 1131 1668 1161 regnum.
1698 1120 1784 1152 Ani-

1068 1182 1140 1202 mas
1158 1177 1273 1202 autem
1292 1171 1476 1211 peremisse
1491 1171 1575 1202 dicit
1591 1170 1782 1202 imitatione

1070 1231 1242 1253 sacrarum
1259 1222 1451 1260 literarum,
1476 1230 1620 1262 quarum
1638 1220 1783 1261 apertis-

1070 1272 1296 1302 simalumina
1325 1272 1358 1301 in
1383 1276 1457 1303 toto
1478 1272 1543 1302 hoc
1561 1276 1700 1302 auctore
1725 1281 1784 1313 ap-

1071 1326 1209 1363 parent,
1226 1327 1262 1353 et
1277 1332 1296 1352 a
1311 1321 1410 1352 nobis
1421 1322 1453 1351 in
1471 1321 1612 1361 gratiam
1626 1322 1783 1354 Lectoris

1071 1373 1238 1414 peculiari
1255 1376 1334 1403 sunt
1348 1372 1464 1403 libello
1481 1375 1663 1403 enarratae.

1112 1426 1176 1455 459
1199 1423 1328 1454 Judicis
1359 1423 1486 1464 urnam]
1525 1423 1616 1456 Quia
1644 1423 1781 1464 judicia

1071 1474 1226 1504 collectis
1244 1472 1413 1514 suffragiis
1439 1474 1473 1504 in
1497 1483 1599 1505 urnas
1628 1474 1659 1505 ei
1686 1474 1783 1514 operi

1072 1524 1262 1556 destinatas
1280 1534 1342 1565 per
1354 1525 1545 1556 universam
1559 1524 1632 1556 fere
1649 1524 1784 1556 Graeci-

1072 1586 1124 1606 am
1142 1576 1410 1613 exercebantur,
1422 1575 1537 1607 inferis
1553 1585 1689 1617 quoque
1702 1575 1785 1607 talia

1071 1627 1321 1666 asscripserunt
1337 1626 1474 1658 Poetae.
1519 1627 1643 1667 Virgil.
1660 1626 1717 1658 lib.
1733 1635 1784 1658 vx.

1075 1677 1260 1716 Papinius:
1298 1676 1489 1707 ‘immensis
1518 1686 1637 1707 urnam
1670 1676 1784 1718 quatit

1072 1726 1196 1757 AEacus
1212 1726 1363 1758 umbris!
1408 1727 1455 1757 Et
1472 1726 1551 1758 inde
1569 1735 1655 1758 urna
1671 1727 1781 1766 ipsum

1071 1776 1192 1814 fatum,
1215 1777 1322 1816 ipsam
1351 1776 1594 1807 necessitatem
1617 1775 1784 1808 moriendi

1071 1825 1256 1866 significat.
1279 1825 1397 1856 Barth.

1113 1878 1180 1907 :161
1208 1875 1326 1906 Dulcia
1343 1878 1437 1915 raptu
1454 1875 1553 1906 Mella
1568 1875 1684 1916 trahit]
1705 1875 1785 1906 Non

1071 1925 1201 1956 insidiis
1219 1925 1278 1957 sed
1296 1931 1398 1965 raptu
1413 1924 1608 1956 manifesto.
1633 1925 1731 1957 Idem.

1115 1979 1178 2008 462
1203 1977 1331 2017 Spicula
1341 1976 1488 2016 tendunt]
1501 1976 1616 2007 Instar
1625 1975 1783 2006 militum.

1074 2028 1173 2060 Idem.

1115 2081 1179 2110 464
1204 2079 1365 2110 Rimosam
1376 2077 1528 2119 patriam]
1550 2078 1601 2109 Ex
1615 2077 1782 2113 Marone;

1072 2129 1160 2160 ‘levi
1178 2130 1303 2161 rimosa
1318 2130 1446 2160 cubilia
1463 2130 1541 2160 limo
1567 2129 1666 2169 Unge
1690 2127 1784 2159 fores

1073 2180 1226 2211 circum.'

1116 2230 1258 2261 Pumicz's
1294 2229 1401 2269 antra]
1446 2228 1653 2260 Gratissima
1681 2226 1781 2258 sedes

1073 2281 1205 2321 apibus.
1252 2279 1348 2310 Idem
1367 2280 1488 2310 Maro:
1512 2277 1595 2308 ‘sub
1616 2281 1710 2308 terra
1732 2276 1781 2308 fo-

1073 2331 1154 2362 dere
1171 2331 1278 2361 larem
1297 2329 1502 2369 penitusque
1518 2331 1682 2368 repertae,
1712 2327 1780 2358 Pu-

1070 2380 1282 2420 micibusque
1313 2379 1407 2409 cavis
1431 2387 1614 2419 exesaeque
1642 2375 1775 2408 arboris

1072 2429 1193 2461 antro!
1220 2429 1338 2460 Barth.

1116 2483 1178 2512 465
1204 2480 1367 2519 Pronaque
1386 2478 1495 2519 faros]
1519 2477 1619 2510 Quod
1645 2477 1688 2509 ob
1712 2486 1784 2508 mo·

1074 2532 1138 2563 lem
1157 2530 1249 2561 casui
1266 2529 1404 2559 videtur
1422 2529 1581 2560 vicinum.
1605 2528 1704 2559 Idem.

1119 2579 1274 2611 Examine
1291 2578 1409 2618 velant]
1459 2579 1584 2610 Vellcmt
1601 2587 1687 2609 unus
1704 2578 1784 2609 Flo-

1074 2636 1163 2662 rent.
1188 2631 1282 2670 Lego
1298 2631 1429 2660 vallant.
1453 2629 1594 2667 Statius,
1614 2628 1783 2660 Thebaid.

1075 2690 1144 2713 111.
1166 2682 1175 2699 ‘
1192 2680 1292 2711 Intus
1310 2685 1418 2721 agunt
1442 2684 1540 2711 natos
1564 2684 1601 2710 et
1624 2678 1709 2710 foeta
1724 2687 1782 2709 cu-

1075 2731 1160 2764 bilia
1184 2731 1314 2764 vallant
1341 2730 1533 2772 Unguibus,
1559 2729 1783 2771 imbellesque
