1852 3182
509 219 572 248 DE
607 220 763 249 BELLO
796 222 1084 255 GlLDONlCO.

69 311 232 344 dumento
242 312 436 344 necessario
447 312 642 353 despoliati.
658 316 771 346 Barth.

112 366 175 394 404
200 363 506 403 Sistentilmsaram]
523 363 723 396 Clementiae
738 372 773 397 ct

68 413 320 444 Misericordiae
353 423 423 451 ara,
460 413 603 444 Athenis
640 416 773 447 nobilis.

70 464 155 494 Erat
170 463 202 494 in
218 464 290 504 ipso
305 464 390 494 Foro
408 463 523 494 Urbis.
549 464 629 495 Fuit
647 475 724 495 vcro
739 471 774 497 et

67 513 187 544 Romae
211 523 269 544 ara
294 513 498 551 clementiae,
521 513 652 554 eodem,
680 521 775 554 puto,

65 562 239 602 instituto,
257 564 338 594 licet
360 573 426 594 non
450 562 621 605 frequenti
644 566 775 605 pariter

67 622 140 644 usu.
166 613 264 644 Idem.

111 663 274 694 Flentibus
286 663 388 703 aram]
406 662 507 694 Aram
520 664 776 706 misericordiae,

68 722 169 753 quam
201 713 350 744 Pausan.
371 714 491 744 scribit
517 715 550 745 in
579 714 775 746 foroAthe-

66 763 233 794 niensium
250 762 355 793 fuisse
372 764 605 794 constitutam.
653 766 775 796 Eume-

68 814 144 845 nius
158 814 307 845 Rhetor:
324 815 332 831 ‘
348 815 426 845 inde
441 815 514 854 est‚'
528 816 650 855 inquit,
665 818 671 831 ‘
684 817 773 857 quod

68 863 287 895 Atheniensis
312 864 504 895 humanitas
532 876 624 896 aram
647 868 774 897 miseri-

67 914 193 946 cordiae
212 915 384 946 instituit!
415 916 536 947 Dclrio.

109 969 170 996 405
199 967 318 997 Nomen
347 967 505 996 statuistis
527 967 672 1008 Athenae]
709 969 773 999 Nu-

67 1026 135 1047 men
177 1022 271 1047 recte
308 1017 481 1048 Barthius.
521 1019 687 1058 quomodo
739 1023 774 1050 ct

66 1066 187 1106 scripti
219 1077 350 1097 omnes.
385 1067 488 1104 βωμὸς
504 1068 594 1098 ἐλέου
617 1069 773 1100 Athenis.

67 1117 163 1157 cnjus
182 1118 381 1156 Pausanias,
395 1118 600 1157 Theophilus
617 1119 659 1149 ad
676 1119 776 1150 Insti-

66 1166 229 1203 tutiones,
258 1168 315 1198 alii
354 1169 593 1199 meminerunt.
651 1169 774 1200 (icon-o

65 1218 168 1249 etiam
186 1223 274 1249 teste
289 1218 477 1249 Scholiaste
501 1220 619 1256 Statii,
651 1220 707 1250 sed
726 1221 774 1251 lo-

66 1278 126 1300 cus
142 1269 198 1299 ille
215 1270 314 1308 vulgo
332 1274 527 1309 corruptus.
565 1270 774 1310 Siproprium

65 1329 188 1358 nanim,
215 1329 280 1350 non
307 1320 364 1358 Et,
390 1319 526 1360 quintus
543 1321 656 1351 vatic.
675 1321 773 1360 paulo

66 1371 253 1401 nervosius.
270 1371 372 1410 paulo
389 1375 467 1400 ante
483 1371 691 1410 proditajum
707 1381 774 1401 non

64 1421 191 1461 perdita
219 1421 308 1451 alter
326 1420 466 1451 Mureti.
492 1421 616 1460 placet.
640 1421 774 1460 διορνυ-

67 1471 136 1501 dita
152 1471 228 1510 jura
259 1471 392 1501 Senatus
420 1471 546 1501 Lucan.
572 1471 773 1503 lib.1v.sub

67 1520 180 1553 finem.
213 1522 256 1553 D.
273 1521 386 1552 Heius.

110 1575 174 1603 406
199 1573 392 1603 Pandionias
402 1573 587 1613 phalanges]
607 1574 775 1604 Notahis-

67 1622 156 1653 toria
174 1622 228 1653 vel
246 1632 286 1653 ex
303 1623 422 1653 ultima
437 1623 608 1653 Thebaide
627 1623 773 1664 Papinii.

67 1673 187 1704 Barth.

110 1726 175 1755 407
201 1723 306 1763 Rogas
332 1734 469 1754 meruere
498 1725 637 1764 maritis]
676 1725 776 1756 Prior

68 1772 197 1805 Moret.
215 1775 334 1805 mariti.
353 1775 447 1813 Lego
463 1775 591 1805 maritos
607 1784 667 1814 pro
682 1776 776 1805 mari-

68 1824 158 1855 tales.
171 1823 220 1855 sic
233 1824 374 1855 Evadne
392 1824 520 1855 Ovidio
537 1824 643 1863 dicta,
661 1826 669 1842 ‘
684 1824 777 1856 Ausa

70 1873 246 1905 maritales
270 1874 346 1904 viva
363 1874 475 1904 subire
494 1874 613 1913 rogos,y
639 1879 675 1904 et
702 1884 776 1905 nos-

70 1928 138 1962 tro,
150 1924 159 1940 ‘
178 1924 280 1954 Casta
296 1923 442 1953 maritali
458 1924 620 1954 successit
637 1923 777 1954 Thessa-

68 1973 102 2003 la
119 1972 239 2003 busto.’
262 1972 363 2002 laude
387 1973 545 2003 Serenae:
570 1974 579 1990 ⁴
603 1983 705 2003 curru
722 1973 777 2003 I'i-

71 2033 141 2055 saea
158 2023 280 2053 marito
306 2023 408 2063 Fugit
436 2024 504 2054 tela
535 2023 694 2064 l'elopst’
729 2025 776 2055 sic

68 2074 157 2106 enim
172 2073 406 2114 scribendum,
422 2084 489 2104 non
506 2075 635 2105 marino.
653 2076 661 2090 ‘
681 2075 778 2105 mari-

70 2125 95 2156 ti
113 2125 218 2165 ignes'
237 2124 327 2165 apud
345 2124 676 2163 Statium‚Thebaid.
694 2134 777 2156 un.

71 2176 160 2217 quod
187 2176 274 2206 male
303 2175 441 2206 codices
458 2180 603 2215 mutant,
631 2182 665 2206 et
683 2177 691 2192 ‘
711 2186 778 2207 ma-

70 2226 172 2257 ritum
191 2225 314 2256 foedus'
331 2225 435 2256 Theb.
454 2234 520 2256 xii.
547 2226 650 2257 Ovid.
667 2227 778 2266 Epist.

72 2277 263 2318 Hypermn.
303 2276 440 2308 ‘Quam
481 2280 516 2306 tu
555 2277 651 2308 caede
679 2283 778 2317 putas
822 2289 826 2292 ·

71 2325 167 2369 fungi
181 2327 333 2367 potuisse
347 2327 468 2357 marita
479 2327 499 2358 :’
516 2327 562 2358 sic
577 2327 777 2368 legendum:

70 2388 147 2410 cum
165 2379 368 2409 veterrimus
384 2378 471 2409 liber
485 2379 595 2408 marito
607 2378 778 2410 exhibeat.

71 2428 115 2460 de
127 2439 194 2470 quo
212 2428 365 2469 pluribus
383 2428 425 2459 ad
441 2429 533 2458 illuni
553 2429 672 2459 locum.
686 2429 778 2459 Mar-

73 2479 143 2510 tial.
160 2479 217 2510 lib.
234 2488 284 2510 ιν.
300 2479 419 2519 Epigr.
437 2481 489 2510 31.
507 2488 553 2509 νε.
571 2483 602 2511 5.
617 2479 626 2494 ‘
643 2478 780 2510 Arserit

71 2529 213 2561 Evadne
228 2528 371 2560 flammis
388 2529 517 2569 injecta
531 2530 685 2560 maritis.’
702 2540 777 2560 nam

71 2579 122 2611 ita
151 2585 188 2611 et
217 2580 288 2611 illic
318 2579 568 2611 emendandum
599 2586 695 2621 puto.
733 2581 777 2612 D.

72 2629 185 2660 Heius.

116 2682 180 2710 408
203 2678 240 2710 Si
254 2682 378 2710 moestas
391 2681 541 2720 squallore
557 2682 673 2722 comas]
697 2683 779 2713 Bar-

74 2729 162 2761 thius
180 2732 296 2760 moestoe
317 2740 420 2762 comoe.
464 2730 572 2761 Aldus
602 2737 638 2763 et
658 2733 779 2772 scripti

75 2779 229 2823 plerique
253 2783 361 2812 moesto
382 2790 424 2820 sq.
447 2790 551 2812 comoe.
584 2782 780 2813 Puteaneus

410 2924 425 2941 9

1414 220 1526 262 1413

827 328 943 357 sparsae
959 330 1060 350 ιὐιιιιῑ.
1086 321 1177 359 Lego
1190 332 1298 360 passm.
1313 323 1354 353 dc
1369 334 1433 364 qua
1446 335 1527 357 voce

826 368 980 406 pluribus
997 369 1036 399 nd
1056 370 1231 402 Ovidium.
1263 378 1377 410 posset
1399 380 1432 404 ot
1451 376 1530 415 legi,

825 422 931 449 maeslu
948 420 1098 459 squallore
1124 431 1229 451 cama:
1257 423 1344 462 quod
1363 424 1530 455 Cluveriu-

825 477 900 498 nam
929 470 1114 500 editionem
1133 472 1324 510 occupavit.
1347 477 1468 503 moestas
1483 486 1530 504 co-

826 528 889 548 mas
902 519 1077 557 eleganter
1089 521 1154 551 dici
1171 521 1211 551 ud
1228 522 1403 552 Man-onem
1419 524 1529 553 monui

826 569 986 599 Jineidos
1017 579 1067 601 xi.
1109 583 1154 602 vs.
1178 576 1231 602 35.
1260 577 1366 604 moesta
1393 576 1531 613 squalore

825 627 909 648 coma
937 619 1038 650 etiam
1068 621 1261 659 corrigebat
1292 623 1530 663 Bcrucggerus

826 668 867 698 ad
884 669 972 699 Flori
991 678 1047 700 ιιι.
1066 673 1095 701 l.
1126 671 1224 701 Idem.

870 719 985 749 JlIoesta
1010 722 1148 759 squalore
1169 722 1269 761 coma]
1298 723 1466 763 Loquitur
1483 724 1525 755 de

825 769 978 808 supplice
997 769 1112 800 habitu
1136 781 1201 811 quo
1220 771 1392 802 Adherbal
1411 774 1531 803 Rom-'1-

826 828 884 848 nos
902 820 1007 850 movit
1025 821 1056 850 in
1073 821 1290 861 Jugurtham.
1326 823 1441 854 Barth.

868 871 930 898 >109
954 871 1126 910 Adher-bul]
1170 872 1256 902 x'idc
1272 873 1454 904 Salustium
1472 873 1531 905 Ju-

827 920 962 957 gurtha.
988 921 1083 952 Idem.

868 972 929 999 *110
956 971 1083 1011 Mersit]
1131 971 1278 1012 Stirpem
1310 973 1395 1014 ejus,
1427 978 1529 1015 atque

827 1018 910 1048 adeo
929 1019 1034 1058 ipsum
1051 1021 1082 1050 iu
1096 1021 1221 1051 liberis.
1248 1023 1343 1054 Idem.

867 1071 929 1097 «1122
957 1069 1068 1108 Clade]
1086 1070 1266 1100 Excisionc
1286 1072 1415 1104 domus.
1435 1075 1530 1105 Idem.

867 1119 930 1148 414
968 1118 1184 1158 Agnoscatque
1206 1120 1310 1160 suum]
1357 1122 1468 1153 Orans
1495 1129 1532 1155 et

825 1167 1023 1207 obsecrans,
1050 1169 1110 1199 sed
1139 1170 1222 1200 nihil
1249 1170 1442 1211 proficiens.
1490 1173 1531 1204 In

825 1222 934 1247 morte
952 1218 1120 1257 Gildonis,
1148 1224 1185 1250 ut
1202 1220 1373 1261 plerisque
1395 1224 1530 1254 caetcris

825 1267 921 1306 hujus
945 1268 1049 1298 seculi
1074 1268 1186 1306 rebus,
1209 1269 1411 1302 dissentiunt
1425 1273 1532 1314 scrip-

826 1323 929 1348 tores,
975 1318 1128 1349 Zosimus
1156 1319 1268 1349 verbis
1286 1329 1388 1360 supra
1411 1322 1531 1361 positis

826 1378 885 1398 sua
898 1378 996 1399 manu
1015 1371 1263 1410 strangulatum
1282 1372 1411 1404 scribit.
1443 1374 1530 1405 Oro-

825 1419 891 1448 sius
909 1421 1037 1451 mavult
1055 1420 1097 1450 ab
1115 1421 1198 1459 aliis,
1217 1430 1283 1452 vu.
1298 1425 1350 1453 36.
1385 1423 1483 1453 Idem.

866 1474 928 1502 417
968 1473 1069 1503 I'ortu
1106 1474 1254 1514 Etrusco]
1298 1474 1400 1514 Pisis,
1435 1475 1529 1507 Urbe

825 1521 1011 1553 Hetruriae.
1038 1523 1134 1554 Idem.

868 1575 930 1603 418
956 1572 1154 1612 Herculeam,
1169 1573 1236 1613 ἃμ]
1274 1574 1342 1605 Hic
1365 1583 1451 1604 -vero
1479 1574 1528 1605 in-

827 1623 942 1662 tellige
959 1624 1115 1654 cohortes
1133 1633 1152 1653 a
1177 1624 1384 1654 Maximiano
1402 1624 1534 1655 Hercu-

826 1674 884 1712 110,
899 1678 933 1704 et
948 1684 966 1704 a
982 1674 1199 1704 Diocletiano
1213 1674 1506 1713 Jovio,i·ustitutas
1523 1685 1531 1705 :

828 1724 907 1754 alias
935 1723 1137 1754 Herculiani
1165 1728 1200 1754 et
1239 1724 1378 1755 Joviani
1403 1723 1529 1755 milites

828 1773 894 1804 dici
911 1778 1045 1814 queant.
1073 1774 1193 1804 (flaver.

871 1826 934 1854 420
962 1823 1124 1853 Festinant
1137 1823 1226 1862 adeo]
1265 1824 1348 1854 Cum
1374 1833 1451 1854 vero
1465 1833 1532 1855 non

828 1874 892 1903 nisi
926 1872 1108 1904 difficulter
1133 1873 1259 1916 vex-illa
1294 1874 1530 1914 movebantur,

828 1924 992 1963 insignem
1024 1923 1169 1964 aliquam
1200 1924 1367 1954 exercitui
1399 1924 1531 1955 cladem

829 1975 1004 2004 imminere
1049 1974 1170 2004 summi
1199 1975 1348 2006 ominum
1377 1975 1535 2006 observa-

830 2029 921 2055 tores
936 2024 1078 2055 Romani
1095 2024 1303 2062 credebant3
1333 2024 1464 2056 inducti
1479 2025 1532 2066 iis,

831 2085 905 2115 quae
919 2074 1060 2114 primuni
1078 2074 1252 2115 Flaminio,
1267 2079 1346 2115 post
1362 2075 1411 2106 M.
1435 2075 1533 2106 Cras-

829 2136 865 2157 so
880 2129 1079 2157 evenerunt.
1104 2125 1227 2155 Dclrio.

873 2179 936 2207 422
974 2176 1128 2215 Dictaque
1163 2175 1200 2205 ab
1249 2175 1390 2214 Augusto
1435 2174 1534 2215 legio]

831 2228 964 2267 Nempe
980 2225 1188 2256 Hormi-iana.

872 2280 934 2308 421
959 2276 1065 2307 Dictis
1088 2279 1159 2306 ante
1187 2274 1305 2314 tamen]
1330 2273 1534 2306 Adhortatio

829 2327 1030 2358 militaribus
1047 2326 1167 2357 animis
1193 2325 1294 2364 utilis,
1319 2325 1362 2356 ob
1389 2334 1533 2366 eamque

830 2378 1025 2419 eloquentia
1078 2375 1284 2417 Imperatori
1330 2374 1532 2406 necessaria.

831 2429 947 2460 Barth.

871 2483 933 2511 425
972 2479 1099 2520 Aggere
1129 2478 1319 2519 conspicuus]
1355 2475 1532 2508 Tribunali

829 2531 1009 2571 castrensi,
1044 2529 1132 2572 quod
1171 2528 1302 2569 cespite
1327 2525 1531 2567 congereba-

830 2586 896 2612 tul·-

874 2630 1071 2669 Circumfusa
1092 2627 1254 2668 juventus]
1297 2627 1406 2656 Locus
1441 2623 1530 2655 enim

829 2688 1017 2714 castrorum
1034 2679 1164 2710 medius
1180 2682 1263 2716 erat,
1278 2685 1375 2716 quem
1390 2674 1531 2706 scande-

828 2732 913 2764 bant
923 2730 1112 2762 exercitum
1130 2725 1319 2758 allocuturi.
1349 2725 1465 2756 Barth.

873 2784 937 2813 426
959 2780 1050 2812 Νίκα
1074 2777 1189 2816 hastis]
1236 2776 1334 2808 More
1357 2774 1529 2808 concionis
