1852 3182
353 209 529 241 PANEG.
561 206 611 236 m
648 205 788 235 PROB.
821 204 878 232 ΕΤ
911 203 1058 231 OLYB.
1092 201 1228 231 CONS.

110 309 171 338 2²5
198 305 262 346 Ipsi
284 304 348 334 τοῖα
368 298 492 339 regant]
525 298 671 329 Navium
697 306 764 328 ma-

68 358 205 397 gisterio
221 353 360 394 imperia
377 350 484 381 omnia
503 349 659 385 humana,
685 348 766 377 mul-

66 407 108 438 tis
124 406 202 437 locis
215 402 685 442 scriptoruiu,con1parantur;
699 406 765 427 non

68 457 177 488 miuus
194 452 329 485 incertis
345 450 469 491 quippe
487 448 594 478 dilata
611 453 648 478 ut
663 447 765 488 pluri-

67 516 158 537 mum
190 501 378 534 turbinibus
406 500 475 530 vita
506 504 632 537 nostra,
664 508 764 539 quam

67 560 158 586 rates
175 554 206 584 in
223 552 342 592 pelago
358 550 480 580 solent.
506 549 623 579 Bur-tlt.

109 607 171 635 2-18
197 603 309 633 Nireus
324 601 393 638 ¹ium
417 599 546 640 paudite
565 599 672 639 coetus]
697 598 764 628 Oc-

66 655 173 686 clusos
203 656 279 683 ante
306 651 399 681 velut
426 650 556 680 choros.
591 649 648 680 Sic
672 648 765 687 alibi,

63 703 205 734 victoria
222 700 386 741 reparatis
405 699 635 740 temporibus:
654 699 662 714 ‘
676 698 765 728 Pau-

64 747 135 784 dite
150 750 326 783 defensum
354 750 496 781 reduces
522 749 690 780 Helicona
717 758 767 779 so·

65 812 168 842 rores,
201 802 360 840 Pandite,
389 801 560 841 permissis
584 800 657 840 jam
684 799 767 830 licet

63 853 112 885 ire
128 853 260 884 choris!
295 852 411 882 Nireus
437 856 549 881 autem
575 850 707 881 habitus
722 850 766 880 ob

63 903 258 935 restitutam
290 902 498 940 libertatem,
521 906 555 931 et
583 900 766 931 laetissima:

65 954 177 985 aetatis
206 953 382 984 Consules.
438 952 556 981 Festos
584 951 687 981 etiam
712 951 767 980 lae-

63 1008 186 1044 tosque
213 1003 282 1033 dies
308 1001 450 1032 Romani
476 1000 634 1031 colebant
661 999 767 1029 niveis

65 1054 152 1093 togis
177 1058 235 1083 aut
257 1051 464 1092 comparatis
502 1056 560 1081 aut
589 1049 767 1090 reparatis.

64 1104 183 1135 Barth.

106 1154 243 1185 Pandite
266 1151 376 1191 coetus]
410 1151 472 1182 Vir
490 1149 766 1190 incomparabilis

64 1204 100 1235 in
127 1212 186 1235 ora
217 1203 294 1234 libri
310 1203 375 1241 sui,
401 1202 530 1243 paudite
557 1202 687 1232 cinctus.
719 1201 768 1232 (ΣΙ.

64 1255 236 1292 Bartliius,
258 1254 390 1294 pangite
405 1256 516 1283 coetus:
546 1252 636 1293 qnod
656 1256 769 1282 tamen

65 1304 224 1338 secundis
255 1305 344 1335 curis
374 1301 560 1333 damnavit.
620 1301 660 1331 In
696 1300 770 1332 Pri-

64 1365 193 1391 caeano,
218 1354 380 1392 nireojum
393 1353 534 1393 plaudite
549 1355 640 1383 coetu.
678 1351 770 1381 Niliil

65 1404 276 1436 mutandum.
310 1404 366 1434 Sic
391 1404 399 1419 ‘
417 1402 568 1442 paudere
581 1401 771 1440 Helicona‚’

67 1455 163 1494 Virg.
182 1454 255 1485 AEn.
274 1462 337 1484 vu.
364 1458 399 1483 et
430 1457 546 1483 nostro
570 1450 770 1491 praefatione

64 1505 144 1535 libri
167 1514 206 1535 ιι.
234 1504 266 1534 in
291 1503 401 1535 Rufin.
433 1503 441 1518 ‘
472 1502 621 1543 pandere
646 1502 771 1532 mentis

66 1553 287 1596 penetralia3'
324 1553 414 1583 idem
444 1553 501 1584 lib.
530 1561 552 1582 1.
588 1551 629 1582 de
671 1552 771 1591 Rapt.

66 1614 166 1646 quam
182 1614 297 1635 veram
323 1603 502 1634 lectionem
528 1606 623 1641 puto.
656 1602 665 1618 ⁴
684 1602 772 1632 Pau-

68 1655 148 1687 dere
181 1653 299 1686 aciem’
335 1663 395 1694 pro
435 1653 620 1694 explicare,
646 1652 771 1683 Livius.

69 1707 78 1723 ‘
95 1706 198 1737 Picta
215 1704 336 1746 pandit
353 1703 551 1744 spectacula
573 1702 704 1741 canda:
729 1702 771 1732 dc

69 1765 201 1797 pavone
210 1755 334 1786 Horat.
351 1754 410 1785 lib.
426 1763 465 1784 11.
476 1753 545 1783 Sat.
556 1755 586 1783 2.
600 1753 608 1769 ‘
621 1751 772 1792 pandere

69 1805 225 1847 vestigia'
242 1805 382 1837 Gratius
411 1804 453 1834 de
481 1804 590 1842 Cane,
611 1803 620 1819 ‘
638 1801 774 1842 Effuge,

71 1857 126 1899 qui
143 1857 211 1888 lata
227 1856 346 1897 pandit
363 1854 506 1894 vestigia
522 1853 663 1893 planta!
696 1862 772 1883 nos-

69 1915 124 1942 ter
147 1910 206 1941 lib.
223 1919 248 1941 1.
272 1910 304 1940 in
329 1907 442 1940 Rufin.
465 1908 473 1923 ‘
492 1906 546 1937 hic
566 1906 676 1937 mollis
694 1915 773 1946 pan-

69 1961 161 1992 ditur
177 1959 304 1991 herba.'

113 2013 176 2041 249
205 2009 302 2041 Violis
314 2007 638 2048 proetexite]Ve1ate.
650 2006 773 2038 Postes

70 2061 119 2092 ita
135 2064 249 2100 myrto
266 2059 436 2089 obducere
459 2058 606 2097 imperat
629 2056 775 2096 nuptiali

71 2110 161 2143 festo
189 2111 316 2149 Venus,
350 2108 577 2148 Epithalamio
617 2108 776 2139 Honorii.

72 2162 191 2193 Barth.

114 2214 178 2242 250
204 2209 420 2247 Mellaserant
436 2207 545 2249 sylrae]
569 2208 776 2247 Cavefluant

74 2261 232 2293 admittas
258 2270 335 2292 cum
363 2259 518 2297 Bartnio,
541 2268 616 2289 cum
642 2258 776 2298 prqfluut

75 2317 257 2354 sequatur:
282 2309 372 2352 quod
389 2309 446 2339 ille
464 2307 609 2339 affirmat
626 2308 659 2338 in
679 2308 777 2338 Pala-

77 2362 158 2402 tino,
184 2371 283 2403 quem
311 2369 405 2392 suum
437 2360 602 2399 appellat,
625 2358 673 2388 sic.
700 2358 779 2398 legi,

76 2410 196 2443 falsum
211 2416 272 2442 est.
297 2411 349 2441 Ex
363 2409 620 2440 Pulmannianis
634 2408 779 2439 Pamelii

77 2461 185 2494 codex
199 2462 246 2492 sic
263 2461 430 2501 agnoscit,
448 2465 484 2491 et
504 2469 588 2489 unus
611 2459 699 2489 Susii
717 2468 778 2499 pro

78 2512 211 2542 diversa
225 2512 385 2542 lectione.
425 2510 542 2542 Nostri
567 2518 682 2540 omnes
709 2510 779 2540 vul-

81 2565 194 2602 gatam
241 2561 447 2601 scripturam
497 2559 672 2591 exhibent.
734 2559 778 2590 D.

84 2610 192 2641 Heius.

123 2661 186 2689 252
210 2659 374 2699 Spiruntia
400 2657 553 2698 balsama]
576 2658 780 2689 Suaveolen-

85 2709 145 2741 tia.

83 2807 107 2841 fl
125 2760 189 2790 256
215 2758 439 2802 Vulturnusque
450 2759 568 2802 rapax]
585 2758 782 2801 Campaniae

110 2818 216 2842 uvius.

1405 193 1519 235 1229

861 297 903 326 Et
921 295 1004 334 Nar]
1030 295 1151 332 Vin-gil.
1177 296 1186 311 ⁴
1204 292 1361 324 sulfurea
1385 296 1456 325 Nar
1474 297 1520 327 al-

818 346 878 376 bus
895 345 1001 386 aqua)
1026 345 1082 375 Sic
1100 345 1201 374 Silius
1220 344 1380 375 Italicus:
1406 346 1414 360 ‘
1434 347 1520 376 Nar-

816 406 881 437 que
898 395 1149 426 albcscentibus
1189 393 1288 424 undis
1312 393 1351 423 Iu
1374 394 1522 426 Tiberim

818 445 1026 486 properans!

860 498 922 525 259
950 495 1067 525 Tenens
1082 497 1224 534 querceta
1235 493 1382 533 Illurica’]
1411 494 1523 524 Terens

817 555 894 575 cum
911 546 1046 584 scriptis
1063 551 1141 575 octo
1159 544 1282 574 uostris
1309 548 1343 573 et
1360 543 1521 574 Delriano

817 595 958 625 codice:
985 595 1086 624 miror
1113 594 1290 625 dubitasse
1323 593 1521 624 Bartliium:

816 645 1004 687 parimodo
1032 646 1119 676 idem
1150 655 1247 675 versu
1267 645 1420 685 proximo
1446 648 1524 676 tcm-

814 699 904 736 perat
926 706 990 727 nou
1019 699 1154 736 reparat.
1196 695 1359 735 Virgilius
1385 695 1428 726 de
1456 695 1524 727 Ga-

817 747 900 785 leso,
925 747 933 763 ‘
954 746 1190 786 scatebrisque
1209 745 1342 776 arentia
1356 749 1524 786 temperat

819 796 923 827 arva!
962 797 1003 828 D.
1022 797 1134 827 Heius.

864 847 977 877 Terens
997 850 1138 886 quer-cela
1157 846 1304 886 Muricoe]
1338 846 1523 877 Sciendum

818 897 920 927 etiam
947 897 988 927 ab
1017 898 1090 927 aliis
1119 897 1198 937 logi,
1234 900 1348 928 teneus.
1396 898 1525 929 Lucan.

819 948 827 964 ‘
841 952 875 977 ct
893 947 1059 978 umbrosae
1076 948 1162 978 Liris
1181 957 1240 987 per
1257 957 1363 987 regna
1384 948 1525 978 Maricae

818 1000 970 1030 Vestinis
1002 1001 1164 1040 impulsus
1193 1000 1311 1041 aquis)
1357 1000 1525 1030 Maricam

820 1050 1028 1090 Nympliaui,
1046 1050 1150 1081 Fauni
1168 1060 1308 1080 uxorein
1325 1049 1440 1090 fuisse,
1459 1055 1526 1080 tra-

820 1099 869 1130 dit
886 1100 1034 1130 Servius.

862 1153 923 1181 261
950 1150 1077 1191 Semper
1093 1149 1275 1189 honoratus]
1300 1148 1436 1187 Annuo,
1454 1157 1529 1188 per-

820 1205 993 1242 petuoque
1007 1201 1111 1232 cultu.
1127 1200 1185 1230 Sic
1205 1199 1381 1229 Sidonius:
1401 1199 1409 1214 ‘
1423 1198 1527 1230 Quic-

820 1250 900 1291 quid
917 1251 1002 1290 agis,
1020 1259 1223 1291 quocunque
1240 1249 1307 1280 loci
1324 1258 1371 1288 es,
1389 1258 1526 1288 semper

820 1301 900 1332 mihi
917 1300 1061 1339 faustus,
1075 1301 1217 1340 Semper
1232 1300 1425 1339 honoratus,
1442 1307 1528 1329 sem-

822 1360 883 1390 per
900 1360 1032 1390 quoque
1050 1349 1214 1380 maximus
1231 1347 1326 1378 esto.'

864 1403 926 1430 263
954 1401 997 1430 Et
1011 1398 1182 1440 Nymphae]
1207 1396 1395 1438 Regnatori
1410 1394 1527 1427 fluvio-

824 1460 894 1480 rum
910 1449 1164 1488 adscribuutur,
1179 1457 1254 1489 quae
1269 1446 1417 1488 alioquin
1430 1445 1526 1476 mari.

823 1500 939 1530 Barth.

864 1553 926 1581 264
955 1551 1047 1581 Tecta
1071 1551 1183 1589 parant
1201 1547 1313 1587 epulis]
1337 1546 1528 1587 Rapliclen-

822 1601 894 1640 gius
919 1601 1027 1641 peplis,
1052 1605 1187 1630 secutus
1213 1599 1445 1638 conjecturam
1466 1597 1529 1628 viri

823 1653 960 1684 maximi
973 1664 979 1683 :
992 1653 1092 1683 male.
1105 1651 1180 1682 Lib.
1193 1660 1229 1682 11.
1239 1652 1271 1681 in
1285 1649 1397 1681 Rufin.
1413 1650 1528 1680 ‘Nunc

826 1703 945 1743 epulas
960 1706 1106 1742 tempus,
1133 1701 1229 1740 socii,
1256 1710 1345 1730 nunc
1364 1700 1455 1738 larga
1472 1708 1528 1739 pa·

824 1753 889 1784 rari
904 1751 1072 1783 B'Iunerass
1096 1752 1253 1782 Lucanus
1271 1750 1327 1780 lib.
1342 1760 1406 1780 vu.
1427 1750 1436 1766 ‘
1449 1759 1532 1790 epu-

823 1803 933 1844 lisque
965 1806 1104 1843 paratur
1135 1802 1199 1832 Ille
1242 1800 1357 1832 locus?
1407 1800 1531 1840 Virgil.

824 1854 899 1885 f'En.
918 1863 967 1884 vr.
990 1853 999 1870 ‘
1019 1853 1207 1893 Epulzeque
1232 1855 1361 1891 paratae
1376 1849 1530 1889 Regifico

824 1903 928 1935 luxu.y

825 1955 942 1995 epulas
972 1958 1008 1984 et
1040 1962 1136 1984 sacra
1165 1951 1313 1992 parant.'
1356 1950 1460 1982 Ovid.
1490 1959 1530 1981 11.

825 2005 916 2035 Fast.
939 2004 948 2021 ‘
967 2004 1123 2044 Dumque
1140 2007 1261 2042 parant
1277 2001 1396 2041 epulas
1413 2004 1532 2040 potan-

827 2055 936 2096 daque
953 2054 1031 2084 vina
1047 2052 1192 2083 ministri
1209 2054 1228 2081 :'
1259 2055 1294 2081 et
1311 2050 1428 2081 eodem
1445 2049 1533 2080 libro

826 2104 915 2134 idem
935 2104 1048 2134 Naso:
1071 2103 1080 2119 ‘
1100 2106 1199 2143 parat
1215 2100 1324 2131 inscia
1346 2109 1459 2130 rerum
1477 2099 1534 2129 In-

826 2153 910 2185 felix
934 2154 1052 2194 epulas
1074 2151 1225 2182 hostibus
1250 2150 1308 2180 illa
1331 2149 1420 2180 suis!
1456 2149 1535 2179 Vir-

829 2205 929 2245 gilius
946 2204 1005 2236 lib.
1023 2213 1047 2235 1.
1070 2204 1079 2219 ‘
1098 2201 1286 2241 mediisque
1316 2203 1439 2240 parant
1457 2208 1536 2230 con-

828 2257 916 2287 vivia
934 2254 1060 2286 tectis!
1094 2255 1103 2270 ‘
1128 2253 1286 2293 Dapibus
1309 2251 1447 2292 paratis'
1482 2260 1535 2282 su-

829 2316 890 2346 pra
908 2305 1096 2335 habuimus.
1119 2303 1252 2333 Seneca
1267 2301 1536 2342 Agamemnone,

829 2358 838 2372 ⁴
857 2356 1029 2386 Parautur
1042 2354 1153 2394 epulae
1171 2363 1177 2383 :
1199 2362 1320 2383 caussa
1332 2351 1454 2383 natalis
1470 2350 1537 2391 tui,

825 2406 998 2446 AEgisthe,
1017 2404 1133 2435 venit.'
1174 2403 1220 2434 D.
1234 2402 1345 2434 Heius.

873 2459 935 2487 265
963 2454 1180 2494 Gemmifhris]
1197 2454 1350 2484 Gemmis
1366 2453 1400 2483 in
1413 2452 1536 2493 pocula

831 2506 960 2538 cavatis
992 2512 1127 2537 veteres
1160 2514 1238 2535 usos
1275 2512 1372 2534 nemo
1415 2502 1537 2533 nescit.

829 2558 951 2597 Virgil.
980 2558 989 2574 ⁴
1008 2557 1057 2588 Ut
1075 2565 1205 2596 gemma
1223 2554 1319 2585 bibat
1337 2558 1373 2585 et
1389 2554 1535 2584 Sarrano

831 2607 977 2638 dormiat
994 2605 1111 2637 ostro.’

874 2659 935 2687 267
957 2656 1219 2696 Consanguineis]
1243 2654 1434 2686 Fratribus.
1460 2650 1536 2682 Etsi

832 2707 1021 2738 Germanos
1038 2707 1151 2746 potius
1177 2704 1281 2735 fuisse
1299 2709 1393 2743 puto.
1416 2698 1534 2731 Barth.

874 2757 980 2796 Anne]
1002 2757 1072 2788 Pro
1085 2765 1193 2785 annus.

879 2807 973 2839 felix
997 2804 1171 2838 auctoribus
1193 2800 1287 2843 anne]
1316 2800 1373 2832 Sic
1391 2797 1537 2841 Gyraldi

964 1903 1042 1933 Val.
1061 1903 1218 1941 Flaccus,
1235 1902 1293 1932 lib.
1312 1909 1396 1931 vni.
1421 1900 1430 1916 ‘
1447 1901 1531 1931 Mox
1575 1935 1578 1938 .
