1852 3182
582 207 629 235 ιΝ
669 207 898 236 ηυιτιΝυΜ
938 208 1030 237 mn.
1067 209 1117 239 11.
1461 205 1572 247 1271

122 300 143 331 l.
161 310 214 333 tx.
230 304 294 333 &tn

164 356 204 383 43
233 353 350 383 Καίτοι
376 350 498 390 Peliam]
535 351 624 381 Mira
650 351 692 381 ‹le
717 352 819 382 Panis

123 403 280 433 cantibus
292 408 326 432 et
341 402 575 432 'l'licssaloium
597 409 767 441 pastorum
787 404 817 433 in

122 451 183 482 lioc
194 452 262 482 sive
274 451 398 490 speia-o
412 452 482 481 sive
497 459 609 482 monte
625 452 819 484 fabulantur

121 501 238 532 Poijtae
254 502 366 532 Gran-i
384 507 419 531 et
438 502 561 533 Latini.

160 554 202 581 46
225 551 365 590 Arvaque
394 552 569 592 Mysorum]
596 553 760 584 Musarum
785 554 817 584 in

120 601 298 631 nonnullis.
325 602 369 632 Ι).
392 603 500 633 Heius.

158 653 199 681 47
226 652 340 682 Cursus
365 653 509 694 solennis]
541 655 695 684 Solennis
734 660 816 686 tcm-

118 702 208 742 poris
225 712 365 734 cursus:
393 705 523 736 adsueti
535 708 607 747 jam
624 709 816 748 populatio-

116 751 214 782 nibus
227 757 262 783 et
278 754 467 786 incursibus
480 757 721 797 Rarbaroruin,
734 760 816 790 nibil

113 806 189 837 novi
207 807 268 838 sibi
286 809 492 841 videbantur
507 811 590 850 pati.
637 810 725 840 Alibi
741 821 816 850 gur-

113 857 211 896 gitem
225 858 285 888 {tri
301 864 409 890 vocat.
434 860 548 891 Barth.

157 910 199 939 48
224 908 412 950 Sensumque
426 911 514 941 malis
528 913 707 941 detraxerat
730 912 816 951 usus]

115 957 284 990 Nimirum
312 971 386 1000 quae
415 961 470 991 diu
495 963 584 1002 passi
608 973 735 1000 sumus,
761 964 815 992 vix

114 1009 291 1049 sentimus,
313 1016 348 1041 et
374 1017 505 1052 tempus
524 1013 632 1052 ipsum
650 1013 816 1043 consumit

115 1057 239 1089 doloris
285 1069 431 1091 sensum.
485 1061 605 1092 Cicero
643 1063 813 1093 Familiar.

118 1106 139 1136 l.
167 1116 215 1137 lv.
247 1109 392 1139 ‘Nullus
420 1110 515 1140 dolor
543 1117 593 1142 est
625 1122 723 1150 quem
750 1122 815 1143 non

113 1156 343 1198 longinquitas
355 1161 519 1199 temporis
533 1161 629 1192 tollat
643 1167 744 1203 atque
757 1164 816 1194 mi-

111 1207 219 1238 nuat.’
264 1208 400 1240 Terent.
424 1211 432 1227 ‘
447 1210 531 1241 Dies
545 1211 662 1242 adimit
680 1213 816 1253 aegritu-

113 1257 226 1289 dinem
243 1259 459 1290 hominibus?
489 1261 584 1292 Idem.

154 1311 196 1339 49
223 1309 309 1340 Eheu
330 1321 421 1350 quam
436 1310 591 1351 bret-ibus]
617 1313 744 1344 Divina
761 1325 816 1345 ex-

112 1360 280 1391 clamatio.
316 1361 617 1394 Confirmationem
635 1364 732 1404 hujus
744 1375 816 1396 sen-

114 1410 229 1440 tentiae
246 1410 395 1451 undique
414 1412 536 1451 ingerit
565 1413 633 1444 Dei
651 1414 816 1456 Omnipo-

114 1463 218 1493 tentis
239 1463 334 1501 ordo,
359 1465 412 1495 cui
432 1466 545 1505 placet
560 1471 730 1497 momento
749 1477 814 1497 uno

113 1519 270 1544 evertere
289 1514 404 1545 multis
418 1515 514 1545 annis
533 1521 661 1555 parata.
687 1517 783 1547 Idem.

157 1563 291 1593 Pereunt
318 1564 459 1602 ingentia
485 1564 602 1603 causis]
630 1565 722 1596 Fatis
750 1566 815 1596 Lu-

111 1621 204 1642 cens.
222 1619 257 1643 et
270 1613 412 1653 Gyrald.
441 1615 575 1646 Placet.
600 1616 642 1646 D.
661 1616 772 1647 Heius.

152 1665 193 1692 5⁴1
221 1663 304 1693 Urbs
321 1663 430 1703 etiam]
459 1664 621 1695 Homines
633 1675 705 1696 cam
724 1666 816 1696 inha-

112 1711 274 1744 bitantes.

150 1763 229 1798 Quae
241 1763 359 1794 dicitur
377 1765 488 1794 <emula
504 1764 629 1804 Romae]
649 1765 814 1797 Constan-

113 1813 270 1854 tinopolis
287 1814 406 1854 utique
429 1815 545 1846 Romae
573 1817 705 1855 aemula,
719 1826 816 1857 nova,

109 1864 269 1902 secunda,
301 1874 480 1896 renascens
510 1866 636 1896 Roma:
675 1877 750 1898 nam
779 1873 815 1899 et

111 1913 184 1953 ipsa
202 1915 264 1945 toti
283 1915 368 1945 Orbi
385 1915 544 1946 Domina.
562 1916 685 1947 Barth.

153 1964 233 1999 Quae
249 1965 365 1995 dicitur
396 1966 505 1995 (emula
531 1966 652 2006 Romae]
678 1968 815 1998 Ducitur

111 2014 208 2055 prim.
224 2016 336 2047 Vatie.
359 2017 404 2048 D.
425 2017 534 2048 Heius.

155 2069 194 2096 55
223 2066 266 2096 Et
293 2066 514 2098 Chalcedonius
527 2071 635 2098 contra
656 2070 810 2108 despectat

107 2116 232 2156 arenas]
248 2115 358 2147 Situm
372 2116 685 2158 Constantinopolis
701 2129 742 2149 ex
754 2119 810 2150 ad-

108 2174 206 2195 verso
236 2166 460 2197 Chalcedonis
492 2167 668 2199 describit.
691 2169 812 2200 Arenas

109 2219 221 2246 antem
256 2215 381 2246 dixisse
409 2216 544 2247 videtur
572 2218 734 2249 allusione
769 2219 810 2249 ad

105 2274 262 2306 magnam
277 2266 342 2297 vim
357 2276 482 2305 earum,
494 2278 560 2308 qua
574 2268 604 2298 in
620 2269 725 2299 altum
740 2279 813 2309 pro-

103 2314 201 2355 jecta
218 2316 415 2356 ampliorem
429 2316 547 2348 urbem
562 2318 755 2358 Imperator
766 2318 813 2349 fe-

108 2363 170 2395 cit.
194 2365 312 2396 Barth.

146 2418 187 2446 57
212 2416 349 2456 Propius
364 2418 464 2448 lucere
482 2417 587 2457 faces]
625 2417 666 2448 In
690 2419 812 2450 castris

105 2465 297 2506 hostilibus,
308 2472 366 2498 aut
378 2467 633 2499 excursionibus
645 2469 813 2500 Barbaro-

107 2526 180 2548 rum
208 2516 351 2548 flammis
374 2519 488 2550 omnia
516 2519 734 2550 vastantium.
766 2530 812 2552 vl.

107 2566 210 2599 Cons.
226 2567 319 2599 Hon.
344 2570 354 2586 ⁴
367 2569 451 2600 Mox
462 2574 497 2600 et
512 2580 573 2610 per
583 2570 718 2601 Latium
733 2571 812 2602 stel-

109 2617 216 2649 larum
231 2629 325 2650 more
352 2620 509 2651 videbam
537 2621 740 2652 Barbaricos
762 2632 813 2652 ar-

110 2665 194 2698 dere
209 2666 326 2699 focos.’
374 2669 465 2700 Hinc
491 2680 558 2701 non
585 2681 662 2701 raro
689 2676 811 2703 strate-

111 2720 247 2756 gemata
263 2717 413 2750 fallendo
429 2721 517 2752 hosti
539 2721 751 2762 excogitata,
764 2723 811 2762 ig-

109 2764 210 2796 nibus
235 2771 423 2800 castrorum
449 2771 602 2802 mentitis
631 2777 691 2802 aut
716 2772 811 2803 dissi-

107 2815 257 2849 mutatis.
303 2817 394 2849 Nam
412 2819 455 2851 ab
479 2820 530 2852 his
552 2821 813 2853 aestimabantur

867 301 985 340 copim.
1017 303 1129 334 Barth.

910 355 951 382 60
977 354 1092 383 Portus
1121 354 1238 383 munire
1273 355 1403 394 carinis]
1437 358 1572 390 jum-tm

868 402 956 433 enini
973 409 1006 433 ct
1020 411 1254 434 concatenata=
1272 412 1360 436 rates
1380 407 1469 437 iilmu
1488 420 1571 447 prac-

868 459 958 484 slant
975 455 1064 494 quod
1084 461 1228 486 (παρη-υ.
1256 457 1351 487 Idem.

914 507 956 534 (52
981 505 1164 546 Summaque
1187 517 1204 536 a
1221 507 1368 547 culmini]
1407 509 1433 538 [3
1448 510 1575 540 culmine

869 554 1012 593 Gyraltl.
1033 563 1127 586 recu¹
1142 568 1147 586 :
1177 558 1290 587 malim
1308 558 1422 596 etiam,
1437 569 1574 589 summa*-

868 614 942 643 que:
966 607 1143 645 quomodo
1163 609 1260 646 prim.
1286 609 1444 639 Vatican.
1462 610 1492 639 in
1511 621 1574 650 quo

869 660 903 684 et
919 664 957 684 rx
973 655 1115 686 culmine.
1146 657 1186 687 D.
1198 658 1315 689 Heius.

910 708 951 735 63
978 705 1104 745 Spectat
1149 708 1320 738 certamina
1359 708 1474 748 campi]
1518 710 1574 740 Sic

872 757 981 787 Delrii
1005 758 1090 789 Coa.
1120 768 1204 788 unus
1233 759 1353 790 Petav.
1380 765 1414 789 et
1439 760 1574 791 Thalos.

868 817 943 838 cum
969 808 1098 839 duobus
1121 809 1322 840 Vaticanis:
1347 810 1444 840 cernit
1459 814 1576 850 specta-

867 860 933 889 cula
962 860 1102 890 Lucens.
1130 860 1253 899 Isingr.
1277 864 1310 890 et
1335 860 1432 899 prim.
1456 861 1572 891 Vatic.

867 909 978 947 Vulgo
994 911 1093 940 cernit
1108 910 1290 940 certamina.
1317 910 1423 941 laem.

909 962 949 989 64
975 960 1068 990 Hunc
1103 970 1159 1000 per
1198 962 1273 990 rada
1307 962 1420 991 caemala
1456 961 1570 1001 mergi]

870 1008 962 1038 Hunc
989 1010 1019 1039 in
1037 1011 1114 1039 rada
1137 1011 1279 1049 proxima
1298 1011 1398 1049 mergi
1431 1012 1573 1042 Lucens.

868 1064 900 1087 et
919 1058 1060 1098 Gyrald.
1092 1070 1170 1098 ruga
1196 1063 1309 1091 carulo
1338 1063 1437 1101 prim.
1455 1068 1490 1093 et
1505 1072 1574 1094 sec.

869 1107 1030 1139 Vaticani
1046 1121 1052 1139 :
1079 1119 1140 1149 pro
1151 1119 1247 1140 nurus
1260 1111 1360 1140 etiam
1375 1122 1482 1142 manus
1495 1122 1576 1142 non-

867 1158 962 1198 nulli,
993 1168 1068 1189 cum
1106 1159 1352 1199 Pomponianis
1389 1162 1573 1201 excerptis.

869 1209 970 1239 Idem.

915 1260 1043 1290 Vim-tas
1067 1260 1113 1290 ire
1135 1260 1245 1300 nurus]
1271 1260 1500 1292 Miserabilior
1526 1263 1573 1292 rei

866 1310 993 1340 atrocis
1017 1308 1123 1340 facies
1148 1316 1201 1341 est
1232 1311 1264 1340 in
1285 1312 1330 1349 τῷ
1352 1322 1458 1351 nurus,
1482 1313 1574 1353 quod

865 1361 1001 1390 mininie
1019 1360 1230 1391 mutandum.
1257 1361 1375 1392 Barth.

915 1410 1041 1440 Vinctus
1054 1410 1100 1440 ire
1117 1420 1222 1447 nurus,
1236 1410 1306 1450 Esca]
1338 1411 1406 1442 Alii
1425 1413 1504 1442 hunc
1519 1423 1574 1452 per

865 1460 944 1490 cada
974 1460 1088 1490 curata
1127 1461 1236 1497 mergi.
1282 1462 1432 1491 Susianae
1473 1472 1574 1493 inem-

868 1510 994 1550 branae,
1015 1511 1142 1540 Vinctus
1157 1511 1202 1541 ire
1215 1522 1330 1542 manus.
1355 1512 1505 1550 Schott..

910 1562 973 1591 l‘er
989 1561 1083 1600 vada]
1109 1562 1191 1591 Plus
1210 1567 1262 1593 est
1279 1572 1379 1603 quani
1405 1563 1430 1592 si
1451 1563 1483 1593 in
1501 1563 1573 1594 ‹lix-

867 1610 958 1641 isset.
1015 1612 1103 1641 Nam
1130 1617 1280 1642 tractum
1308 1622 1369 1651 per
1394 1613 1477 1643 vada
1506 1623 1568 1645 nec

867 1670 934 1690 uno
950 1660 1066 1691 statim
1084 1661 1158 1691 loco
1170 1671 1316 1691 mersum
1335 1662 1431 1692 (licit.
1460 1663 1572 1694 Barth.

910 1715 952 1742 66
980 1712 1086 1741 Portis
1114 1712 1217 1752 ‹gfflare
1237 1712 1291 1741 sub
1317 1712 1409 1752 ipsis]
1444 1713 1574 1752 Spirare

868 1766 948 1792 octo
963 1761 1082 1801 scripti
1095 1771 1170 1792 cum
1184 1763 1357 1801 excerptis
1371 1762 1572 1802 Pomponii:

868 1820 930 1850 pro
957 1811 1137 1851 expirare:
1172 1815 1209 1841 ut
1238 1811 1326 1851 apud
1355 1812 1432 1842 Val.
1462 1813 1572 1845 Flarc.

866 1862 874 1877 ‘
888 1862 984 1892 'l‘unc
1002 1866 1139 1892 tenuem
1158 1861 1291 1901 spirans
1307 1861 1464 1901 animam,
1479 1863 1572 1894 salve

867 1922 886 1942 o
901 1912 979 1942 milii
995 1912 1130 1951 longum
1143 1912 1339 1951 Expectata
1350 1922 1467 1942 manus
1480 1912 1501 1943 :’
1527 1914 1590 1945 ni-.

865 1962 910 1992 liil
929 1967 1022 1992 muto
1039 1966 1173 1992 tamen:
1200 1971 1276 1992 mox
1293 1962 1411 2002 scripti
1429 1962 1571 1994 totidem

862 2021 1054 2052 puerumque
1063 2021 1168 2042 cruore
1180 2014 1334 2042 maternos
1338 2012 1460 2049 foedare
1468 2013 1552 2043 sinus
1564 2024 1573 2049 ;

866 2067 1047 2103 utrumque
1074 2062 1224 2101 elegans,
1249 2062 1436 2102 Vulgatum
1466 2064 1572 2104 magis

867 2114 1124 2144 Claudianeum.
1144 2114 1186 2143 D.
1205 2113 1317 2144 Heius.

908 2168 947 2196 67
975 2165 1129 2204 Puerique
1155 2174 1262 2195 cruore
1280 2165 1440 2195 Maternus
1457 2166 1571 2196 undare

864 2216 963 2256 sinus]
981 2217 1175 2256 Puerumque
1186 2226 1293 2247 cruore
1303 2217 1573 2255 Mater-nossoeda-

864 2278 898 2298 re
910 2268 1037 2298 sinusin
1050 2267 1236 2297 nonnullis:
1253 2268 1388 2298 undante
1398 2268 1572 2299 Farnesia-

866 2318 916 2348 nis
930 2330 937 2349 :
964 2323 1001 2348 ut
1017 2317 1161 2348 fortasse
1173 2318 1349 2357 scripserit
1362 2323 1490 2356 noster,
1507 2319 1570 2349 Pu-

825 2402 828 2405 Α
865 2368 970 2407 erique
991 2377 1099 2398 cruore
1125 2368 1286 2398 Mater-nos
1303 2368 1447 2406 foedante
1471 2369 1566 2400 sinus.

866 2417 973 2448 Idem.

910 2468 1065 2508 Puerique
1080 2477 1188 2499 cruore
1210 2469 1375 2499 Maternus
1394 2469 1509 2500 undare
1526 2469 1568 2499 si-

865 2517 937 2557 nus]
967 2518 1250 2549 immanissimum
1277 2519 1437 2559 supplicii
1463 2528 1567 2559 genus

865 2568 897 2598 in
915 2574 1103 2609 conspectu
1131 2573 1308 2609 parentum
1337 2569 1506 2600 trucidare
1533 2569 1569 2599 li-

865 2618 978 2650 beros.
1001 2619 1119 2650 Barth.

907 2672 947 2700 71
973 2669 1148 2709 Proeceptz‘s
1166 2669 1290 2700 incensa
1314 2667 1392 2707 suis]
1416 2668 1569 2708 Exceptis

864 2720 1011 2750 Lucens.
1028 2726 1064 2750 et
1080 2719 1225 2759 Gyrald.
1239 2723 1377 2758 argute:
1403 2717 1482 2748 solis
1499 2718 1568 2750 Ru-

863 2769 922 2800 fini
944 2769 1032 2800 villis
1060 2768 1272 2808 parcebatur.
1319 2766 1567 2807 Argumentum

862 2828 972 2860 prope
999 2818 1174 2859 invictum,
1211 2826 1277 2858 quo
1313 2815 1453 2849 foederis
1489 2825 1566 2849 cum
