1851 3213
290 216 405 258 1278

290 321 387 352 clave
417 321 556 353 innuere
588 322 734 352 voluisse
762 321 998 357 Claudianum,

293 376 330 403 ut
354 373 455 404 etiam
483 374 513 404 in
539 374 731 405 Sacrarium
758 373 867 412 ipsum
885 378 921 403 et
949 382 998 403 se-

290 422 517 454 cretissimum
559 423 695 455 Arcadii
736 424 918 453 thalamum
951 423 998 454 in-

291 473 425 503 troiisse
467 473 621 503 Rufinum
661 477 823 511 censeat;
872 474 996 503 nullam

290 523 378 554 enim
397 524 449 553 vel
468 524 637 554 minimum
664 523 766 553 etiam
785 523 997 555 occasionem

290 576 453 614 gravandi
471 576 543 615 ejus
572 575 749 606 audaciam
777 575 890 606 omisit
908 575 996 615 inge-

290 625 499 656 niosissimus
518 630 625 656 vates.
651 626 770 656 Barth.

333 678 395 707 141
420 676 627 716 Persralris]
652 675 831 716 Exquisita
847 675 996 707 adulatio

289 724 448 765 Honorii,
466 737 567 767 quem
595 726 627 757 in
654 726 771 757 mediis
788 726 929 757 Arcadii
947 737 996 757 re-

289 776 353 807 bus
371 787 435 808 non
465 778 572 808 solum
598 778 659 816 illi,
687 778 767 808 licet
796 783 878 808 natu
895 778 998 808 mino-

288 835 373 865 rem,
401 827 584 866 praeponit,
610 826 669 856 sed
700 827 802 865 plane
819 827 929 857 Deum
948 826 997 857 fa-

292 877 353 907 cit.

333 926 396 956 Per
435 925 527 963 facta
562 925 717 965 parentis]
771 925 828 957 Sic
877 926 997 967 scripti

288 985 427 1013 omnes;
452 974 614 1012 nonfata.
662 976 706 1005 D.
726 975 848 1006 Heius.

332 1026 416 1057 Fata
443 1026 582 1067 parentis
617 1026 776 1066 AE'therei]
822 1026 997 1058 Intererat

288 1076 377 1107 enim
400 1077 473 1116 jam
504 1077 592 1107 divis
608 1077 829 1116 Theodosius,
857 1081 892 1108 et
920 1088 998 1109 cou-

288 1126 379 1156 scius
397 1126 545 1157 fatorum
573 1127 658 1156 coelo
688 1136 741 1156 res
766 1127 927 1158 humanas
946 1137 996 1158 re-

288 1176 451 1215 gentium.
497 1176 613 1206 Barth.

332 1229 394 1257 146
419 1227 517 1266 Eripe
530 1237 576 1257 me
590 1227 721 1267 gladiis]
746 1226 851 1259 Quasi
865 1228 937 1267 jam
956 1228 996 1258 iis

288 1275 419 1306 cinctus
446 1281 530 1312 orat,
557 1282 616 1306 aut
641 1277 746 1307 caedis
772 1277 997 1308 instrumenta

284 1325 352 1365 jam
368 1336 482 1356 coram
499 1327 617 1356 videus
635 1326 808 1366 expedita.
834 1327 997 1368 Alioquin

283 1379 386 1417 gladii
402 1379 540 1409 iusidias
558 1384 693 1418 notant,
708 1389 772 1419 qua
790 1378 877 1410 facie
891 1380 996 1410 etiam

286 1429 339 1460 hic
356 1429 483 1469 accipit
507 1429 663 1467 Rufinus,
693 1429 855 1460 invidiam
883 1429 996 1461 fortis-

286 1479 370 1510 simo
409 1480 587 1511 stilichoni
627 1480 780 1512 facturus
820 1481 995 1513 videlicet.

286 1528 385 1560 Idem.

331 1583 392 1611 147
420 1580 549 1611 Εεὶεανε
564 1581 687 1621 manus]
723 1582 835 1612 Minas
851 1583 995 1614 Lucens.

286 1629 430 1670 Gyrald.
460 1631 558 1671 prim.
589 1631 703 1663 Vatic.
734 1632 860 1672 placet.
909 1632 994 1663 Mox

285 1680 372 1718 rigat
399 1691 461 1720 pro
489 1682 569 1719 ligat
598 1681 686 1712 idem
715 1682 812 1722 prim.
835 1682 993 1714 vatican.

285 1729 330 1760 D.
350 1730 463 1761 Heius.

332 1780 439 1810 Gallia
473 1780 648 1820 conjurata]
698 1781 877 1813 Universae
913 1782 995 1813 Gal-

285 1829 543 1870 liarumcopiae.
589 1832 707 1862 Barth.

330 1882 392 1910 148
409 1880 522 1919 Lz'gat]
540 1881 642 1911 Ultra
652 1882 785 1913 Thulen
797 1882 888 1913 enim
901 1892 994 1914 mare

284 1929 503 1970 impervium.
541 1932 638 1962 Idem.

331 1983 393 2011 149
422 1981 541 2012 Volitat
554 1992 630 2020 gens
652 1982 679 2012 si
695 1982 769 2022 qua]
808 1982 863 2013 Ad
892 1983 993 2015 vitam

286 2040 408 2071 vagam
435 2038 471 2061 et
497 2033 678 2063 erraticam
703 2043 818 2064 earum
842 2035 993 2074 gentium

286 2081 427 2121 respicit
454 2082 563 2113 miuus
589 2083 758 2114 cultarum
781 2089 883 2125 atque
911 2086 994 2126 legi-

287 2130 349 2162 bus
375 2132 478 2163 certis
508 2133 713 2173 parentium,
742 2144 816 2175 quae
842 2136 994 2175 quamvis

286 2181 372 2211 tales
387 2181 530 2213 fortasse
544 2193 608 2214 uon
621 2182 869 2223 fuerint,finxit
881 2190 994 2217 tamen

287 2240 412 2270 rumor,
428 2236 462 2261 et
474 2232 644 2272 jactantia
661 2234 830 2265 hominum
850 2245 993 2277 peregre

285 2281 507 2320 venientium,
532 2283 587 2323 qui
612 2283 773 2314 inusitata
790 2290 825 2316 et
842 2286 994 2317 inaudita

286 2336 436 2369 narrant,
453 2338 490 2362 ut
517 2343 654 2373 magnos
678 2344 713 2364 se
739 2335 874 2366 stolidae
901 2337 994 2376 plebi

287 2382 428 2414 faciant.
479 2384 572 2415 Idem..

332 2437 393 2465 150
422 2435 513 2465 Mota
543 2436 636 2476 mihi]
675 2437 717 2468 In
745 2448 854 2469 meam
885 2439 996 2479 perni-

288 2485 389 2518 ciem.
436 2487 533 2517 Idem.

334 2536 443 2567 Tantis
465 2537 607 2577 capiendi
632 2539 789 2569 credimur
803 2540 914 2580 armis]
937 2540 996 2571 Al-

289 2588 352 2619 dus
378 2589 468 2627 digni
495 2590 650 2629 capiendi.
691 2590 903 2630 Scriptorum
929 2602 996 2623 ma-

283 2639 343 2680 jor
365 2649 443 2679 pars
467 2639 574 2678 dignis
590 2640 744 2680 capiendi.

288 2689 370 2720 cles.
387 2688 488 2720 Catli.
511 2691 600 2729 digni
625 2691 800 2730 capiendis:
826 2692 995 2731 quomodo

288 2740 451 2771 Barthius
465 2741 679 2781 conjiciebat.
720 2741 768 2773 Ut
783 2741 873 2773 forte
888 2742 994 2782 scrip—

287 2792 385 2833 serit,
407 2792 506 2824 tantis
520 2803 575 2824 cur
588 2793 680 2833 digni
701 2794 855 2825 credimur
875 2792 995 2826 armis?

790 2640 914 2673 Patav.
932 2643 997 2672 Ec-

550 228 694 259 NOTAE
727 227 992 257 VARIORUM
1029 227 1077 257 IN
1114 228 1189 259 CL.
1223 229 1407 259 CLAUD.
1442 229 1486 258 V.

1051 323 1217 362 quomodo
1255 323 1343 363 apud
1383 322 1544 363 Statium,
1574 322 1679 355 Theb.
1711 332 1754 356 π.

1049 373 1058 388 ‘
1078 373 1194 403 Macte
1212 373 1325 410 animi,
1343 373 1446 403 tantis
1464 373 1587 412 dignus
1610 373 1668 414 qui
1685 383 1757 405 cre-

1049 421 1139 452 deris
1158 423 1258 453 armis
1275 422 1294 453 :'
1321 423 1377 453 scd
1406 423 1544 461 vulgata
1568 423 1676 462 proba
1693 427 1759 463 est,

1047 472 1147 502 modo
1170 473 1438 512 interrogatione
1466 473 1631 513 erigatur.
1680 475 1759 505 Cre-

1046 523 1149 554 dimur
1167 533 1226 564 pro
1245 525 1409 555 tradimur
1435 524 1522 554 dixit
1537 535 1546 562 ;
1573 524 1664 565 quod
1681 534 1756 556 ver-

1047 573 1126 604 bum
1145 578 1258 605 noster
1276 584 1316 605 eo
1335 585 1435 605 sensu
1449 579 1554 606 amat.
1593 574 1758 616 Sequenti

1047 633 1145 654 versu
1180 634 1240 664 pro
1270 625 1403 662 petitur,
1431 625 1569 665 petimur
1596 623 1757 658 Ambros.

1046 679 1197 705 venuste.
1244 675 1287 705 D.
1310 675 1423 706 Heius.

1090 726 1151 754 152
1178 725 1344 755 Geminum
1370 726 1438 755 coeli
1460 726 1522 756 sibi
1546 725 1684 757 vindicat
1701 736 1759 757 ax-

1046 774 1109 814 em]
1133 774 1226 805 Alibi
1243 780 1357 806 autem
1385 786 1450 806 non
1475 777 1580 807 semel
1599 776 1760 808 Claudia-

1047 835 1110 856 nus
1129 831 1309 867 utrumque
1337 828 1413 858 coeli
1438 837 1627 859 convexum
1654 829 1760 870 impe-

1048 876 1098 907 rio
1115 877 1274 907 Fratrum
1289 877 1447 908 asscribit
1473 878 1605 909 Stilich.
1622 888 1664 910 11.
1684 879 1694 896 ‘
1710 868 1767 913 Ᾰῖ

1047 926 1190 957 Stilicho
1204 936 1269 957 non
1287 926 1426 958 divitias
1441 929 1582 969 aurique
1602 929 1759 960 relictum

1048 976 1202 1014 Pondus,
1219 977 1279 1008 sed
1305 977 1455 1016 geminos
1482 978 1588 1017 axeis,
1613 982 1761 1009 tantum-

1049 1037 1115 1068 que
1127 1031 1279 1058 reservat
1288 1028 1490 1068 Depositum
1501 1029 1642 1067 teneris,
1653 1038 1759 1070 quan-

1049 1081 1119 1108 tum
1134 1077 1191 1108 Sol
1209 1078 1327 1117 igneus
1344 1079 1473 1110 ambit.'
1520 1079 1637 1110 Barth.

1092 1128 1262 1159 Geminum
1287 1129 1370 1168 coeli]
1402 1130 1458 1160 Ita
1491 1130 1626 1170 scripti.
1672 1131 1758 1162 Vul-

1048 1183 1163 1218 gatum
1182 1178 1312 1209 Stilicho
1336 1189 1377 1209 ex
1404 1180 1514 1218 glossa
1528 1185 1656 1211 natum.
1702 1180 1758 1211 Li-

1047 1228 1184 1268 byenque
1214 1238 1291 1258 mox
1323 1239 1387 1269 pro
1416 1229 1606 1270 Libyamque
1643 1230 1759 1262 iidem.

1048 1278 1092 1308 D.
1113 1278 1224 1308 Heius.

1093 1331 1152 1358 155
1190 1328 1344 1368 Hispanis
1373 1328 1534 1368 Gallisque
1557 1329 1663 1370 jubet]
1701 1330 1758 1362 Sic

1048 1377 1150 1408 Silius
1163 1378 1221 1408 lib.
1237 1387 1301 1409 vu.
1326 1380 1333 1395 ‘
1352 1378 1396 1408 Et
1413 1379 1492 1408 belli
1511 1388 1672 1410 summam
1692 1381 1758 1421 pri-

1048 1437 1189 1468 masque
1216 1428 1365 1468 jubebat
1389 1429 1564 1461 habenas!
1616 1430 1758 1472 Alioqui

1048 1478 1138 1508 idem
1164 1478 1320 1509 absolute
1348 1484 1398 1510 est
1417 1479 1543 1519 jubere,
1566 1480 1656 1521 quod
1683 1490 1759 1521 reg-

1047 1538 1140 1568 nare,
1158 1529 1341 1569 imperare,
1359 1539 1519 1570 praeesse,
1535 1530 1585 1561 uti
1601 1530 1665 1562 hoc
1680 1531 1756 1562 loco

1048 1579 1239 1610 Claudiani.

1093 1631 1164 1661 Non
1195 1630 1297 1661 orbita
1332 1630 1419 1670 solis]
1468 1632 1522 1662 De
1555 1631 1756 1664 Alexandro

1046 1680 1175 1720 Magno
1200 1681 1361 1712 Juvenal.
1382 1684 1452 1711 sat.
1472 1690 1506 1712 x.
1529 1682 1537 1697 ‘
1556 1682 1653 1713 Unus
1678 1683 1756 1714 Pel·

1046 1730 1241 1770 laeojuveni
1258 1740 1324 1761 non
1343 1730 1466 1762 sufficit
1479 1731 1570 1763 orbis
1586 1743 1594 1770 ;
1619 1732 1755 1765 AEatuat

1045 1780 1165 1812 infelix
1204 1786 1350 1821 angusto
1381 1783 1490 1813 limite
1518 1784 1660 1822 mundi,⁷
1687 1786 1753 1816 &c.

1046 1833 1133 1863 Haec
1151 1838 1278 1872 autem,
1299 1833 1424 1863 callida
1440 1833 1648 1875 adulatione,
1672 1835 1755 1867 licet

1047 1883 1160 1914 Rufini
1176 1883 1283 1914 hostis
1300 1883 1425 1922 verbis,
1443 1883 1491 1915 ita
1507 1883 1642 1924 profert
1655 1885 1754 1916 Clau·

1046 1933 1180 1973 dianus,
1198 1934 1246 1964 uti
1274 1934 1370 1964 simul
1398 1934 1502 1965 etiam
1528 1935 1646 1966 honori
1662 1935 1756 1966 Stili-

1045 1985 1163 2015 chonis
1180 1984 1318 2016 cedant.

1091 2035 1206 2065 Orbita
1236 2034 1335 2074 Solis]
1373 2035 1382 2051 ‘
1406 2035 1481 2067 Qua
1520 2034 1613 2066 sidus
1647 2035 1755 2067 currit

1046 2087 1249 2127 utrumque.’
1275 2086 1470 2116 Petronius.
1514 2086 1633 2117 Barth.

1089 2138 1152 2166 158
1191 2137 1264 2166 Non
1297 2136 1424 2166 reddere
1453 2137 1557 2177 curat]
1595 2135 1755 2176 Ἔμφασις

1045 2197 1168 2227 magna
1185 2192 1236 2218 est
1261 2188 1295 2218 in
1321 2196 1405 2217 voce
1428 2190 1530 2227 curat,
1555 2187 1645 2218 omni
1662 2188 1753 2218 enim

1046 2248 1128 2269 cura
1145 2243 1250 2278 atque
1267 2246 1333 2277 ope
1350 2247 1391 2268 eo
1413 2238 1476 2268 niti
1499 2237 1597 2277 dicit,
1613 2247 1654 2268 ne
1671 2237 1751 2278 quid

1046 2288 1170 2320 reddat
1187 2288 1291 2319 semel
1315 2292 1502 2328 arreptum.
1548 2288 1647 2318 Idem.

1089 2342 1152 2369 159
1175 2338 1303 2370 Scilicet
1316 2338 1370 2369 ille
1385 2338 1524 2378 quidem]
1546 2338 1638 2368 Vera
1654 2338 1753 2378 hujus

1045 2390 1111 2421 loci
1128 2389 1298 2428 scriptura
1321 2389 1393 2420 liaec
1410 2388 1495 2419 erit:
1523 2387 1562 2418 Si
1589 2389 1672 2427 licet,
1700 2389 1753 2420 ille

1045 2439 1168 2480 quidem
1182 2449 1287 2469 secura
1301 2449 1375 2479 pace
1384 2438 1529 2477 fruatur,
1551 2438 1617 2468 Nos
1629 2442 1753 2478 premat

1045 2490 1164 2521 obsidio
1175 2489 1190 2520 ,Ι
1226 2491 1313 2525 Quid
1322 2493 1446 2530 partem
1462 2490 1606 2520 invadere
1622 2493 1724 2521 lentat
1736 2489 1752 2522 1²

1047 2540 1229 2578 Quamdiu,
1247 2540 1308 2579 ait,
1324 2549 1399 2580 qua»
1417 2539 1487 2579 ejus
1514 2549 1604 2570 curae
1626 2540 1754 2571 tradita

1047 2595 1100 2622 est
1128 2590 1312 2630 provincia,
1342 2590 1383 2620 ab
1414 2588 1568 2620 hostibus
1606 2590 1752 2630 publicis

1046 2651 1111 2672 non
1128 2642 1322 2679 incurritur,
1345 2641 1502 2681 quiescat
1517 2649 1610 2680 sane,
1625 2645 1662 2672 et
1679 2640 1752 2672 feli-

1045 2691 1150 2722 citate
1167 2690 1313 2729 fruatur,
1333 2701 1396 2722 nec
1414 2691 1537 2722 nostris
1555 2701 1630 2722 sese
1647 2691 1755 2732 parti-

1046 2742 1108 2774 bus
1131 2743 1278 2784 ingerat.
1323 2743 1368 2773 Et
1395 2742 1477 2784 quid
1505 2742 1597 2774 aliud
1624 2746 1755 2784 quaerat

1045 2794 1108 2825 nisi
1133 2798 1171 2825 ut
1198 2798 1234 2826 te
1261 2803 1383 2835 meque
1408 2792 1573 2835 excussis,
1590 2803 1666 2826 sese
1683 2792 1754 2824 uni-
