1851 3213
283 227 399 270 1326

286 333 379 365 Gild.
395 332 495 364 Bello
513 332 594 364 Get.
619 334 628 350 ⁴
647 330 813 363 Sustinuit
828 334 902 361 toto
918 339 997 360 moe-

287 392 366 415 reus
383 383 542 414 OEnotria
555 383 662 412 lustro
674 381 693 412 :’
717 385 753 411 et
766 380 862 418 alibi,
885 381 894 397 ⁴
910 378 997 409 frac-

287 434 331 465 tis
357 434 515 473 lugerent
539 431 698 463 cornibus
725 440 840 461 amnes
857 429 876 460 2’
899 434 998 471 atque

288 483 336 514 ita
353 483 487 523 passim.
512 482 653 518 Statius,
668 480 774 511 Theb.
786 489 811 510 1.
836 479 844 496 ‘
861 479 999 521 ignique

289 535 379 566 datis
409 533 596 565 cultoribus
624 532 732 563 omnis
756 533 869 572 Luget
895 530 1000 572 ager!

287 586 337 618 ita
352 585 487 626 scripti.
512 585 558 615 D.
575 583 690 614 Heius.

333 636 457 676 IlIysia]
502 634 609 675 Cujus
649 634 730 664 Dux
769 637 844 664 erat
882 632 1002 663 limitis

291 690 372 718 ante
398 694 567 716 recessum
583 684 617 715 in
635 683 837 724 Hispaniam
851 683 1003 714 Theodo-

293 737 374 775 sius,
412 736 526 776 ibique
557 740 696 765 strenue
728 743 800 764 rein
838 738 1003 774 gesserat.

291 786 375 816 Vise
385 786 567 816 Zosimum.
581 784 695 824 Mysia
708 788 834 821 autem,
846 791 1002 822 magnam

293 840 429 877 partem
459 835 622 875 Phrygiae
653 838 689 864 et
719 833 878 863 Thraciae
914 842 1005 863 com‘

293 887 409 927 plexa,
427 885 546 925 ingens
564 883 685 914 merito
702 882 837 914 dicitur.
862 882 983 914 Barth.

339 938 379 966 54
398 935 499 966 Flava
510 933 655 973 agmina]
671 932 811 965 Arctoae
825 933 1008 965 occiduae-

296 994 360 1026 que
378 989 501 1025 gentes
519 984 606 1015 tales
630 983 771 1014 caesarie
788 982 1009 1014 celebrantur

297 1034 459 1066 Romanis
469 1034 673 1075 Graecisque
685 1033 927 1074 scriptoribus.
941 1033 1011 1064 Go-

297 1086 375 1117 thos
392 1085 531 1126 quidem
546 1094 661 1115 omnes
674 1083 839 1115 candidos
854 1093 1011 1124 corpore,

299 1134 405 1167 flavos
435 1144 542 1175 coma,
580 1139 729 1166 testatur
761 1134 953 1176 Procopius
984 1143 1011 1165 1.

299 1186 449 1217 vandal.

346 1236 532 1277 Operirent]
565 1235 720 1267 Infusum
753 1237 913 1268 Barbaris
945 1238 1012 1268 Ro-

300 1296 438 1318 manum
453 1287 638 1327 Imperium
653 1288 841 1328 suscepisse
865 1298 926 1328 pro
941 1298 1014 1327 gra-

301 1338 336 1368 vi
347 1337 432 1378 jugo
447 1337 679 1368 Theodosium
694 1338 740 1369 ait
757 1339 798 1369 B.
812 1337 1014 1369 Ambrosius

304 1387 406 1420 Orat.
422 1387 581 1418 Funebri.
606 1388 723 1419 Barth.

347 1441 388 1468 55
416 1436 568 1469 Omnibus
588 1438 730 1480 afflictis]
763 1439 893 1480 Affiatis
920 1438 1017 1470 Juni-

306 1497 390 1519 anus
406 1487 506 1528 liber,
532 1492 694 1529 tanquam
713 1488 756 1519 de
777 1488 928 1520 fulminis
945 1490 1015 1520 ictu

306 1544 410 1580 agat:
436 1539 603 1580 superiori
624 1549 724 1571 versu
746 1544 842 1571 recte
859 1540 1017 1580 operirent

308 1589 443 1630 scripti,
461 1599 529 1620 non
543 1589 728 1630 reperirent,
753 1589 844 1631 quod
862 1590 1018 1631 aliisjam

308 1639 556 1680 deprehensum
574 1650 581 1670 2
606 1644 641 1671 et
654 1650 732 1671 mox
745 1640 890 1681 agrisque
901 1641 1020 1672 colonos

309 1698 372 1729 pro
387 1698 539 1728 agrosque
555 1689 679 1720 colonis.
703 1690 802 1721 Bello
818 1689 901 1721 Get.
924 1690 932 1706 ‘
951 1695 1022 1721 tec-

310 1739 421 1780 tisque
439 1738 505 1769 suis
531 1739 721 1770 redduntur
748 1744 785 1770 et
811 1740 900 1780 agris
918 1741 1023 1772 Dam-

310 1788 384 1819 nati
414 1787 488 1819 fato
519 1789 660 1828 populi.'
715 1789 802 1820 Stat.
834 1790 940 1822 Theb.
973 1799 1022 1822 XI.

309 1841 318 1857 ‘
335 1838 454 1871 Redde
466 1839 554 1870 arvis
568 1839 792 1882 domibusque
807 1841 894 1872 viros
910 1841 930 1872 :'
952 1851 1026 1872 nos-

313 1896 367 1921 ter
398 1898 448 1920 vr.
480 1890 582 1920 Cous.
624 1890 716 1922 Hon.
751 1893 760 1908 ‘
787 1893 1023 1933 nymphasque

315 1939 434 1972 Choris
446 1940 518 1980 jam
536 1939 642 1971 redde
660 1942 813 1972 sorores.’
845 1943 889 1973 D.
910 1943 1024 1974 Heins.

383 1990 536 2021 Omnibus
575 1991 719 2032 affiictis]
777 1992 938 2024 Animum
983 2004 1026 2025 ex

314 2040 448 2072 diutina
460 2041 558 2071 clade
570 2041 847 2075 demittentibus.
868 2044 1027 2075 Thracias

316 2090 472 2130 totojam
490 2100 588 2129 anno,
616 2091 710 2123 velut
726 2094 904 2134 proprium
930 2104 1025 2126 suum

316 2141 436 2180 solum,
450 2140 649 2172 insederant
666 2142 733 2173 illae
752 2144 926 2176 colluvies,

360 2191 552 2222 Labentibus
567 2192 646 2233 ictu]
672 2194 742 2224 Ceu
758 2193 912 2226 fulmine.
952 2196 1028 2226 Cla-

319 2242 397 2272 dem
425 2251 498 2273 eam
526 2243 827 2283 incomparabilem
847 2246 889 2276 ab
913 2246 1028 2276 multis

320 2292 414 2323 annis
443 2293 615 2334 intelligit,
631 2305 698 2335 qua
722 2296 851 2327 Valens
879 2297 1030 2337 Impera-

320 2347 375 2373 tor
392 2342 506 2382 periit.
542 2344 598 2374 Sic
618 2344 803 2385 Consedere,
818 2351 1030 2386 cxstcrnare,

321 2392 472 2431 graviter
489 2391 653 2432 affligere.
688 2395 804 2425 Barth.

365 2445 407 2474 56
446 2443 532 2473 Unus
556 2447 601 2473 tot
619 2443 739 2481 funera
762 2446 886 2486 contra]
918 2446 1033 2484 Paria,

322 2492 491 2524 defuncto
518 2493 726 2534 Theodosio,
749 2495 792 2526 de
807 2496 935 2527 Tutore
962 2497 1033 2536 ejus

322 2542 527 2574 Liberorum
541 2544 730 2575 Stilichone
746 2545 838 2576 canit
854 2546 951 2576 Bello
969 2546 1036 2577 Ge-

323 2593 414 2625 tico:
439 2594 449 2610 ‘
466 2595 561 2625 Unus
578 2599 652 2625 erat
680 2595 825 2626 Stilicho
843 2596 899 2636 qui
916 2595 1035 2636 despe-

325 2645 480 2676 rantibus
517 2655 625 2686 augur
663 2645 857 2686 Sponderet
893 2646 1035 2677 meliora

324 2694 451 2728 manu.'
486 2696 585 2727 Idem.

369 2748 411 2777 57
436 2746 664 2787 Exstinxitque
680 2746 786 2788 faces]
812 2746 979 2778 lucendio
1000 2750 1036 2778 et

325 2796 510 2829 vastationi
527 2801 676 2838 paratas.

527 236 670 268 NOTAE
702 235 969 267 VARIORUM
1006 233 1056 264 IN
1091 232 1164 262 CL.
1198 231 1385 262 CLAUD.
1416 230 1524 260 VIII.

1090 326 1252 367 Agrosque
1264 325 1379 356 colonis
1392 322 1562 363 Reddidit]
1578 322 1758 364 vastatos,

1049 382 1202 417 exustos,
1219 376 1372 408 barbaris
1387 375 1541 406 insessos.
1586 375 1704 406 Barth.

1094 430 1135 458 58
1158 427 1254 458 Lethz'
1268 427 1305 458 de
1325 425 1486 465 saucibus]
1512 425 1593 466 Ipsa
1610 434 1761 466 praesen-

1053 478 1183 509 tissima
1211 482 1333 517 morte,
1360 476 1565 515 vastatione,
1594 475 1760 517 pernicie.

1053 529 1183 560 Fauces
1200 528 1382 560 inferorum
1398 527 1431 558 in
1443 527 1559 558 multis
1574 526 1763 567 Scripturae

1054 580 1150 611 locis.
1175 579 1273 610 Idem.

1097 635 1139 663 59
1163 631 1296 663 Romani
1322 630 1455 661 nominis
1473 628 1598 668 umbra]
1620 628 1687 659 Vel
1703 627 1766 658 mi-

1055 683 1149 713 nima
1174 682 1317 722 vestigia
1344 681 1463 721 priscae
1496 680 1637 711 Gloriae.
1683 679 1766 719 Epi-

1056 733 1275 773 grammatis:
1312 733 1321 749 ‘
1340 731 1497 763 Nominis
1514 730 1634 761 umbra
1649 731 1767 761 manet

1056 781 1204 812 veteris.'
1229 782 1327 811 Idem.

1100 834 1142 862 60
1168 831 1308 861 Ruitura
1322 830 1450 861 subisset
1470 829 1628 871 Pondera]
1652 829 1768 872 Impe-

1058 880 1146 912 rium
1163 880 1367 911 Romanum.
1399 881 1498 911 Idem.

1103 934 1141 963 61
1169 931 1396 971 Turbatamque
1420 929 1535 970 ratem]
1558 929 1654 961 Nihil
1679 929 1716 960 in
1731 939 1769 961 re

1062 981 1214 1013 Nautica
1231 980 1304 1012 fere
1323 985 1386 1020 est,
1401 980 1492 1022 quod
1515 989 1582 1010 nou
1605 979 1647 1011 ad
1669 980 1773 1011 Rem-

1062 1031 1237 1073 publicam
1254 1032 1395 1072 ejusque
1409 1040 1462 1062 res
1476 1030 1690 1071 Scriptorum
1702 1029 1775 1060 dic-

1062 1087 1100 1114 ta
1115 1083 1355 1123 detorqueant.
1401 1081 1456 1113 Sic
1482 1079 1774 1122 Pomponius‘At·

1064 1133 1151 1164 tiens
1176 1133 1411 1173 gubernacula
1440 1133 1569 1164 Rerum
1599 1131 1775 1171 Civilium,

1064 1183 1332 1223 Magistratuum
1343 1182 1552 1220 functiones,
1561 1181 1695 1221 aliaque
1706 1190 1777 1211 om-

1064 1233 1120 1264 nia
1143 1233 1284 1273 negotia
1310 1232 1425 1264 civilia
1450 1231 1591 1263 marinis
1612 1229 1776 1262 fluctibus

1066 1283 1299 1323 comparabat.

1112 1334 1266 1373 Certaque
1294 1331 1440 1372 levasset]
1475 1333 1556 1364 Non
1581 1331 1778 1363 aberrante.

1072 1383 1186 1414 Barth.

1111 1436 1153 1464 62
1191 1432 1405 1473 Naufragium
1432 1432 1603 1473 commune]
1630 1432 1781 1464 Infortu-

1069 1484 1162 1515 nium
1178 1493 1356 1524 summum,
1370 1484 1525 1515 ultimum
1539 1494 1546 1515 :
1582 1483 1671 1525 quod
1688 1483 1781 1515 Nau-

1070 1534 1177 1576 fragio
1194 1540 1414 1576 comparatur
1429 1535 1545 1566 multis
1567 1534 1782 1574 Scriptorum

1071 1586 1165 1618 locis.
1190 1586 1327 1625 Cicero,
1344 1586 1439 1617 initio
1457 1595 1481 1617 1.
1497 1585 1638 1617 Rhetor.
1675 1585 1684 1601 ‘
1703 1585 1782 1616 Non

1072 1637 1212 1678 injuria,
1228 1646 1304 1667 cum
1323 1636 1365 1667 ad
1381 1635 1615 1675 gubernacula
1632 1634 1784 1675 Reipub-

1073 1687 1147 1718 licae
1165 1685 1336 1717 temerarii
1353 1690 1456 1726 atque
1470 1686 1615 1717 audaces
1632 1684 1784 1715 homines

1075 1741 1306 1775 accesserant,
1343 1737 1493 1767 maxima
1519 1745 1558 1767 ac
1593 1734 1785 1766 miserrima

1076 1786 1251 1826 naufragia
1267 1785 1418 1818 fiebant.'
1530 1810 1533 1815 ,

1120 1837 1236 1877 Manu]
1260 1837 1377 1877 Opere
1394 1837 1480 1877 ipso,
1496 1837 1637 1868 virtute.
1683 1836 1785 1868 Bello

1077 1887 1204 1919 Getico
1220 1898 1227 1918 :
1254 1888 1262 1904 ‘
1280 1886 1379 1917 Solus
1397 1891 1474 1917 erat
1493 1887 1637 1918 Stilicho
1654 1887 1712 1928 qui
1729 1886 1787 1917 de-

1076 1937 1293 1978 sperantibus
1309 1946 1416 1977 augur
1436 1937 1632 1978 Sponderet
1646 1937 1789 1968 meliora

1076 1987 1202 2019 manu.’

1124 2039 1246 2070 Ordine
1261 2038 1367 2079 rupto]
1396 2039 1667 2079 Elementorum,
1683 2037 1787 2070 omni-

1079 2100 1202 2131 umque
1220 2099 1343 2121 rerum.
1377 2089 1493 2120 Barth.

1122 2144 1163 2172 63
1191 2141 1361 2171 Traherent
1388 2139 1602 2179 Phaethonta]
1626 2139 1659 2170 N
1665 2147 1707 2170 on
1730 2138 1790 2169 ille

1079 2202 1136 2222 cas
1153 2190 1407 2229 moderabatur,
1420 2190 1478 2221 sed
1492 2190 1667 2232 quadrigae
1680 2189 1791 2230 rapie-

1081 2242 1164 2273 bant
1179 2242 1352 2282 egregium
1369 2241 1533 2282 aurigam.
1568 2242 1667 2273 Idem.

1123 2295 1165 2323 64
1190 2292 1383 2332 Saeviretque
1394 2291 1477 2332 dies]
1499 2292 1570 2332 Sol,
1584 2291 1671 2323 Solis
1687 2290 1790 2322 calor.

1082 2344 1182 2374 Idem.

1126 2397 1165 2424 65
1191 2393 1289 2424 Solito
1303 2402 1371 2423 cum
1395 2401 1550 2423 murmure
1575 2389 1687 2429 eorvis]
1712 2391 1791 2422 Non

1082 2447 1189 2474 tort-us
1204 2443 1360 2474 meliores
1374 2443 1448 2473 libri
1460 2453 1534 2473 cum
1550 2441 1793 2482 Raphelengio.

1085 2494 1245 2524 Imitatus
1263 2494 1296 2523 in
1315 2498 1486 2532 magnete,
1510 2494 1519 2510 ‘
1536 2493 1615 2524 Sola
1640 2492 1720 2524 feris
1736 2501 1792 2523 oc-

1086 2545 1195 2574 currit
1211 2544 1318 2584 equis,
1335 2549 1448 2574 torvos
1466 2543 1616 2584 jugales'
1633 2543 1690 2574 lib.
1708 2553 1732 2574 1.
1750 2542 1794 2574 de

1086 2595 1188 2634 Rapt.
1216 2600 1252 2625 et
1277 2597 1286 2611 ⁴
1303 2600 1418 2625 torvos
1435 2595 1569 2635 hydros’
1597 2594 1676 2626 alibi
1692 2594 1793 2627 dixin

1087 2645 1133 2674 D.
1152 2645 1265 2675 Heius.

1128 2695 1227 2725 Solito
1240 2705 1308 2726 cnm
1322 2705 1478 2726 murmure
1489 2695 1608 2736 tortus]
1625 2696 1714 2727 Nam
1726 2695 1793 2727 Im-

1087 2747 1285 2786 periositate
1300 2747 1443 2787 quadam
1455 2747 1619 2788 singulari
1629 2757 1728 2788 opuS,
1740 2747 1795 2779 vel

1086 2796 1152 2838 ipsi
1178 2797 1246 2828 Soli
1272 2795 1377 2829 fuisse
1399 2797 1442 2829 ad
1465 2796 1736 2839 compescendos
1759 2806 1794 2828 e-
