1852 3182
477 241 539 271 DE
574 242 750 272 MALLII
786 244 966 276 THEOD.
1001 246 1137 278 CONS.

79 332 297 364 membranae.
345 334 399 365 Ita
417 338 450 365 et
476 334 535 366 lib.
552 343 577 365 1.
595 334 627 365 in
654 335 783 368 Stilich.

77 382 86 398 ‘
103 383 189 424 pigri
212 383 320 415 flabra
344 385 488 416 Boou»)
534 386 784 427 Raphelcngius

77 441 154 464 cum
170 434 369 466 Claveriano
386 435 518 474 codice,
541 436 629 476 quod
645 443 677 467 et
705 438 783 468 Sca-

75 483 163 523 liger
187 485 310 526 probat
336 492 371 518 et
391 487 562 525 Barflnius,
579 487 711 527 flamma
728 499 780 519 ex-

76 535 197 567 cutiat:
221 536 332 576 flagra
359 538 406 568 rel
428 547 512 567 auroe
540 537 637 577 prim.
666 539 780 570 Vatic.

74 592 139 615 non
153 595 211 625 per
226 597 327 617 auras.
356 592 464 625 certe,
488 587 548 618 nisi
567 588 705 628 flamma
729 599 781 619 esc-

76 636 176 666 cutiat
196 636 301 676 legas,
318 646 383 666 non
401 636 500 667 video
524 638 692 678 quomodo
707 639 780 670 liaec

74 693 150 714 cum
161 686 379 725 sequentibus
394 687 598 719 cohaereant.
611 688 655 719 D.
665 688 782 732 Hans.

119 738 178 765 111
206 736 376 776 Excutiat]
402 736 454 767 Ad
481 738 697 769 celeritatem
728 749 780 769 ve-

73 785 123 816 lut
140 795 292 817 excussae
310 797 372 827 per
389 797 487 818 anias
506 793 676 819 tormento
688 787 780 819 flam-

72 843 135 865 ina·
153 835 286 866 alludit.
317 837 434 868 Barth.

117 887 179 916 112
192 885 325 916 Tristem
338 887 487 927 cometen]
506 888 677 919 Nuncium
696 887 779 918 utri-

73 943 137 974 que
153 935 421 975 impendentium
448 938 606 968 tristium.

116 984 231 1024 Figat]
256 986 411 1025 Evadite,
441 987 482 1017 ad
516 993 670 1018 veterum
701 988 780 1018 doc-

73 1033 207 1064 trinam.
240 1035 374 1076 Physici
393 1037 480 1067 enim
500 1039 697 1068 statuebant
715 1038 779 1068 Co-

72 1088 185 1114 meten
201 1094 266 1114 non
284 1095 342 1116 suo
356 1086 415 1116 sed
428 1088 564 1117 aetlieris
577 1094 668 1118 motu
683 1086 777 1117 ferri.

117 1134 258 1174 Crinito]
288 1136 375 1167 Duae
393 1138 608 1168 Cometarum
627 1138 776 1177 species:

71 1182 234 1224 Cometae,
249 1189 284 1216 et
301 1186 478 1227 Pogoniae.
504 1188 618 1218 Barth.

115 1237 175 1266 113
202 1236 412 1276 Compositum
442 1238 585 1277 puppim]
624 1238 776 1268 Philoso-

70 1283 172 1323 phica
189 1294 265 1317 vox.
297 1286 364 1318 Qui
383 1287 485 1325 enim,
502 1288 656 1318 omnibus
675 1287 775 1319 affec-

70 1333 160 1365 tibus
178 1335 277 1375 liber,
301 1338 580 1377 contemplationi
606 1348 717 1369 rerum
740 1343 776 1369 et

69 1385 206 1416 virtutis
223 1387 330 1417 cultui
347 1398 422 1419 sese
439 1388 624 1430 dedicavit,
649 1389 776 1420 dicitur

70 1444 105 1464 se
133 1438 374 1476 composuisse.
420 1439 607 1479 Compositi
639 1441 727 1470 enim
756 1450 775 1470 a

69 1491 191 1526 morte,
207 1488 264 1528 qui
283 1489 362 1519 nihil
377 1499 452 1520 cmn
468 1490 565 1520 rebus
576 1490 647 1530 jam
662 1491 775 1521 lnuna-

68 1535 120 1567 nis
143 1537 281 1577 liabent,
304 1539 406 1570 etiam
429 1540 654 1571 cadaveribus
677 1551 774 1572 cura-

69 1585 124 1617 tis.
170 1587 349 1627 Horatius,
365 1589 459 1620 mm.
483 1590 554 1620 Sat.
566 1593 594 1621 9.
620 1591 774 1621 ‘Omnes

69 1639 251 1677 composui.
288 1640 437 1670 Felices!
464 1650 555 1671 nnnc
579 1650 640 1680 ego
658 1640 773 1671 rest0.’

72 1687 279 1728 Compositam
302 1690 442 1729 puppim,
464 1690 671 1721 subtractam
690 1690 775 1721 dicit

70 1737 270 1768 tumultibus
284 1739 363 1770 vitate
375 1741 572 1771 communis.
600 1741 695 1772 Idem.

113 1790 174 1819 114
200 1788 350 1819 Facunda
374 1789 551 1829 placebant]
588 1790 775 1830 Sequentia

69 1843 215 1878 arguunt
245 1839 442 1870 concinnius
473 1840 574 1871 scribi
604 1839 775 1878 foecunda;

68 1888 158 1928 quod
188 1889 221 1919 in
252 1890 346 1920 nullo
378 1894 490 1920 tamen
521 1895 572 1920 tot
611 1890 773 1922 librorum

67 1937 280 1970 offendimus.
305 1940 404 1971 Idem.

83 1989 260 2020 ἶκ’(ιειιηιία
288 1990 451 2029 placebunt
484 1990 576 2030 Otia]
621 1991 774 2022 Foecunda

67 2048 152 2079 puer
177 2039 255 2070 olim
290 2041 434 2080 conjeci.
463 2040 665 2072 confirmant
689 2043 772 2073 Rar-

68 2089 157 2120 thius
185 2095 219 2120 et
247 2089 364 2121 decem
393 2091 699 2132 scripti:foecunda
718 2104 772 2124 νο-

68 2143 125 2170 cat
149 2140 215 2170 otia
248 2140 339 2181 quod
365 2141 469 2171 libros
504 2147 692 2181 parerent:
717 2142 773 2180 fa·

66 2191 166 2221 cunda
177 2190 324 2229 ,jacebant
348 2191 444 2231 prim.
462 2192 576 2223 Vatic.
601 2190 693 2223 Male
711 2193 773 2231 soe-

67 2240 166 2270 cunda
180 2240 317 2270 carmina
333 2244 369 2271 et
377 2241 540 2278 foecunclas
556 2242 665 2272 Musas
686 2242 774 2274 dixit

66 2289 279 2330 Porphyrius
297 2290 513 2331 Panegyrico
538 2292 579 2322 ad
606 2293 772 2324 Constan-

67 2338 162 2370 tium.
187 2339 231 2370 D.
251 2340 364 2370 Heins.

112 2393 172 2422 115
198 2390 469 2432 Nascenteslibri]
496 2392 565 2423 Par
576 2393 773 2426 ratiolibro-

67 2449 140 2471 rum
169 2445 206 2471 et
228 2441 433 2481 liberornm3
471 2449 506 2474 et
527 2443 576 2474 illi
592 2443 680 2475 enim
698 2454 772 2485 pro-

68 2491 223 2531 generari
239 2492 336 2523 nobis
351 2493 521 2525 dicuntur.

110 2539 202 2571 Ibunt
220 2540 252 2571 in
268 2542 368 2572 secula
383 2541 472 2582 libri]
496 2543 585 2574 Mira
600 2544 773 2584 elegantia

66 2591 259 2631 locutionis,
273 2602 338 2633 qua
354 2594 482 2634 scripta
498 2595 632 2635 genium
648 2596 774 2627 haben·

69 2641 119 2671 tia
131 2641 254 2671 sensim
271 2643 439 2674 excedere
456 2649 596 2684 pectore
612 2647 772 2687 auctoris,

67 2694 102 2725 et
119 2690 153 2721 in
166 2692 394 2723 aeternitatem
408 2692 577 2736 famaeque
589 2705 772 2737 perennem

67 2739 218 2771 favorem
235 2741 374 2782 prodire
387 2741 572 2783 finguntur.

111 2791 240 2833 Secula]
263 2790 519 2827 AEternitatem.
541 2795 657 2829 Barth.

422 2918 438 2935 9

1425 242 1536 284 1499

879 341 941 369 116
969 339 1057 370 Vidit
1074 339 1111 370 ab
1127 340 1242 381 oetlira]
1279 342 1405 374 Notum
1430 346 1536 378 =lusti-

834 389 890 420 tiae
908 400 1046 429 numen,
1062 392 1176 431 primis
1194 392 1381 424 bominibus
1399 405 1536 427 convcr-

834 439 900 469 sari
917 441 1064 480 solitum,
1083 442 1318 475 incruentibus
1336 444 1428 473 malis
1447 447 1536 485 pejo-

834 498 904 519 rum
936 495 1075 521 actatum
1104 493 1266 529 moribus,
1295 494 1413 523 curlum
1442 504 1537 534 repe-

833 539 928 570 tiisse
957 541 1133 580 traditum,
1160 542 1271 583 ibique
1291 544 1394 583 juxta
1416 544 1535 576 libram

831 589 1036 619 consedisse.
1063 593 1159 621 Idem.

876 641 935 668 117
973 640 1123 670 Viduutas
1148 642 1246 681 leges]
1287 643 1388 673 Velut
1417 654 1536 685 perpe-

833 692 908 718 tuas
947 689 1034 720 illius
1072 691 1223 731 alioquin
1263 694 1535 726 contubernales.

832 738 1014 770 Horatius:
1053 740 1060 756 ‘
1091 741 1209 771 viduus
1243 743 1403 781 pliarctrn
1447 744 1536 776 Risit

830 788 858 819 A
866 790 976 829 pollo!
986 792 1096 822 Quam
1109 801 1243 831 semper
1253 793 1418 832 gestabat.
1433 794 1533 826 Quod

830 838 945 879 inept‘¹
958 841 1160 871 cavillantur
1178 842 1446 875 Grammutistae.
1481 845 1533 875 Id.

876 893 935 920 lis
961 891 1114 921 Continuo
1132 891 1272 929 frontem
1299 893 1404 933 limbo]
1428 894 1534 924 Scali-

831 950 890 979 ger
913 946 946 971 ct
964 941 1123 971 llartliius
1149 942 1268 971 nimlm:
1293 944 1346 981 qui
1371 944 1431 973 boc.
1459 945 1533 975 loco

829 989 1015 1020 videndus:
1042 1001 1104 1020 noc,
1130 992 1229 1022 aliter
1261 993 1471 1032 Rliciiicnsis,
1497 999 1533 1025 et

829 1044 900 1078 opt.
919 1040 1071 1071 Ambros.
1089 1051 1130 1071 cx
1158 1042 1294 1079 Plauto,
1323 1043 1473 1074 Aruobio
1498 1050 1534 1075 ct

830 1087 959 1119 Isidoro
988 1090 1135 1120 adstruit
1161 1092 1246 1120 lianc
1276 1092 1454 1122 lectionem
1483 1093 1533 1123 vir

828 1138 994 1169 cruditus:
1013 1140 1133 1179 quibus
1147 1140 1232 1170 adde
1247 1142 1400 1180 Pupiam.
1419 1147 1426 1159 ⁴
1443 1143 1535 1173 Nim-

829 1187 904 1226 bus,
927 1188 1065 1219 fusciola
1094 1195 1289 1220 transversa
1316 1201 1357 1221 cx
1376 1202 1456 1222 auro
1485 1203 1534 1224 as-

827 1243 938 1268 sumta
964 1239 1056 1279 (lege
1081 1239 1200 1275 assuta)
1225 1241 1257 1270 iu
1298 1241 1415 1281 linteo,
1444 1242 1533 1282 quod

826 1292 877 1318 cst
907 1288 938 1318 in
977 1288 1089 1319 fronte
1121 1290 1329 1320 dominarum
1371 1292 1531 1330 positum.

827 1337 914 1367 Nam
932 1343 967 1368 ct
990 1339 1101 1369 lumen
1121 1339 1209 1378 quod
1227 1340 1318 1370 circa
1335 1342 1530 1380 angelorum

826 1387 938 1427 capita
954 1388 1116 1427 pingitur,
1134 1390 1265 1420 nimbus
1279 1396 1433 1429 vocatur,
1451 1392 1532 1423 licet

826 1437 868 1467 sit
885 1437 1035 1469 densitas
1052 1439 1148 1469 nubis
1163 1440 1182 1469 :'
1206 1440 1295 1479 apud
1319 1440 1466 1471 Statium
1483 1447 1533 1472 ta-

826 1497 902 1518 men
935 1488 1142 1520 Achilleidos
1175 1490 1283 1530 primo
1320 1491 1352 1520 iu
1392 1491 1529 1531 optimis

825 1538 1027 1569 membranis
1057 1539 1193 1579 legitur,
1229 1541 1434 1579 ‘gemmatis
1471 1546 1531 1572 aut

826 1592 971 1618 nectunt
996 1593 1152 1628 tempora
1176 1589 1285 1619 limbis
1300 1590 1317 1620 :'
1342 1600 1407 1620 non
1424 1591 1532 1622 vittis.-

826 1637 997 1677 quomodo
1021 1638 1146 1678 vulgati
1172 1638 1329 1669 codices:
1354 1639 1529 1671 ‘frontem

825 1687 935 1718 limbis
970 1688 1193 1718 imminutam’
1228 1688 1313 1718 dixit
1348 1689 1531 1728 Arnobius,

826 1737 882 1767 ubi
903 1737 1016 1767 nimbis
1042 1743 1155 1768 tamen
1185 1743 1354 1777 reponunt
1380 1739 1530 1770 homines

827 1786 970 1817 eruditi:
996 1786 1056 1817 sed
1079 1791 1113 1817 et
1140 1787 1260 1817 nimbus
1285 1797 1344 1827 pro
1369 1788 1445 1818 nube
1468 1789 1530 1820 boc
1581 1797 1584 1801 ’

827 1837 899 1867 loco
917 1841 1031 1877 potcst
1047 1837 1150 1867 sumi:
1178 1842 1213 1867 ut
1227 1838 1316 1877 apud
1332 1839 1528 1870 Maronem:

826 1888 834 1902 ‘
855 1886 931 1917 Hoc
948 1888 1063 1917 Venus
1081 1887 1225 1917 obscuro
1247 1887 1368 1917 faciem
1387 1889 1529 1920 circum-

826 1936 904 1967 data
917 1936 1029 1967 nimbo
1044 1936 1204 1967 DetulitJ
1227 1937 1272 1968 D.
1289 1937 1402 1968 Heins.

870 1988 1017 2017 Frontem
1029 1986 1120 2016 limbo
1133 1987 1232 2017 reluta
1241 1987 1404 2027 pudicam]
1430 1988 1531 2019 Pudi-

825 2038 915 2069 citiae
933 2037 1057 2068 veteris
1076 2037 1161 2067 ratio
1186 2037 1365 2068 obtinebat
1382 2039 1530 2078 virgines

825 2089 857 2118 in
873 2088 1044 2128 publicum
1061 2098 1124 2117 nou
1140 2088 1340 2127 procedere,
1355 2089 1416 2119 nisi
1430 2089 1531 2120 obve-

825 2140 902 2170 latis
919 2139 1078 2177 vultibus,
1093 2144 1130 2170 nt
1143 2139 1195 2169 hic
1208 2139 1345 2178 justitia
1358 2139 1457 2170 domo
1471 2149 1531 2171 sua

825 2190 955 2220 coelesti
971 2189 1004 2218 in
1021 2193 1147 2218 terram
1165 2188 1382 2219 descensura.

868 2238 992 2278 Limbo]
1017 2238 1179 2269 Fasciolae
1198 2238 1277 2277 illae,
1300 2238 1423 2279 quibus
1440 2237 1530 2270 fron-

826 2281 894 2320 tem
923 2289 1129 2319 obvelabant
1156 2288 1301 2320 t'oeminae
1331 2289 1440 2320 Nimbi
1472 2299 1529 2330 ap-

825 2339 1044 2379 pellabantur
1062 2338 1186 2379 potius.
1232 2339 1355 2371 Isidor.
1373 2338 1431 2370 lib.
1451 2348 1529 2370 xrx.

826 2391 921 2431 Orig.
951 2400 981 2421 c.
1005 2392 1057 2421 30.
1095 2391 1103 2405 ‘
1123 2389 1267 2420 Nimbus
1307 2394 1360 2420 est
1389 2388 1528 2420 fasciola

825 2448 1030 2479 transversa,
1059 2449 1100 2470 ex
1119 2449 1200 2470 auro
1226 2440 1346 2470 adsuta
1362 2440 1394 2470 in
1413 2440 1528 2478 timec,

824 2490 914 2532 qnod
931 2495 983 2521 est
999 2490 1033 2520 in
1048 2488 1162 2520 fronte
1179 2488 1413 2521 foeminarum)

871 2542 1018 2574 Frontem
1031 2539 1192 2581 pudicum]
1228 2540 1391 2572 Nazarius
1417 2538 1526 2570 Pane-

825 2602 895 2633 gyr.
941 2595 949 2609 ⁴
968 2591 1009 2622 In
1022 2591 1149 2622 serenis
1161 2590 1327 2621 frontibus
1341 2589 1525 2619 animorum

825 2642 952 2673 iudicia
983 2641 1215 2683 perleguntur.
1274 2637 1415 2670 Justitia
1446 2644 1524 2666 vero

824 2692 903 2736 quid
921 2692 1080 2733 pudicum
1097 2689 1202 2728 magis
1213 2688 1234 2718 ?'
1257 2688 1372 2719 Barth.

868 2746 932 2774 119
955 2740 1082 2772 Deserit
1099 2737 1255 2769 auctumni
1269 2734 1390 2776 portas]
1411 2735 1523 2766 Statio

824 2791 974 2833 Virginis
1001 2794 1081 2821 uota
1108 2788 1140 2818 iu
1167 2787 1272 2819 Coelo.
1342 2786 1458 2825 [ἄη-ια’,
1488 2792 1523 2818 ut
