1851 3213
287 200 401 243 1034
708 213 783 244 cr..
816 212 1098 244 cLAumANr
1133 213 1323 243 xxxvr.

291 307 330 348 Ο
352 307 504 356 decus,
523 320 550 347 ο
569 308 761 360 requieS‚
783 321 809 348 o
830 311 954 361 grata
976 309 1184 362 superbia
1203 307 1376 349 matris!

296 373 400 425 Qua
419 374 537 427 gessi
558 374 735 415 florente
758 375 925 416 Deam:
959 389 1048 428 qua
1071 377 1256 428 sospite,
1279 386 1497 428 nusquam

290 441 475 482 Inferior
495 441 523 482 J
528 455 668 481 unone
691 442 777 481 fui:
810 454 924 481 nunc
946 442 1168 494 squalida,
1188 442 1304 482 vilis.

291 508 394 549 Hoc
414 509 623 562 placitum
646 510 769 562 patri.
830 508 919 549 Cur
935 512 1079 549 autem
1099 509 1360 549 ascribimus
1377 507 1504 548 illum

291 575 382 618 His
403 576 642 630 lacrymis?
674 588 756 628 ego
779 581 837 625 te,
860 576 1013 625 fateor,
1032 576 1223 617 crudelis
1247 575 1408 625 ademi,
1670 571 1757 614 420

294 642 409 694 Quae
431 648 470 681 te
491 642 681 692 deserui,
714 643 945 697 solamque
962 644 1226 683 instantibus
1249 643 1361 683 ultro

293 711 516 752 Hostibus
537 712 725 763 exposui
743 724 752 751 ι
785 711 931 751 raucis
954 723 1111 751 secura
1132 711 1305 751 fruebar

293 777 510 818 Nimirum
532 778 686 818 thiasis
706 783 752 818 et
770 779 875 818 laeta
895 779 1153 818 sonantibus
1176 778 1326 826 armis,

292 844 321 886 J
326 845 538 896 ungebam
560 844 794 898 Phrygios,
827 857 928 884 cum
949 849 994 885 tu
1009 857 1226 898 raperere,
1248 844 1412 884 leones.

296 973 352 1004 bar
360 972 484 1011 fertilis
498 978 620 1005 mater.
662 975 692 1004 0
704 973 941 1006 ornamentum!
989 976 1018 1006 Ο
1033 975 1119 1015 quies
1132 974 1147 1006 Ι
1194 974 1223 1004 Ο
1244 974 1383 1013 jucunda
1396 974 1498 1013 gloria
1512 973 1663 1014 parentis,
1679 973 1765 1005 Pro·

296 1017 452 1056 serpina!
478 1028 536 1057 qua
549 1016 663 1057 sospite
678 1017 812 1048 sustinui
829 1017 1035 1058 dignitatem
1053 1019 1151 1049 Dece:
1174 1028 1233 1058 qua
1249 1017 1395 1047 incolumi
1410 1027 1566 1057 nunquam
1583 1016 1639 1054 fui
1660 1016 1763 1047 minor

296 1060 443 1094 Junoue;
468 1070 547 1090 mmo
567 1070 637 1090 sunl
654 1060 792 1099 sordida,
809 1060 944 1098 abjecta,
990 1061 1045 1091 Sic
1062 1062 1181 1100 placuit
1197 1060 1283 1091 Jovi.
1331 1060 1415 1094 Quid
1441 1070 1511 1090 vero
1527 1059 1694 1090 tribuimus
1716 1058 1766 1090 illi

295 1100 481 1142 hosfletus?
528 1103 597 1140 Ego
614 1103 745 1133 innuitis
767 1103 889 1142 perdidi
907 1107 949 1143 te,
964 1104 1123 1145 corfiteor,
1147 1112 1211 1143 ego
1237 1113 1304 1143 ‹111oe
1319 1102 1430 1142 reliqui
1447 1106 1490 1140 te,
1507 1112 1526 1132 0
1546 1100 1766 1142 Proserpina,

295 1147 326 1175 et
348 1145 450 1174 volens
464 1144 559 1183 objeci
575 1149 606 1175 {e
620 1145 714 1176 solam
728 1145 866 1176 inimicis
881 1147 1149 1186 impendentibus;
1173 1149 1243 1176 tuta
1271 1145 1390 1176 scilicet
1412 1145 1554 1185 patiebar
1570 1145 1672 1175 choris
1691 1154 1764 1174 rau-

294 1187 351 1227 cis,
372 1190 462 1228 atque
474 1188 584 1218 hilaris
597 1188 629 1218 in
645 1188 734 1227 agris
748 1189 962 1220 resonantibus
973 1189 1151 1229 copulabam
1166 1189 1266 1219 leones
1286 1188 1511 1229 Berecynthia,
1532 1189 1605 1218 dum
1618 1190 1653 1218 tu
1663 1186 1767 1227 rapie-

913 1283 1149 1294 eeeeeeeeeeee

300 1345 331 1377 d.
348 1346 425 1378 Pal.
443 1347 594 1378 Florent.
610 1347 730 1378 Heins.
747 1348 792 1378 H.
809 1351 844 1379 et
862 1347 928 1379 inc.
945 1346 1056 1388 ejusd.
1076 1348 1157 1378 Pnt.
1174 1348 1298 1378 Petav.
1326 1357 1394 1378 sec.
1411 1348 1549 1378 Tholos.
1568 1347 1681 1377 Oxon.
1698 1355 1766 1377 sec.

300 1388 353 1420 ed.
369 1389 484 1419 vicet.
502 1389 640 1428 facunda
668 1390 749 1422 Jun.
779 1400 831 1429 pr.
845 1390 977 1428 ferebar
993 1391 1078 1420 Exc.
1106 1390 1229 1420 Petav.
1254 1393 1474 1430 quart—416
1495 1390 1612 1429 species
1633 1399 1695 1429 pro
1719 1399 1767 1420 re-

299 1431 385 1471 quies
400 1431 467 1461 inc.
485 1432 606 1462 Heius.
624 1433 704 1461 Var.
722 1433 789 1463 LL.
807 1441 825 1462 e
841 1442 946 1471 marg.
960 1432 1074 1462 Parm.
1091 1435 1181 1461 tanta
1197 1431 1342 1471 superbia
1353 1432 1434 1462 Vat.
1449 1442 1500 1472 pr.
1518 1432 1603 1463 Cod.
1622 1432 1769 1463 Bartho-

301 1474 359 1503 lin.
374 1473 439 1503 inc.
454 1473 572 1504 Heius.
585 1472 663 1504 Ala.
679 1474 761 1504 Var.
776 1475 843 1504 LL.
857 1484 875 1504 e
886 1483 993 1514 marg.
1007 1474 1233 1505 Parn1.—417
1260 1475 1332 1505 Dea
1348 1474 1443 1506 Med.
1460 1484 1510 1514 pr.
1526 1484 1674 1514 nusquam
1687 1475 1768 1506 Vat.

300 1520 383 1547 tert.
398 1521 431 1546 et
449 1516 482 1546 d.
500 1516 566 1547 inc.
584 1516 706 1547 Heius.
724 1517 845 1548 Petav.
863 1526 930 1547 sec.
945 1522 978 1546 el
1000 1516 1077 1546 Ald.
1101 1526 1265 1555 numquam
1289 1522 1433 1556 quatuor
1456 1518 1552 1548 Vatt.
1580 1517 1654 1548 Pal.
1686 1517 1767 1547 Vat.

300 1558 519 1590 Livia-418
545 1558 682 1596 Inferior
696 1559 821 1589 Junone
835 1568 948 1598 parens
965 1559 1044 1590 Jun.
1062 1568 1129 1588 sec.
1153 1568 1205 1589 nec
1221 1560 1359 1598 squalida
1388 1558 1505 1589 Ambr.
1522 1563 1601 1590 tert.
1626 1559 1682 1590 vili
1707 1568 1769 1600 pro

300 1601 372 1631 vilis
384 1601 507 1630 Petav.
531 1610 597 1632 sec.
620 1602 722 1631 vultus
737 1611 799 1641 pro
822 1601 894 1631 vilis
917 1602 1002 1631 Exc.
1028 1601 1146 1631 Petav.
1176 1604 1399 1641 quarn—MS)
1424 1601 1495 1632 Hoc
1514 1603 1632 1642 placuit
1649 1601 1769 1633 Ambr.

302 1647 383 1674 tert.
415 1643 485 1672 Hoc
508 1642 595 1682 patri
619 1643 769 1682 placitum
787 1644 872 1673 Exc.
892 1643 1015 1673 Petav.
1034 1648 1145 1683 quart.
1166 1644 1316 1683 placitum
1331 1648 1375 1674 est
1408 1645 1486 1675 Vat.
1505 1646 1616 1684 quint.
1640 1655 1695 1675 cur
1709 1654 1768 1675 mm

304 1695 368 1726 pro
385 1695 439 1716 cur
454 1690 558 1715 autem
586 1685 664 1716 Jun.
689 1695 756 1716 sec.
780 1687 832 1715 sed
856 1695 910 1716 cur
938 1686 1017 1716 Vat.
1043 1691 1154 1726 quart.
1178 1687 1455 1718 caussam....ullam
1489 1687 1624 1719 Tholos.
1649 1687 1769 1718 aceubi-

301 1738 369 1759 mus
390 1728 429 1768 [f.
447 1727 685 1767 ‹tt-censebimus]
708 1728 770 1758 inc.
788 1728 906 1759 Heius.
930 1729 1026 1758 ullum
1056 1738 1116 1767 pro
1143 1729 1230 1759 illum
1246 1730 1328 1759 Vat.
1353 1734 1431 1760 tert.
1461 1734 1496 1759 et
1522 1729 1555 1760 d.
1582 1730 1657 1760 Pal.
1684 1729 1769 1762 cod.

304 1771 492 1802 Barthoiin.
510 1771 659 1801 Florent.
686 1770 752 1800 duo
779 1771 872 1802 Med.
899 1771 1032 1801 Bonou.
1049 1771 1116 1801 duo
1131 1771 1252 1802 Petav.
1278 1773 1364 1803 Exc.
1392 1772 1513 1803 Petav.
1546 1777 1656 1812 quart.
1685 1773 1767 1804 Var.

305 1814 373 1845 LL.
389 1823 405 1843 e
424 1823 527 1850 marg.
545 1814 761 1844 Parnm—421
790 1815 943 1853 solamque
959 1813 1054 1844 Med.
1072 1819 1182 1854 quart.
1201 1814 1267 1844 duo
1283 1815 1403 1846 Heius.
1429 1815 1515 1855 Reg.
1533 1815 1664 1846 Bonon.
1679 1815 1772 1846 Tho-

303 1857 361 1887 los.
376 1857 501 1886 Moret.
519 1865 567 1895 pr.
586 1856 650 1886 dno
666 1856 760 1886 Voss.
779 1862 848 1887 tres
865 1857 985 1886 Petav.
1002 1857 1083 1886 Var.
1107 1857 1174 1887 LL.
1192 1867 1209 1887 e
1234 1867 1340 1898 marg.
1361 1858 1474 1887 Parm.
1499 1859 1594 1888 sulam
1608 1868 1675 1898 quoe
1688 1858 1769 1889 Vat.

306 1903 388 1931 tert.
405 1905 439 1929 et
454 1899 486 1929 d.
509 1898 603 1928 solam
619 1908 708 1937 quam
725 1899 818 1929 Med.
836 1909 886 1939 pr.
913 1900 1008 1929 solam
1026 1902 1056 1929 te
1070 1900 1146 1931 Vat.
1162 1909 1213 1940 pr.
1231 1900 1314 1931 Cod.
1332 1900 1524 1931 Bartholin.
1548 1900 1668 1931 Ambr.
1689 1905 1768 1932 tert.

305 1939 488 1979 inflantibus
503 1940 582 1970 Vat.
596 1944 817 1981 quarn—42⁶2
842 1942 972 1981 imposui
987 1942 1067 1972 Vat.
1085 1951 1136 1981 pr.
1160 1943 1286 1982 opposui
1314 1944 1392 1974 Vat.
1420 1943 1528 1983 quint.
1554 1942 1690 1980 fecunda
1707 1953 1770 1983 pro

310 1991 416 2012 secura
432 1982 552 2013 Petav.
570 1992 621 2022 pr.
637 1983 768 2019 ferebar
784 1984 906 2015 Petav.
921 1988 1096 2015 sea—423
1120 1986 1214 2015 armis
1232 1991 1301 2015 tres
1326 1986 1420 2016 Vatt.
1438 1986 1519 2016 item
1534 1985 1575 2016 A.
1592 1990 1627 2016 et
1643 1986 1675 2016 d.
1692 1986 1770 2017 Pal.

310 2024 391 2055 Cod.
407 2025 597 2056 Bartholin.
621 2026 700 2057 Juu.
719 2036 768 2066 pr.
792 2027 876 2057 artis
901 2027 996 2058 Voss.
1014 2037 1062 2067 pr.
1090 2028 1166 2058 Vat.
1183 2038 1233 2068 pr.
1265 2029 1348 2068 Reg.
1378 2028 1498 2059 Petav.
1515 2031 1690 2059 seo—424
1713 2028 1772 2059 Ze-

308 2066 420 2108 phyros
436 2077 497 2107 pro
515 2067 673 2108 Phrygios
688 2069 767 2099 Put.
785 2069 851 2100 duo
879 2070 1004 2101 Petav.
1029 2074 1060 2100 te
1076 2080 1204 2110 rapuere
1231 2071 1308 2101 Vat.
1337 2076 1416 2102 tert.
1434 2076 1470 2101 et
1487 2071 1519 2101 d.
1548 2071 1623 2102 Pal.
1638 2071 1770 2103 Tholos.

309 2109 420 2141 Oxon.
443 2120 511 2142 sec.
527 2109 646 2142 Ambr.
660 2116 742 2143 tert.
767 2115 797 2143 te
809 2123 877 2143 cum
892 2122 1021 2154 rapuere
1037 2112 1104 2144 duo
1123 2113 1217 2144 Med.
1242 2124 1310 2144 cum
1327 2117 1357 2145 te
1373 2123 1503 2154 rapuere
1518 2113 1600 2146 Put.
1618 2113 1684 2145 duo
1703 2113 1771 2145 Pe·

972 2221 1111 2253 NOTAE

308 2303 388 2336 mihi
401 2308 475 2334 erat
492 2304 613 2345 pignus
626 2305 785 2337 amicitiae
802 2306 912 2338 Jovis.
1067 2307 1160 2344 ficis,
1173 2306 1215 2337 ad
1233 2316 1370 2337 raucum
1383 2306 1535 2347 tympani
1548 2306 1695 2338 sonitum
1706 2306 1774 2337 sal·

348 2357 412 2386 416
428 2355 456 2384 O
472 2356 586 2394 Decus,
603 2356 673 2395 ge]
699 2356 730 2386 Ο
747 2355 829 2395 filia,
846 2367 921 2397 quae
937 2367 1013 2388 eras
1068 2356 1215 2387 nantibus
1253 2356 1412 2396 potiebar
1447 2357 1522 2398 ipsa
1564 2357 1770 2398 tripudians.

308 2417 402 2438 meus
418 2407 536 2445 honor,
564 2417 639 2437 mea
656 2407 802 2448 requies,
821 2417 884 2449 qua
898 2418 1013 2448 super·
1066 2405 1190 2444 Θιάσος,
1205 2406 1314 2437 chorus
1328 2407 1556 2439 Bacchantum.

310 2457 458 2494 biebam,
473 2464 535 2487 «xc.
1109 2456 1300 2487 Souantibus
1309 2457 1419 2498 armis]
1445 2459 1573 2489 Plausu
1589 2466 1770 2496 armorum,

352 2510 415 2538 418
439 2506 604 2546 Squalida]
625 2506 786 2537 Sordibus
803 2506 925 2539 obsita.
1066 2518 1142 2548 quae
1161 2509 1375 2548 Corybantes
1397 2510 1593 2541 movebant.
1638 2508 1706 2540 Sed
1733 2512 1772 2539 et

353 2561 416 2590 419
440 2557 649 2597 Ascrihimus]
686 2558 756 2588 Cur
780 2558 903 2589 Jovem
932 2557 1014 2589 faci·
1068 2558 1171 2590 θιάσος
1197 2566 1247 2589 est
1276 2563 1369 2590 coetus
1397 2560 1653 2600 tripudiantium:
1679 2558 1770 2590 uude

311 2619 383 2641 mus
402 2614 574 2640 auctorem
600 2608 699 2648 hujus
715 2609 841 2639 cladis?
873 2619 934 2640 cur
956 2610 1015 2641 has
1067 2610 1192 2649 legntur
1208 2616 1335 2649 optume
1349 2610 1469 2641 thiasis.

311 2660 376 2701 ipsi
405 2660 604 2699 ascribimus
635 2658 884 2700 tribuimusque
908 2660 1016 2700 lacry-
1109 2662 1172 2690 424
1197 2660 1332 2702 Leones]
1370 2661 1438 2694 Qui
1465 2660 1604 2692 trahunt
1633 2667 1769 2692 currum

313 2720 385 2743 mas
397 2711 408 2740 ?
1070 2709 1227 2751 Cybeles.

352 2764 416 2795 423
443 2760 580 2802 Thiasis]
603 2759 722 2792 Choris
750 2759 898 2802 Cybeles
921 2760 1014 2793 fana-
