1852 3182
643 233 902 264 Ειῡγιιιᾼ.
1387 219 1498 262 1093

667 477 861 529 XLVI.

489 672 531 712 3.
620 671 1052 714 TORPEDO.

589 874 951 907 ARGUMENTUM.

461 961 690 993 ToRPEumis
708 970 873 991 venenum
891 965 926 991 et
943 960 1077 991 astutia.

45 1129 190 1190 Quis
212 1153 297 1180 non
319 1138 576 1180 indomitam
598 1139 704 1180 dirae
722 1138 988 1192 Torpedinis
1009 1140 1144 1178 artem

43 1207 214 1256 Audiit,
238 1210 280 1247 ct
299 1207 449 1247 merito
472 1207 661 1259 signatas
678 1207 850 1246 nomine
872 1205 1018 1246 vires?

45 1274 129 1316 llla
151 1275 325 1329 quidem
348 1275 511 1324 mollis,
534 1275 743 1328 segnique
765 1274 931 1314 obnixa
951 1275 1104 1313 natatu

92 1403 205 1442 Ecquis
227 1412 286 1432 non
309 1401 427 1440 accepit
453 1402 602 1431 astutiam
626 1400 864 1440 insuperabilem
889 1398 1071 1439 Torpedinis
1094 1408 1195 1436 soevae,
1221 1400 1253 1428 et
1274 1400 1420 1428 naturum
1433 1395 1508 1436 eju}

43 1446 237 1485 designatam
259 1454 330 1475 tero
346 1442 488 1474 nomine?
512 1444 573 1474 Illa
589 1447 670 1473 certe
686 1442 842 1483 Torpedo
859 1442 959 1472 mollis
974 1444 1004 1472 et
1029 1442 1164 1472 connixa
1180 1443 1283 1471 tractu
1305 1440 1396 1479 pigro
1413 1438 1507 1479 repit,

661 1539 894 1550 eeeeeeeeeeee

90 1616 140 1648 De
155 1615 323 1655 Torpedine
339 1613 536 1644 inscribitur
552 1614 615 1643 hoc
631 1621 768 1643 carnien
786 1612 817 1641 in
832 1612 912 1641 Vat.
932 1621 982 1650 pr.
1002 1615 1037 1641 et
1053 1610 1183 1640 Moret:
1196 1619 1246 1648 pr.
1276 1608 1307 1638 in
1326 1608 1456 1638 Bonon.
1473 1610 1510 1638 et

47 1659 126 1690 Var.
143 1658 209 1689 LL.
226 1668 269 1689 111.
286 1657 399 1687 Parm.
414 1656 532 1687 deerat
547 1655 747 1695 Inscriptio,
787 1653 902 1684 Codex
922 1652 1119 1684 Hafniensis
1136 1652 1223 1682 Bibl.
1240 1651 1391 1681 chartac.
1409 1659 1510 1690 quem

49 1702 147 1733 litera
162 1701 202 1732 A.
229 1704 407 1731 notaverat
437 1699 613 1736 Heinsius,
640 1697 791 1728 habebat
809 1706 944 1737 quoque
971 1697 1032 1726 hoc
1057 1704 1206 1726 carmen.
1256 1694 1310 1723 De
1330 1693 1512 1731 Tmpedine,

50 1754 122 1785 quae
139 1741 256 1783 Νάρκη,
279 1742 346 1774 vid.
363 1742 452 1773 Plin.
469 1742 543 1772 Lib.
563 1750 683 1772 xxxn.
701 1750 731 1771 c.
750 1743 778 1770 l.
802 1739 881 1771 Joh.
909 1739 1077 1769 Rhodium
1104 1738 1146 1768 ad
1172 1738 1330 1776 Compos.
1351 1743 1403 1765 xi.
1420 1734 1512 1765 Scri·

48 1787 126 1818 bon.
146 1787 257 1826 Largi.
275 1785 440 1825 Antigon.
458 1785 550 1816 Hist.
569 1784 694 1815 Mirab.
710 1793 739 1813 c.
757 1786 810 1813 52.

91 1833 107 1860 1
131 1830 210 1860 dirae
234 1830 315 1859 Vat.
343 1838 394 1869 pr.
423 1829 508 1859 Exc.
539 1828 616 1858 Pat.
642 1836 711 1857 rec.
744 1826 888 1855 Lucens.
921 1834 971 1864 pr.
1001 1823 1082 1854 Ald.
1115 1824 1196 1853 Var.
1223 1821 1292 1852 LL.
1318 1820 1371 1851 ed.
1402 1819 1510 1851 Antv.

48 1871 137 1904 mirae
165 1877 310 1913 quatuor
342 1872 440 1902 Vatt.
480 1870 555 1900 Pal.
591 1868 696 1900 Hasn.
736 1869 829 1898 Rott.
869 1867 972 1898 Oisel.
1009 1867 1158 1897 Florent.
1201 1869 1271 1894 tres
1308 1862 1404 1893 Med.
1442 1863 1512 1893 inc.

50 1915 170 1947 Heius.
205 1915 286 1945 Put.
326 1914 392 1944 duo
422 1914 544 1944 Petav.
581 1913 712 1943 Bonou.
747 1910 865 1941 Ambr.
898 1914 977 1941 tert.
1007 1909 1138 1939 Buslid.
1169 1908 1282 1939 Oxou.
1319 1915 1387 1936 sce.
1427 1905 1512 1936 Cod.

50 1957 170 1998 Epigr.
197 1957 317 1988 Ambr.
352 1957 522 1997 turpidinis
549 1955 680 1986 Buslid.
714 1953 885 1993 torpedinis
911 1953 1039 1983 Moret.
1069 1962 1118 1992 pr.
1156 1960 1256 1981 arcem
1278 1950 1358 1979 Vat.
1386 1952 1514 1979 te1·t.—-
1572 1969 1574 1971 -

51 2002 70 2030 2
93 2001 192 2031 Audit
222 2003 250 2030 et
281 1999 389 2030 merito
421 1999 500 2030 Ald.
539 1998 640 2029 Audit
660 2001 690 2028 et
721 1996 847 2027 emerito
876 1996 956 2026 vat.
981 2005 1031 2036 pr.
1064 1994 1182 2025 Ambr.
1214 2002 1265 2032 pr.
1291 1992 1369 2022 Vat.
1404 1989 1513 2021 Livin.

52 2042 135 2073 Exc.
153 2043 297 2073 Lucens.
322 2051 373 2081 pr.
408 2041 521 2072 Audiit
549 2044 577 2072 et
605 2040 713 2071 merito
737 2044 882 2080 quatuor
904 2039 1001 2068 Vatt.
1027 2038 1120 2068 Rott.
1151 2036 1256 2075 Oisel.
1276 2035 1426 2065 Florent.
1443 2038 1514 2064 tres

54 2085 148 2115 Med.
183 2085 247 2115 inc.
287 2084 406 2115 Heius.
442 2084 524 2115 Put.
561 2083 627 2114 duo
667 2083 789 2113 Petav.
829 2081 945 2112 Ambr.
982 2084 1060 2111 tert.
1096 2078 1225 2110 Buslid.
1267 2077 1352 2109 Cod.
1392 2076 1513 2116 Epigr.

53 2127 171 2158 Anibr.
209 2128 293 2158 Exc.
332 2126 408 2156 Pat.
443 2136 511 2157 rec.
542 2126 624 2156 Var.
654 2125 718 2155 LL.
754 2134 771 2154 e
800 2134 906 2163 marg.
932 2124 1047 2153 Parm.
1095 2122 1224 2153 emeruit
1251 2120 1347 2151 Med.
1379 2120 1514 2149 δρα-3

50 2170 138 2200 malli
161 2170 258 2200 malit
283 2169 400 2200 Heius.
436 2169 595 2208 segnisque
623 2168 698 2198 Pal.
735 2167 840 2204 segnis
862 2166 1018 2206 mollisque
1041 2165 1164 2196 Petav.
1184 2173 1252 2194 sec.
1289 2163 1450 2201 segnisque
1465 2160 1516 2190 ob-

51 2213 147 2243 noxia
166 2215 242 2243 natu
259 2212 325 2242 duo
348 2211 441 2242 Med.
479 2215 565 2242 tuctu
592 2215 736 2252 quatuor
750 2211 848 2239 Vatt.
888 2212 963 2239 natu
988 2208 1064 2239 Pau.
1101 2210 1212 2238 natatu
1239 2204 1344 2236 Hafn.
1381 2203 1516 2235 obnoxia

53 2258 139 2286 tactu
154 2254 286 2286 Buslid.
304 2254 418 2285 Oxon.
447 2263 516 2284 sec.
545 2253 624 2284 Ald.
642 2254 722 2283 Var.
742 2253 808 2282 LL.
827 2251 880 2283 ed.
906 2251 1013 2282 Antv.
1047 2250 1178 2280 obnoxia
1194 2251 1297 2280 tractu
1319 2247 1437 2278 Ambr.
1463 2255 1517 2286 pr.

56 2297 158 2329 Gesn.
176 2302 210 2328 et
227 2297 279 2328 ed.
304 2298 444 2337 Bipont.
467 2296 580 2327 obnixa
596 2299 706 2326 notatu
721 2294 815 2325 Med.
835 2304 903 2325 sec.
932 2294 1045 2324 obnixa
1071 2296 1183 2323 natatu.
1207 2292 1289 2322 Vat.
1314 2294 1393 2321 tert.
1418 2289 1517 2319 Rott.

58 2339 328 2371 0ise!.Florent.
354 2340 475 2370 Petav.
502 2338 706 2370 sec.Ambr.
725 2341 805 2369 tert.
836 2337 920 2367 Cod.
953 2336 1070 2377 Epigr.
1100 2335 1219 2366 Anibr.
1253 2334 1338 2365 Exc.
1369 2333 1518 2364 Lucens.

57 2392 107 2423 pr.
156 2382 314 2414 Heinsius
345 2382 555 2423 ascripserat
586 2382 594 2398 ‘
612 2384 705 2413 natus
735 2390 798 2421 pro
823 2382 960 2411 natatus.
996 2379 1044 2410 sic
1074 2379 1160 2409 natio
1187 2387 1249 2419 pro
1279 2375 1413 2407 natatio.
1445 2373 1515 2406 vid.

715 2499 863 2532 NOTAE

102 2599 115 2626 1
144 2596 336 2637 Torpedinis]
369 2594 532 2636 Torpedo
563 2597 616 2625 est
652 2592 757 2634 piscis
813 2590 1011 2632 stupefacit,
1047 2588 1327 2631 stupefactosque
1369 2587 1517 2618 devorat.

58 2646 201 2686 mollior,
221 2651 256 2677 et
277 2646 529 2686 cartilagineus,
553 2644 613 2675 sed
637 2649 673 2675 et
694 2643 759 2684 spi·
814 2641 947 2674 Graecis
970 2641 1108 2681 dicitur,
1129 2638 1236 2681 νάρκη,
1261 2638 1349 2669 uude
1372 2636 1518 2677 φάρμακα

60 2704 160 2726 nosus
175 2696 286 2736 etiam,
302 2705 361 2727 sua
376 2699 499 2727 natura
516 2695 625 2735 piger,
647 2693 705 2725 sed
722 2702 758 2724 se
813 2691 996 2733 ναρκωτυιὰ,
1021 2700 1088 2732 quae
1112 2688 1334 2731 stupefaciendi
1372 2686 1433 2717 vim
1463 2685 1516 2716 ha-

62 2744 177 2775 nativo
193 2754 251 2775 suo
268 2750 403 2786 torpore
419 2755 485 2776 non
498 2744 603 2775 solum
616 2748 760 2783 tutatur,
813 2743 896 2776 benc.

63 2798 100 2824 ut
117 2793 165 2825 ait
185 2794 324 2834 Tunius,
344 2794 404 2826 sed
427 2795 530 2826 etiam
549 2794 660 2835 pisces
676 2793 761 2826 alios
