1851 3213
275 183 390 225 1136
740 195 816 225 CL.
850 194 1135 227 CLAUDIANI
1172 196 1278 227 mx.

274 289 449 332 Auctus
471 290 610 331 honos
628 304 638 342 ;
670 290 827 344 liquidi
848 296 1052 332 crescunt
1073 292 1286 333 miracula
1307 290 1432 342 saxi3
1674 307 1676 321 ι
1715 292 1743 332 5

332 358 388 399 Et
408 363 684 399 conservatae
706 358 808 411 plus
828 359 1048 399 meruistis
1069 372 1214 413 aquae.

271 467 387 508 infidus
400 469 545 498 remansit
561 468 595 498 in
611 468 682 498 orbe
694 468 804 498 medio.
853 468 1055 499 Pulchritudo
1071 470 1142 509 ejus
1162 469 1281 500 crevit:
1300 467 1449 510 prodigia
1474 466 1563 509 rupis
1582 466 1745 508 pellucidae

274 514 440 551 augentur,
452 514 482 541 et
501 521 558 541 vos
575 520 593 542 0
609 521 695 552 aquoe
706 513 839 541 servatoe
856 510 987 542 habetis
1000 512 1070 551 plus
1081 512 1189 552 pretii.

885 594 1122 608 eeeeeeeeeeee

277 649 422 689 guin—5
458 651 558 681 Actus
574 650 680 681 Oisel.
699 650 852 682 Florent.
877 649 973 681 Med.
1002 660 1072 681 sec.
1102 651 1225 682 Petav.
1252 660 1321 682 sec.
1338 649 1460 681 Ambr.
1477 659 1528 690 pr.
1546 649 1675 681 Moret.
1691 657 1744 690 pr.

278 692 391 724 Oxou.
419 703 488 724 sec.
506 693 590 724 Cod.
615 693 733 734 Epigr.
751 692 870 724 Ambr.
887 693 942 723 ed.
960 693 1076 723 Parin.
1111 694 1233 724 Auctus
1248 693 1342 724 honos
1358 693 1489 724 Buslid.
1523 693 1619 724 honor
1636 691 1743 723 Oisel.

274 740 344 766 tres
361 736 456 767 Vatt.
472 736 548 767 Pal.
564 736 661 767 Rott.
677 734 783 766 Hafn.
808 737 880 766 saxi
896 735 1015 765 deerat
1030 735 1111 765 Vat.
1129 745 1181 775 pr.

939 825 1085 857 NOTAE

320 906 338 933 3
356 901 505 942 Mentiri]
522 902 599 932 Non
617 900 730 941 potuit
746 900 915 937 simulare,
933 909 984 931 re-
1039 900 1187 941 quidem,
1213 900 1273 932 sed
1299 901 1503 941 gratissima,
1519 905 1664 941 augetur
1690 901 1748 933 ho-

277 956 502 993 praemntare,
518 956 667 982 nectam
701 960 865 991 gemmam
884 960 984 991 quam
1038 961 1113 990 nor,
1142 955 1178 981 et
1204 951 1326 992 glaciei
1354 951 1537 991 induratae,
1563 955 1678 993 atque,
1709 957 1747 983 ut

276 1003 427 1043 speeiem
451 1012 606 1043 gemmae,
628 1011 704 1042 quae
722 1001 799 1032 ideo
815 1000 902 1032 falsa
919 1005 983 1040 est,
1037 1001 1086 1032 ita
1114 1002 1238 1041 dicam,
1264 1011 1389 1041 saxeae,
1418 1002 1524 1043 majus
1555 1006 1609 1032 est
1633 1001 1748 1042 prodi-

277 1059 312 1085 et
329 1054 423 1084 velut
436 1052 593 1084 mendax.
880 1068 894 1075 ν
1037 1051 1141 1092 gium,
1156 1052 1265 1092 major
1276 1052 1394 1083 honor.
1431 1052 1603 1083 Martialis
1618 1051 1662 1083 de
1678 1050 1748 1083 for-

319 1106 339 1134 4
364 1104 514 1134 Proditor
528 1102 629 1142 latex]
652 1102 693 1133 In
708 1102 822 1133 medio
833 1101 915 1133 orbe
931 1112 982 1132 re·
1036 1102 1122 1132 mica
1142 1102 1273 1133 electro
1290 1103 1509 1142 consepulta:
1541 1103 1551 1119 ‘
1568 1102 1624 1133 Sic
1646 1101 1748 1133 modo

277 1158 392 1184 manet
407 1163 504 1194 aquae
527 1153 651 1194 liquor,
667 1153 723 1194 qui
748 1153 861 1193 prodit
876 1157 912 1183 et
932 1162 982 1182 os·
1038 1161 1114 1192 quae
1143 1150 1258 1183 fuerat
1294 1152 1365 1182 vita
1402 1156 1579 1183 contemta
1610 1151 1748 1190 relicta,

277 1203 388 1234 tendit
404 1213 469 1234 non
487 1212 602 1234 veram
626 1213 700 1234 esse
726 1213 905 1243 gemmam,
922 1203 982 1233 sed
1037 1201 1227 1234 Funeribus
1271 1200 1365 1234 facta
1400 1206 1453 1233 est
1491 1201 1563 1243 jam
1598 1202 1748 1243 pretiosa

277 1258 408 1293 guttam
438 1263 545 1295 aquae,
572 1263 648 1294 quae
681 1253 808 1283 habeat
834 1253 983 1292 speciem
1038 1252 1128 1284 suis!

279 1313 439 1344 gemmoe3
464 1308 498 1334 et
521 1313 562 1334 ex
590 1303 652 1335 hac
675 1302 801 1343 specie,
826 1303 984 1334 mendaci

935 1452 1059 1502 LIX
1068 1484 1085 1502 .

839 1587 884 1628 9.
944 1584 1198 1628 ALITER.

280 1702 464 1744 AsplcE
485 1701 730 1754 porrectam
752 1696 1004 1751 splendenti
1023 1696 1235 1749 fragmine
1257 1709 1426 1746 venam,

340 1768 444 1818 Qua
462 1767 641 1808 trahitur
660 1766 783 1806 limes
803 1764 1019 1805 lucidiore
1041 1765 1152 1817 gelu.

282 1836 375 1877 Hic
395 1835 562 1876 nullum
586 1834 776 1881 Borean,
799 1845 880 1872 nec
901 1832 1099 1872 brumam
1121 1833 1248 1873 sentit
1268 1845 1438 1885 opacus

340 1903 531 1952 Humor,
553 1901 629 1942 sed
652 1901 797 1941 varias
817 1901 937 1953 itque
957 1900 1152 1953 reditque
1173 1901 1287 1941 vias.

328 2004 428 2033 Cerne
441 2004 565 2041 guttam
581 2003 739 2031 extentam
754 1999 787 2030 in
807 1999 915 2038 frusto
937 1999 1084 2037 micante,
1115 2009 1174 2040 qua
1194 2000 1304 2030 semita
1320 2000 1446 2031 ducitur
1458 1999 1561 2039 glacie
1585 1999 1744 2032 nitidiore,

284 2046 351 2077 Hic
367 2045 466 2086 liquor
487 2046 598 2075 densus
616 2053 675 2074 nou
687 2043 812 2084 patitur
827 2043 920 2073 ullum
938 2042 1122 2082 Aquilonem
1147 2052 1243 2083 neque
1261 2043 1364 2074 ullam
1380 2043 1529 2083 hyemem,
1542 2044 1596 2074 sed
1611 2044 1637 2074 ie
1652 2046 1682 2074 et
1697 2053 1747 2074 re-

891 2126 1128 2139 eeeeeeeeeeee

328 2186 345 2214 1
370 2183 504 2223 Auspice
520 2183 603 2214 Put.
637 2186 810 2223 porrectam
836 2182 953 2215 Ambr.
971 2194 1022 2224 pr.
1046 2184 1124 2215 Vat.
1142 2182 1252 2215 Livin.
1283 2186 1456 2223 correptam
1473 2182 1539 2213 duo
1554 2182 1651 2213 Vatt.
1668 2182 1745 2213 Pal.

285 2226 381 2258 Rott.
397 2225 503 2256 Oisel.
529 2230 696 2257 correctam
712 2227 794 2257 Var.
814 2227 882 2257 LL.
906 2226 959 2258 ed.
985 2226 1089 2257 Antv.
1108 2236 1151 2257 m.
1178 2235 1227 2265 pr.
1262 2229 1433 2256 concretam
1458 2224 1594 2264 legebat
1622 2224 1745 2256 Heius.

284 2268 435 2308 sanguiue
453 2279 513 2308 pro
522 2268 685 2308 fragmine
713 2269 790 2301 Pal.
807 2269 873 2300 duo
890 2269 984 2300 Med.
1008 2269 1141 2309 flamine
1158 2266 1263 2299 Hafn.
1278 2267 1397 2298 Ambr.
1415 2272 1495 2298 tert.
1511 2266 1643 2298 Buslid.
1678 2270 1746 2306 teg-

283 2311 364 2342 mine
380 2312 587 2351 conjiciebat
605 2312 778 2350 Heinsius,
794 2317 831 2342 ut
850 2322 896 2342 vs.
914 2316 942 2343 l.
960 2321 1034 2352 seq.
1048 2312 1164 2351 Epigr.
1189 2312 1197 2327 ‘
1218 2310 1397 2341 Clauditur
1419 2310 1576 2340 immunis
1592 2319 1747 2340 convexo

284 2353 434 2393 tegmine
448 2354 626 2385 rivus.'———2
652 2354 720 2389 Quo
735 2355 875 2385 trahitur
890 2355 1019 2385 Mor-et.
1036 2364 1089 2394 pr.
1112 2354 1181 2384 Hic
1196 2353 1277 2383 Vat.
1305 2353 1378 2384 Liv.
1404 2353 1528 2383 iterum
1553 2352 1746 2393 distinguit.

283 2400 346 2428 —3
383 2397 448 2427 Hic
462 2396 560 2427 nilum
576 2396 702 2427 Borean
719 2397 831 2428 Oxon.
858 2407 926 2428 sec.
964 2398 1086 2428 Borean
1103 2396 1182 2427 Vat.
1199 2398 1317 2436 pr.—-4
1351 2405 1447 2426 vanas
1463 2405 1524 2436 pro
1540 2396 1645 2428 varias
1660 2396 1744 2427 Put.

941 2484 1080 2515 NOTAE

328 2556 342 2584 l
372 2553 553 2583 Porrectam
564 2553 736 2593 splendenti
742 2551 920 2593 fragmine]
943 2552 987 2584 A-
1090 2552 1221 2593 Venam]
1253 2552 1380 2583 Videas
1407 2556 1537 2593 guttam
1567 2562 1663 2593 aquae
1687 2562 1746 2583 ex-

283 2603 320 2635 lii
335 2603 465 2644 legunt,
476 2604 831 2644 conseptamsplendenti
841 2604 988 2644 tegmine,
1042 2611 1182 2644 tentam,
1208 2610 1245 2636 et
1269 2605 1376 2636 instar
1390 2615 1485 2636 vena?
1511 2605 1690 2636 salientem
1714 2605 1748 2636 in

276 2653 412 2693 fornice,
426 2655 579 2693 margine,
592 2654 670 2695 quia
687 2658 786 2694 gutta
800 2654 859 2685 illa
875 2655 989 2686 cincta
1041 2654 1206 2695 fragmine
1223 2656 1374 2696 crystalli
1390 2656 1561 2687 micantis.

285 2707 338 2735 est
367 2705 529 2745 crystallo
558 2704 742 2745 exteriore,
772 2704 807 2736 in
837 2705 989 2745 speciem
1085 2709 1103 2736 3
1132 2707 1195 2737 Hic
1219 2707 1337 2737 nullum
1358 2705 1501 2745 Borean]
1531 2705 1623 2738 Quia
1647 2709 1745 2746 gutta

285 2752 436 2786 fornicis.
1041 2755 1100 2788 illa
1115 2761 1281 2796 remanet,
1295 2766 1359 2789 nec
1372 2761 1426 2789 est
1440 2756 1589 2789 obnoxia
1600 2755 1749 2799 frigoris,
