1852 3182
426 184 488 216 DF.
521 185 668 215 NUPT.
701 184 886 214 HONOR.
922 184 979 212 ET

51 283 131 315 dnm
154 283 263 324 privas
286 283 378 313 odor:
399 284 495 312 motos
524 279 627 310 etiam
649 288 751 309 anines

51 333 220 375 quomodo
234 332 434 373 motifluclus
445 330 535 371 apud
551 331 724 360 Maronem
741 340 748 359 z

50 392 130 415 mox
149 383 288 414 Naribus
303 391 444 413 accensus
471 380 583 421 potior
608 380 750 420 scripto-

50 442 124 464 rum
149 442 238 473 pars,
253 441 318 462 uon
333 430 488 462 accensis:
511 429 612 460 aliter
637 434 749 460 tamen

49 482 296 523 castigatiores.
321 481 366 512 D.
383 480 494 512 Heius.

96 532 196 564 Notos
220 531 338 570 amnes]
377 529 432 562 Ad
457 539 540 571 quos
567 529 748 560 educatos:

50 591 133 623 quos
151 581 412 622 poscitopemin
429 580 468 611 iis
485 580 554 611 suis
567 580 751 610 doloribus.

52 632 168 663 Barth.

93 683 155 712 295
183 680 360 721 Candidus]
396 680 546 711 Ministri
573 680 679 712 albati
708 681 752 710 in-

49 730 144 772 signe
159 731 391 772 Principatus.
437 732 508 771 Ego
530 737 642 762 tamen
661 736 755 770 toga-

52 785 122 812 tum
152 781 207 813 hic
238 783 427 813 exercitum
462 781 555 812 innui
582 774 752 818 existimo,

51 832 208 873 quoniam
225 833 376 873 posuisse
400 843 475 863 eum
491 841 584 862 arma
599 836 754 862 autumat

50 882 277 920 Claudianum
315 887 352 913 ut
383 881 524 922 pacifico
556 881 753 921 urbanoque

49 931 167 963 habitu
184 932 341 972 gaudium
361 932 531 972 Principis
554 931 659 962 fuerit
675 941 754 962 con-

51 988 210 1015 testatus.
236 985 334 1015 Idem.

95 1034 256 1065 Candidus
281 1034 452 1074 exercitus]
499 1033 590 1064 Ante
620 1033 756 1063 dixerat

51 1083 167 1115 niveas
189 1085 359 1123 cobortes,
386 1095 461 1124 qua:
488 1085 561 1115 scil.
599 1083 631 1113 in
653 1083 755 1114 comi-

52 1138 126 1165 tatu
143 1133 326 1173 Principis.
352 1134 475 1164 Claver.

93 1187 158 1216 296
181 1184 315 1215 Exultat
324 1193 460 1215 socerum
468 1183 566 1223 circa]
578 1183 655 1215 Non
660 1182 757 1221 juxta

52 1235 152 1267 libri:
175 1235 262 1266 vidit
274 1234 454 1266 Barthius:
472 1243 551 1265 mox
567 1243 628 1274 pro
640 1235 757 1271 ducem,

51 1294 112 1317 sex
129 1285 248 1327 scripti
260 1285 341 1316 diem
354 1294 428 1316 cum
443 1285 550 1324 primo
563 1283 731 1314 Vaticano
746 1293 753 1313 :

52 1336 155 1368 nihilo
172 1336 334 1367 deterius.
358 1336 401 1366 D.
417 1334 531 1366 Heius.

95 1389 159 1418 297
187 1386 311 1417 Pluviae
326 1385 408 1426 ritu]
432 1385 553 1416 Omnis
570 1384 686 1424 iugens
702 1392 758 1414 co-

53 1436 111 1478 pia
125 1436 250 1476 pluviae
268 1446 351 1467 voce
362 1436 541 1467 iudicatur.
565 1434 681 1466 Barth.

96 1490 161 1519 299
189 1487 288 1518 Vclati
304 1487 406 1527 lauro]
438 1486 611 1526 Tanquam
640 1485 674 1514 in
702 1484 759 1515 tri-

53 1538 192 1578 umpho.
238 1537 393 1578 Myrtum
414 1536 544 1577 jungit,
570 1535 612 1566 ob
628 1533 758 1566 festivi-

53 1592 163 1620 tatem
180 1588 392 1628 Nuptialem.
438 1586 553 1617 Alibi:
588 1586 597 1602 ‘
613 1586 659 1616 Et
680 1585 758 1615 cali-

54 1637 106 1669 dis
140 1637 280 1669 thalami
310 1636 465 1668 succedit
490 1636 608 1666 laurea
636 1634 759 1666 sertis.’

56 1688 154 1719 Idem.

97 1741 158 1770 301
184 1737 250 1769 Seu
272 1737 361 1777 colis]
386 1737 509 1768 Premis
534 1735 633 1777 prim.
647 1735 760 1767 Vatic.

56 1794 91 1820 et
108 1788 165 1820 alii
181 1798 315 1820 novem.
343 1789 389 1820 D.
406 1787 518 1818 Heius.

98 1842 162 1871 303
189 1839 348 1871 Connubiu
360 1838 485 1880 pensat]
510 1837 673 1869 Cunabula
689 1836 762 1876 Gy-

57 1890 144 1922 rald.
175 1895 212 1921 et
247 1888 507 1931 quatuordecim
538 1888 618 1919 alii:
657 1892 762 1918 recte.

57 1942 232 1973 Educatus
249 1940 339 1972 euim
356 1950 376 1971 a
389 1938 580 1971 Theodosio
596 1938 738 1969 Stilicho
753 1949 760 1968 :

58 2002 120 2033 pro
136 1993 212 2022 Jam
224 1994 328 2031 gratoe
338 1991 459 2021 rediere
474 1990 566 2029 vices,
581 1990 681 2029 prim.
698 1988 763 2019 Va-

59 2042 162 2073 tican.
179 2051 256 2073 cum
281 2041 431 2082 quinque
455 2041 544 2080 aliis,
573 2040 623 2071 En
648 2042 762 2079 gratae.

60 2092 170 2123 Idem.

102 2145 164 2173 305
192 2141 283 2177 Quod
305 2141 448 2182 dederat]
475 2141 615 2172 Dederas
631 2140 767 2171 Barthi-

59 2202 117 2224 us:
143 2191 346 2223 confirmant
361 2197 440 2223 octo
454 2192 546 2223 libri.
571 2192 613 2223 D.
632 2191 744 2223 Heius.

103 2242 194 2278 Quod
219 2242 347 2273 dederat
368 2241 508 2282 genitor]
546 2243 699 2282 Acutius,
716 2244 768 2273 de-

58 2293 161 2324 deraS.
198 2291 298 2324 Quod
320 2296 355 2322 tu
374 2292 420 2322 illi
444 2292 602 2330 dederas,
629 2292 693 2322 hoc
710 2292 766 2322 ille

59 2345 122 2376 tibi
138 2344 252 2375 reddit
267 2344 299 2374 in
315 2349 394 2375 nato
413 2349 483 2383 tuo,
499 2344 704 2376 connubium
720 2345 767 2375 ni-

60 2394 181 2426 mirum
197 2394 382 2434 sanguinis.
408 2394 523 2426 Barth.

103 2447 166 2476 307
191 2444 328 2484 Dignus,
344 2454 432 2485 quem
455 2444 588 2485 legeres]
621 2445 701 2476 Non
719 2445 768 2475 cui

59 2495 143 2534 teges
160 2495 304 2526 Lucens.
331 2496 429 2534 prim.
446 2495 604 2527 Vatican.
622 2500 657 2526 et
673 2496 768 2536 quin-

62 2544 173 2576 decim
189 2545 263 2575 alii:
288 2545 433 2575 diximus
451 2546 551 2577 Cons.
567 2546 702 2585 Manlii,
719 2556 768 2576 vs.

62 2597 138 2626 ⁷47.
154 2603 334 2633 prom-erum
361 2595 500 2635 habenae,
530 2597 629 2637 prim.
652 2596 769 2627 Vatic.

63 2649 99 2675 et
120 2649 197 2675 octo
221 2645 278 2675 alii
305 2649 403 2676 tanta>
426 2647 564 2678 habenae.
587 2648 771 2687 Junianns,

63 2695 154 2733 regni
167 2694 300 2725 hubenae.
325 2695 367 2726 D.
385 2696 506 2727 Heins.

108 2744 249 2783 Pignora
275 2745 358 2775 tanti
386 2745 558 2787 Principis]
591 2747 702 2787 Supra
717 2756 775 2777 no·

1014 185 1043 212 M
1054 185 1080 213 A
1092 186 1116 213 n
1124 203 1135 214 .
1394 176 1504 216 1:353

805 278 948 308 tavimus
974 277 1193 307 Stilichonem
1225 286 1294 316 prm
1322 287 1356 307 se
1390 280 1504 310 tulisse

803 333 983 368 utrumqne
1009 327 1114 357 filium
1143 336 1210 356 suae
1241 327 1357 357 tumim
1375 331 1506 359 arnoti-

803 382 881 408 ente
897 378 1090 408 Tliendusio
1107 375 1399 414 vonnnendutum3
1418 378 1505 417 qnod

803 438 882 458 sane
900 428 1082 458 verisimile
1097 428 1198 457 etiam
1217 431 1290 463 est3
1316 426 1432 466 utique
1449 427 1507 458 de-

804 477 876 508 buit
894 479 918 508 is
935 478 1058 508 timere.
1084 477 1198 508 Bur-th.

846 531 910 559 309
945 530 1057 560 Dicere
1083 539 1162 559 nunc
1186 527 1319 568 pos-scm]
1353 525 1407 557 Ita
1442 527 1512 566 Gy-

805 578 888 610 rald.
906 580 1048 609 Lucens.
1065 585 1098 609 et
1113 584 1190 609 octo
1208 579 1279 609 alii:
1307 578 1405 607 bene.
1421 576 1511 607 bello

804 629 896 660 Gild.
914 629 946 659 in
963 629 1117 660 oratione.
1136 630 1299 659 militum:
1334 631 1343 646 ⁴
1364 629 1509 659 Quassa-

805 679 847 709 tis
865 679 966 720 cupio
983 680 1138 709 tellurem
1157 678 1261 718 figere
1289 677 1429 707 rostris:
1453 686 1512 716 po-

805 734 895 763 terat
912 728 1036 759 dixisse
1052 728 1199 768 cupimus.
1217 728 1273 758 lib.
1291 736 1328 758 ιι.
1347 727 1378 756 in
1399 725 1511 757 Rufin-

805 780 877 819 pari
903 779 1003 810 modo
1027 779 1171 809 milites:
1206 779 1298 818 ‘jam
1330 777 1513 808 formidata

805 830 940 870 tyranni
970 830 1172 870 Tempestas
1204 829 1377 859 subeunda
1408 827 1512 858 mihi)

806 885 853 917 ct,
875 881 883 896 ‘
901 880 949 909 'l'u
967 880 1046 910 milti
1075 879 1142 909 dux
1170 888 1316 918 semper,
1344 877 1513 908 Stilicho:

806 930 934 961 Eodem
952 930 1037 961 libro
1054 929 1246 960 exercitus:
1283 931 1290 944 ‘
1311 927 1409 958 Unde
1427 927 1513 966 redi,

805 981 938 1011 nescis?
961 981 1115 1021 patiarne
1141 979 1258 1010 audire
1278 978 1428 1016 satelles,
1445 976 1513 1010 Qui

806 1030 901 1070 leges
946 1031 1022 1061 aliis
1061 1029 1326 1068 libertatemque
1358 1026 1477 1057 reduxi
1491 1025 1513 1055 ?'

806 1080 851 1111 D.
866 1079 980 1110 Heius.

849 1129 913 1160 Sub
930 1129 1037 1169 AEmo]
1060 1129 1164 1160 Iuitio
1178 1128 1401 1168 Principatus
1414 1127 1516 1157 Thra-

807 1190 864 1211 cas
891 1185 928 1211 et
956 1180 1099 1221 Scythas
1130 1179 1261 1211 domuit
1290 1176 1514 1209 Theodosius.

807 1231 924 1262 Barth.

850 1284 913 1312 310
938 1279 1139 1320 Fumantem]
1163 1279 1285 1310 Calido
1302 1277 1517 1309 exuberante

808 1332 983 1371 sanguine.
1008 1331 1107 1361 Idem.

850 1384 910 1412 311
939 1381 1040 1411 Notus
1064 1380 1185 1420 clypeo]
1211 1380 1262 1410 Ex
1290 1379 1348 1409 illo
1370 1377 1446 1410 AEn.
1462 1386 1516 1409 xr.

808 1431 852 1462 de
870 1431 997 1462 AEnea:
1021 1431 1030 1447 ‘
1047 1435 1192 1470 experto
1209 1428 1352 1467 credite,
1367 1431 1515 1468 quantus

809 1481 850 1512 In
867 1482 1024 1522 clypeum
1038 1485 1204 1520 assurgat,
1217 1489 1283 1520 quo
1297 1478 1437 1509 fulmine
1452 1483 1518 1507 tor-

809 1536 912 1573 queat
929 1531 1083 1562 hastam!
1109 1531 1205 1561 Idem.

854 1585 917 1613 312
943 1583 1022 1617 Quoe
1045 1582 1226 1620 tempestiva
1252 1578 1367 1617 relatu]
1402 1576 1521 1610 Junia-

811 1643 886 1673 nuS,
900 1634 962 1673 qui.
998 1631 1187 1667 Medicews,
1202 1640 1301 1670 quem.
1337 1629 1427 1659 Puto
1444 1627 1518 1668 quin

812 1684 866 1713 vel
880 1684 948 1713 cui.-
971 1692 1049 1713 mox
1074 1681 1197 1711 consilii
1213 1689 1278 1709 non
1298 1678 1423 1709 consilio
1441 1680 1521 1708 tert.

813 1732 926 1764 Vatic.
950 1732 994 1763 D.
1013 1731 1125 1762 Heius.

855 1785 917 1814 313
942 1781 1034 1813 Juris
1058 1784 1090 1811 et
1115 1778 1214 1820 αφά]
1250 1780 1362 1810 Locus
1386 1777 1524 1818 elegans

813 1838 849 1865 et
863 1833 963 1865 valde
980 1832 1125 1870 subtilis,
1141 1832 1183 1861 de
1207 1840 1261 1868 eo,
1278 1829 1367 1870 quod
1385 1833 1437 1859 est
1454 1837 1523 1858 me·

813 1884 907 1915 dium
935 1883 1024 1914 inter
1039 1884 1100 1912 dus
1126 1888 1162 1912 et
1182 1882 1331 1921 AEquum.
1376 1880 1439 1911 Jus
1458 1883 1525 1916 est,

815 1940 954 1965 auctore
972 1935 1122 1971 Donato,
1137 1932 1226 1973 quod
1244 1930 1358 1962 omnia
1375 1933 1469 1960 recta
1487 1932 1523 1958 et

816 1984 1015 2017 inflexibilia
1042 1984 1157 2023 erigit.
1196 1982 1346 2023 AEquitas
1367 1986 1432 2019 est,
1448 1988 1524 2020 quae

816 2046 859 2067 ex
884 2036 969 2068 Jure
999 2034 1141 2065 multum
1168 2033 1333 2064 remittit:
1368 2035 1422 2061 est
1446 2038 1527 2060 vero

818 2087 870 2118 hic
886 2084 1089 2126 κυβερνητικὴ
1113 2083 1220 2123 σοφία,
1236 2083 1270 2112 ni
1295 2081 1408 2119 fallor,
1425 2088 1525 2121 quam

819 2142 917 2168 vocat
929 2136 1152 2168 Justinianns.
1186 2135 1308 2164 Cluver-

860 2190 924 2219 316
939 2187 1036 2222 Quem
1045 2185 1090 2216 sic
1103 2185 1243 2215 Romanu
1255 2180 1410 2220 decerent]
1425 2180 1530 2215 Quam

818 2238 963 2269 anens.
978 2241 1015 2267 ut
1027 2236 1068 2266 ad
1084 2234 1232 2266 frontem
1245 2232 1435 2264 referatur:
1452 2239 1531 2261 mox

819 2297 881 2329 pro
898 2288 1010 2318 clamat
1027 2287 1103 2325 lego
1130 2286 1259 2316 clamet:
1283 2284 1376 2324 prior
1394 2280 1533 2313 Moreti,

819 2341 948 2370 clament
965 2337 1134 2378 quicunque
1148 2335 1309 2365 videbunt.
1335 2334 1379 2365 D.
1399 2333 1518 2363 Heius.

865 2390 964 2425 Quem
980 2388 1025 2418 sic
1045 2388 1135 2417 leam.
1161 2386 1232 2427 isa]
1266 2386 1411 2416 Poterat
1426 2381 1532 2414 taceri

818 2441 894 2478 hoc,
909 2449 928 2469 ο
943 2436 1150 2468 Claudiane:
1176 2436 1255 2466 dum
1271 2435 1359 2465 enim
1377 2432 1534 2464 Stilicho-

820 2500 896 2521 nem
913 2494 1006 2520 tuum
1026 2488 1099 2528 plns
1122 2486 1225 2517 nimio
1250 2484 1400 2521 extollis,
1425 2481 1534 2513 nasci-

821 2547 878 2572 tur
909 2538 1102 2579 scrupulus,
1130 2537 1187 2578 qui
1203 2536 1326 2567 multos
1351 2534 1438 2565 male
1470 2532 1528 2562 ha-

824 2590 908 2621 buit.
943 2590 1065 2620 Clarer.

866 2643 929 2671 319
957 2639 1018 2670 Hic
1032 2643 1090 2677 est,
1105 2637 1154 2667 hic
1177 2635 1326 2667 Stilicho.-
1349 2642 1412 2662 sese
1437 2633 1534 2660 testa-

823 2690 892 2729 tur]
917 2689 972 2720 Ita
989 2688 1088 2728 prim.
1105 2686 1218 2717 Vatic.
1234 2691 1267 2715 et
1286 2682 1442 2714 undecim
1460 2680 1527 2710 alii.

823 2741 954 2782 Vulgo:
979 2738 1045 2770 Hic
1061 2737 1112 2767 itte
1128 2739 1172 2766 est
1190 2733 1334 2771 Stilicho,
1357 2732 1402 2762 sic
1428 2734 1458 2761 te
1474 2733 1534 2761 tes-
