1852 3182
606 198 989 228 EricuAMMATA.
1413 192 1526 234 1135

71 294 202 345 Quod
223 309 302 337 vos
323 293 541 345 ingenium
557 292 741 344 junxit?
774 305 861 345 qua
883 291 1053 343 frigoris
1074 296 1167 331 arto

127 363 331 415 Torpuit,
354 364 395 400 ct
414 359 599 408 maduit,
622 358 878 412 prodigiosa
894 358 1006 398 silex
1022 359 1040 398 ‘l

71 429 184 480 Quis
203 434 325 481 tepor
344 426 542 466 inclusus
565 439 743 466 securas
766 425 962 466 vindicat
982 424 1124 466 undas
1141 427 1159 465 Τ
1500 442 1528 467 o

127 495 309 536 Interior
329 492 492 545 glacies
513 506 600 546 quo
619 492 853 546 liquefacta
875 491 919 532 N
923 494 1032 534 oto‘l

67 561 253 602 Gemma
274 561 433 613 quibus
455 561 657 601 claustris
679 573 843 601 arcano
864 561 1038 601 mobilis
1071 565 1184 602 aestu

124 627 208 669 Vel
231 631 434 668 concreta
454 627 550 678 fuit,
566 628 636 668 vel
657 627 846 668 resoluta
864 627 960 680 gelu
977 629 995 667 'l

64 741 132 772 quae
160 734 272 762 natura
297 731 486 762 constrinxit
511 729 586 763 vos?
633 732 705 767 Qua
734 732 889 762 industria
919 731 1038 772 hyemis
1063 741 1156 772 rupes
1176 734 1354 772 portentosa
1383 731 1528 763 induruit

64 775 161 806 simul
192 778 222 805 et
247 773 421 811 madefacta
437 772 508 805 est?
533 775 651 815 Ecquis
672 776 757 805 calor
779 778 914 805 secretus
928 778 1085 805 conservat
1108 785 1204 815 aquas
1221 775 1288 806 sine
1308 772 1444 805 damno?
1468 785 1527 815 quo

63 819 180 848 Austro
198 817 315 855 glacics
329 827 443 847 arcuna
459 817 619 849 solvitur?
648 817 716 853 Quo
734 818 766 848 in
783 827 906 848 carcere
919 828 1054 857 gemma,
1070 818 1195 857 agitata
1210 819 1309 850 calore
1325 821 1454 857 secreto,
1480 818 1527 848 tel

63 860 228 891 constricta
236 859 316 899 suit,
332 860 378 890 vel
388 860 489 898 glacie
501 861 601 891 soluta
615 858 630 891 ’.ἶ

680 921 912 934 οοοοοοοοοοοο

64 970 145 997 tam.
170 967 179 983 ‘
198 971 232 997 et
250 967 372 998 vinctae
396 967 524 998 cortice
539 967 670 1008 virgae.'
705 968 807 998 vinxit
832 967 935 998 etiam
960 966 1065 998 Gesn.
1082 970 1116 997 et
1133 966 1188 997 ed.
1214 966 1352 1007 Bipont.
1375 976 1445 998 arce
1462 975 1526 1007 pro

63 1012 132 1040 arte
148 1009 241 1040 Med.
259 1013 373 1050 pr.—4
412 1011 575 1050 Corripuit
592 1020 653 1050 pro
674 1010 805 1050 Torpuit
833 1009 960 1040 Moret.
988 1019 1039 1049 pr.
1075 1009 1141 1040 Hic
1166 1010 1247 1041 Vat.
1274 1009 1384 1041 Livin.
1402 1010 1527 1041 iterum

64 1052 320 1091 distinguit.—5
358 1053 421 1088 Qui
437 1057 524 1092 tepor
552 1053 627 1083 Pal.
660 1057 777 1084 tremor
804 1052 935 1082 Buslid.
964 1052 1088 1082 inclusis
1114 1052 1208 1082 Med.
1225 1061 1295 1082 sec.
1328 1062 1435 1083 secura
1452 1052 1528 1083 Pal.

63 1095 204 1125 vendicat
221 1095 344 1126 Morer.
365 1099 480 1135 pru-6
510 1096 612 1134 glacie
625 1095 690 1126 inc.
711 1096 828 1126 Heius.
863 1094 1014 1131 labefacta
1032 1104 1092 1134 pro
1108 1094 1275 1134 liquefacta
1291 1095 1372 1125 Var.
1389 1094 1455 1125 LL.
1472 1094 1526 1125 cd.

65 1136 167 1167 Autv.
185 1147 228 1168 m.
243 1140 355 1177 pr.—7
390 1137 510 1168 mobilis
534 1139 613 1169 Vat.
637 1148 689 1178 pr.
718 1139 783 1169 inc.
803 1137 923 1168 Heius.
940 1137 1059 1168 Ambr.
1078 1146 1126 1177 pr.
1151 1137 1274 1168 Sched.
1291 1137 1381 1168 Gud.
1414 1136 1528 1167 nobilis

64 1179 130 1211 duo
147 1180 244 1211 Valt.
260 1180 332 1210 Pal.
352 1180 444 1212 Rott.
460 1181 566 1211 Oisel.
585 1180 758 1212 Hafn.—9
780 1179 990 1218 resolutasuic
1007 1180 1088 1211 Vat.
1105 1189 1173 1211 sec.

727 1265 870 1297 NOTAE

63 1337 162 1369 quam
179 1328 237 1359 ubi
254 1328 398 1359 maxime
423 1329 582 1368 hybernae
606 1329 700 1360 nives
725 1329 766 1359 ri·
823 1328 894 1359 lida
911 1329 1049 1360 videtur
1063 1328 1105 1359 ob
1121 1338 1243 1369 aquam
1261 1329 1440 1360 latentem.

63 1383 166 1418 gent:
203 1379 412 1419 glaciemque
440 1388 512 1409 esse
535 1383 666 1409 certum
691 1379 766 1411 est!
865 1381 884 1409 8
909 1378 1075 1418 concretu]
1099 1378 1243 1409 Gemma
1257 1383 1417 1409 concreta
1433 1383 1528 1409 exte-

107 1431 126 1459 -1
168 1428 308 1468 Torpuit,
343 1432 372 1459 ec
402 1428 537 1468 maduit]
577 1428 766 1468 Crystallina
823 1428 905 1467 rius,
922 1429 976 1459 vel
994 1428 1143 1459 resoluta
1167 1427 1322 1467 interius,
1347 1428 1424 1468 gelu
1440 1427 1530 1459 scili-

65 1477 217 1508 ‹lurescit
244 1483 355 1515 extra,
379 1488 454 1509 cnm
483 1484 595 1509 tamen
627 1478 767 1509 inferius
823 1484 879 1510 cet
895 1478 1071 1510 dissoluto.

65 1526 174 1558 adhuc
191 1528 341 1567 madeat,
365 1527 444 1558 dum
462 1537 528 1559 nou
544 1527 700 1569 perfecte
716 1538 766 1559 so-

698 1715 889 1764 LVIII.

623 1838 664 1880 8.
724 1836 980 1878 ALITER.

67 1945 280 1986 SOLIBUS
301 1944 561 1986 indomitum
583 1944 745 1998 glacies
767 1943 934 1998 Alpina
953 1943 1139 1997 rigorem

124 2013 354 2062 Sumebat,
375 2013 512 2053 nimio
528 2012 622 2066 jam
645 2011 839 2065 pretiosa
861 2011 977 2063 gelu.

67 2080 166 2121 Nec
187 2080 331 2133 potuit
351 2085 447 2120 toto
468 2081 641 2121 mentiri
664 2092 848 2133 corpore
869 2089 1112 2132 gemmam:

124 2146 212 2188 Sed
234 2146 379 2187 medio
401 2147 562 2186 mansit
581 2146 774 2199 proditor
794 2146 898 2186 orbe
918 2146 1055 2185 latex.

112 2239 237 2271 Glaciee
252 2239 382 2280 Alpina,
404 2240 561 2280 exquisita
583 2240 626 2272 ob
642 2240 754 2279 frigus
776 2239 985 2277 immodicum,
1011 2237 1153 2278 capiebat
1170 2235 1241 2274 J'um
1263 2236 1453 2268 soliditatem
1469 2247 1529 2268 non

66 2284 268 2324 superandam
283 2284 392 2315 calore.
438 2284 546 2324 Neque
559 2284 663 2324 potuit
675 2284 824 2314 simulare
837 2292 991 2322 gemmam
1008 2281 1040 2311 in
1057 2284 1121 2311 toto
1134 2290 1193 2311 suo
1209 2288 1345 2321 corpore,
1358 2281 1412 2311 sed
1427 2280 1529 2320 liquor

680 2365 912 2376 eeeeeeeeeeee

109 2414 128 2442 3
151 2412 256 2442 metiri
272 2412 325 2442 vel
340 2411 467 2442 mentiri
483 2412 610 2442 Moret.
629 2421 679 2451 pr.
708 2414 833 2451 pectore
850 2410 930 2441 Pur.
951 2419 1091 2449 gemmas
1105 2409 1184 2440 Vat.
1203 2418 1254 2448 pr.
1274 2412 1308 2438 et
1324 2418 1394 2439 sec.
1412 2417 1456 2439 m.
1474 2417 1525 2448 pr.

69 2452 184 2486 Ambr.
199 2457 316 2495 pin—4
339 2454 391 2485 ille
415 2464 475 2495 pro
499 2455 570 2486 orbe
594 2453 701 2486 Hafn.
720 2453 837 2485 Ambr.
855 2458 935 2484 tert.
969 2453 1036 2484 Hic
1051 2452 1130 2483 Vat.
1147 2451 1256 2483 Livin.
1271 2451 1394 2482 iterum
1409 2451 1530 2482 distin·

723 2534 867 2566 NOTAE

112 2600 128 2628 l
163 2597 288 2630 Solibus
323 2598 521 2638 indomitum]
560 2598 699 2630 Glacies
733 2598 767 2629 in
823 2598 884 2629 bus
896 2597 1004 2638 glacie
1022 2597 1192 2628 concretis
1205 2596 1309 2627 solam
1327 2594 1525 2636 crystallum

71 2648 241 2688 crystallo,
264 2659 363 2689 quam
386 2649 475 2680 Solis
502 2649 596 2680 calor
621 2659 686 2680 non
711 2659 768 2689 po·
821 2648 956 2680 Solibus
973 2649 1100 2680 aestivis
1114 2657 1179 2678 non
1195 2646 1332 2678 offendi.

70 2702 140 2728 test
163 2697 314 2729 domare:
340 2699 373 2730 id
390 2699 480 2740 quod
508 2700 679 2740 peculiare
705 2702 770 2737 est,
865 2702 885 2730 2
921 2699 1030 2730 Nimio
1050 2699 1188 2739 pretiosa
1208 2697 1296 2737 gelu]
1325 2693 1460 2726 Glacies
1483 2701 1526 2724 eo

71 2756 147 2778 nam
172 2749 322 2780 nonnulli
349 2749 468 2781 dicunt
485 2759 528 2780 ex
551 2750 650 2782 rebus
665 2750 770 2782 omni·
823 2749 1015 2791 pretiosior,
1030 2758 1097 2790 quo
1112 2748 1219 2788 magis
1235 2743 1396 2777 induruit.
