1851 3213
313 229 427 273 1270
578 242 720 273 NOTAE
754 242 1020 273 VAmoRuM

312 334 402 366 lor2’
426 337 526 376 paulo
555 340 634 367 ante
663 338 806 367 decedam
834 346 894 377 pro
923 337 1018 367 ‹lisce-

313 387 386 417 dum
414 387 564 416 nonnulli
603 387 733 427 scripti.
780 387 913 417 Glossae
945 388 1019 417 ste-

313 435 430 476 phani,
464 438 594 475 decedit,
620 436 825 472 ἀποθνήσκεις
864 437 1018 467 meliores

314 490 427 518 tamen
444 496 504 526 pro
520 487 657 526 vulgata
668 492 772 517 stant.
801 487 847 517 D.
862 487 976 517 Heius.

357 540 398 568 23
418 537 541 576 objice]
577 538 669 567 Male
699 547 763 567 uno
780 538 848 568 iota
865 538 936 568 liaec
955 547 1019 567 vox

314 587 492 625 scribitur,
524 597 600 618 cum
629 587 853 628 producitur:
891 598 952 628 per
982 588 1019 618 li-

314 638 461 669 centiam
491 639 579 668 enim
609 640 718 669 altera
743 639 901 678 ejicitur3
929 639 1017 680 qnod

313 697 388 719 cum
418 689 450 718 in
468 689 618 727 subicere,
645 689 766 720 adicere
797 689 957 728 viderint,
986 690 1018 719 in

312 737 376 769 hac
392 739 495 769 miror
509 749 574 769 non
592 740 871 770 animadvertisse
890 740 1020 771 doctos.

314 787 431 819 Barth.

356 840 396 868 25
424 839 550 868 Cludem
580 838 688 867 divisit
720 838 752 867 in
778 837 895 877 orbem]
935 838 1020 869 Hoec

313 896 396 917 vera
427 888 541 926 lectio,
579 896 678 927 quam
707 888 827 928 scripti
864 888 1022 919 meliores

313 943 453 971 tuentur
465 945 500 970 et
520 941 785 981 Raphelengius.
831 941 914 981 Alii,
930 942 1022 972 dimi·-

312 989 367 1021 sit.
413 991 691 1033 Vi1·doctus,qui
708 992 855 1032 dubitat,
871 1003 911 1023 an
930 994 1021 1024 Lati-

313 1051 394 1072 num
413 1041 467 1081 sit,
482 1043 600 1073 cladem
621 1042 771 1081 dividere,
791 1053 902 1074 crassa
922 1043 1020 1074 nimis

313 1092 473 1122 Minerva
490 1103 569 1123 usus
584 1098 656 1124 est:
682 1100 799 1124 noster
815 1094 857 1125 de
872 1095 935 1134 piis
953 1093 1020 1124 fra-

313 1142 444 1173 tribus:
470 1146 478 1160 ⁴
499 1143 626 1173 Divisit
654 1144 766 1174 vultus
795 1155 871 1175 cum
887 1146 1019 1184 pietate

312 1190 435 1222 faber.'
473 1192 561 1223 Stat.
589 1193 696 1224 Theb.
718 1203 757 1224 11.
787 1194 934 1225 ‘Partes
965 1204 1019 1234 pa-

312 1242 398 1273 riter
414 1243 541 1273 divisus
557 1243 589 1273 in
604 1244 745 1274 omnes?
770 1245 895 1275 Catull.
923 1247 932 1260 ⁸
948 1245 1019 1275 Nos

313 1294 379 1324 alio
418 1300 563 1332 mentes,
593 1295 658 1324 alio
695 1294 870 1325 divisimus
901 1288 1028 1326 ain·es.’⁶

312 1343 368 1374 Sic
384 1345 523 1374 dividere
539 1345 651 1383 oscula,
670 1344 795 1375 Horat.
822 1346 878 1376 lib.
905 1355 927 1376 1.
952 1346 1022 1376 Od.

315 1398 366 1426 36.
413 1396 543 1426 Noster
559 1395 660 1434 infra,
689 1396 697 1412 ‘
714 1396 833 1427 Divis-o
850 1401 917 1428 stat
933 1398 1022 1438 quis-

313 1455 379 1485 que
397 1446 471 1476 loco
486 1446 505 1475 :¹
522 1446 689 1486 quomodo
707 1447 911 1486 legendum:
933 1453 970 1478 ut
987 1454 1021 1479 et

313 1494 372 1527 lib.
385 1505 439 1526 111.
456 1497 489 1526 in
502 1496 632 1527 Stilich.
651 1498 659 1513 ‘
677 1497 831 1528 omnibus
849 1498 914 1529 illis
928 1499 1022 1530 Prae-

313 1550 411 1577 terea
429 1547 555 1578 divisus
573 1552 647 1579 erat
665 1547 782 1579 favor.’
828 1549 942 1588 Silius,
965 1550 1022 1581 lib.

312 1606 351 1628 11.
399 1598 408 1614 ‘
425 1598 489 1628 Ille
524 1609 644 1638 vagam
671 1600 758 1630 coelo
784 1599 901 1631 divisit
929 1611 1022 1641 saepe

312 1648 486 1679 volucrem
503 1648 524 1678 ε’
562 1654 599 1680 ut
633 1657 728 1680 recte
755 1650 864 1690 prima
888 1650 1021 1683 editio:

311 1698 451 1729 dividere
469 1699 567 1738 dixit,
595 1710 657 1739 pro
678 1701 796 1740 jaculo
819 1703 1021 1742 transigere.

313 1747 495 1778 Adeantur
519 1759 593 1789 quae
624 1755 780 1781 notamus
809 1751 851 1781 ad
881 1752 1021 1784 Metam.

311 1797 372 1829 lib.
388 1807 442 1828 ΠΙ.
488 1799 647 1839 Nasonis,
664 1809 694 1829 v.
710 1803 784 1830 380.
807 1799 897 1832 infra
915 1803 1021 1842 plura.

314 1850 384 1880 Pro
401 1849 434 1879 in
461 1848 577 1887 orbem,
591 1850 623 1880 in
638 1850 729 1880 urbes
747 1857 814 1881 tres
831 1852 1020 1892 antiquissi-

313 1899 357 1930 mi
375 1898 472 1929 libri:
499 1909 630 1940 sequor.
647 1900 711 1930 nisi
729 1901 835 1943 mayis
851 1902 953 1933 clades
973 1903 1021 1933 di-

311 1949 386 1979 visit
398 1949 430 1979 in
447 1949 561 1980 orbem.
585 1950 628 1981 D.
647 1950 767 1981 Heius.

355 2003 398 2032 26
422 2001 539 2041 Nesus]
568 2002 702 2032 Bellum
729 2002 909 2036 nefarium.
956 2006 1021 2036 Lu-

312 2062 387 2083 can.
411 2053 468 2084 lib.
488 2063 551 2083 vn.
575 2054 584 2070 ‘
602 2055 648 2084 Et
675 2053 807 2095 fugiens
836 2056 937 2087 civile
966 2067 1023 2088 ne-

312 2100 363 2132 fas
378 2103 599 2144 redituraque
616 2114 789 2145 nunquam
809 2105 990 2137 Libertas!

358 2153 461 2192 Terga
501 2154 656 2194 Danubii]
703 2155 826 2186 Glacie
864 2157 1020 2189 solidata.

313 2202 430 2235 Barth.

356 2257 396 2285 27
423 2256 623 2295 Esrpertaque
635 2255 748 2296 remos]
772 2257 905 2298 Saepius
921 2259 1022 2290 remis

312 2306 482 2346 navigata.
510 2307 607 2338 Idem.

356 2359 397 2387 28
425 2357 540 2396 Caspia
571 2359 722 2399 claustra]
757 2360 889 2390 Κλεῖδας
920 2365 1022 2391 vocat

312 2407 509 2448 Dionysius.
534 2408 633 2438 Idem.

357 2461 398 2489 30
424 2458 568 2488 Orientis
610 2460 696 2499 opes]
729 2461 907 2493 Anatolike.-
945 2472 1021 2494 nam

313 2509 702 2549 Constantinopolitanis
748 2511 1021 2553 Imperator-ibus

313 2570 426 2592 rerum
445 2560 670 2600 potientibus,
689 2561 767 2592 Asia
788 2563 896 2594 minor
912 2563 1021 2595 ἀνατο-

313 2609 356 2647 λὴ
383 2609 633 2651 appellabatur.
679 2611 803 2642 Potest
818 2617 931 2644 tamen
951 2615 1021 2646 uni·

313 2671 432 2693 versus
449 2661 574 2692 Oriens
591 2661 814 2692 barbarorum
832 2664 1021 2697 incursibus

316 2711 494 2753 impetitus
510 2711 668 2751 intelligi.
694 2712 794 2743 Idem.

358 2764 482 2795 Pascua
502 2762 733 2804 Cappadocum]
749 2763 800 2794 Ea
813 2764 902 2795 enim
917 2767 1023 2808 regio,

313 2823 442 2856 pascua
454 2823 608 2856 magnam
619 2818 765 2856 partem,
774 2824 843 2847 non
856 2816 1021 2859 Cerealis,

1056 241 1107 272 ΙΝ
1144 242 1217 270 CL.
1251 241 1435 272 CLAUD.
1471 242 1512 270 V.

1071 341 1106 367 et
1143 336 1272 367 idcirco
1303 345 1466 376 equorum
1507 334 1607 375 copia
1641 332 1775 366 nobilis.

1069 386 1216 425 Solinus,
1230 396 1304 426 cap.
1319 389 1372 416 47.
1388 397 1394 415 :
1420 387 1428 401 ⁴
1445 383 1667 424 Cappadocia
1683 388 1776 414 terra

1070 442 1149 466 ante
1166 437 1247 466 alias
1259 436 1358 466 altrix
1371 444 1531 475 equorum
1543 438 1579 464 et
1594 433 1776 474 proventui

1070 487 1194 527 equino
1225 484 1578 517 accommodatissima
1611 483 1685 522 est,'
1710 485 1776 514 διο.

1071 537 1170 568 Idem.

1113 590 1151 618 31
1183 587 1404 628 Volucrumque
1416 596 1531 628 parens
1548 587 1673 625 Argeus
1688 595 1779 626 equo-

1070 639 1154 679 rum]
1181 639 1337 678 Equarum
1365 648 1433 669 sec.
1460 637 1621 668 Vatican.
1638 636 1779 675 Virgili-

1071 700 1134 719 ano
1163 690 1341 729 exemplo;
1381 690 1485 720 etiam
1519 687 1642 719 Oiselii
1675 687 1778 718 liber.

1073 740 1120 770 D.
1138 740 1250 769 Heius.

1115 790 1236 820 Parens
1270 790 1393 828 Argeas
1428 789 1588 829 equorum]
1643 787 1778 828 Argens

1072 847 1165 868 mons
1179 839 1423 879 Cappadociae,
1435 839 1607 880 equitibus
1622 838 1780 870 celebris.

1073 889 1189 920 Barth.

1115 942 1156 969 32
1179 940 1253 969 Jum
1271 939 1357 970 rubet
1373 940 1454 970 altus
1468 939 1588 979 Halys]
1614 939 1668 969 De
1686 938 1778 978 Haly

1071 988 1174 1020 fluvio
1189 990 1400 1027 Herodotus,
1413 989 1548 1028 Strabo,
1562 988 1706 1027 Plinius,
1717 990 1781 1019 διο.

1115 1040 1225 1079 Iniquo
1246 1041 1353 1071 Monte
1371 1039 1475 1080 Cilix]
1506 1039 1669 1077 Taurum,
1697 1038 1779 1069 Cili-

1072 1091 1135 1121 ciae
1154 1096 1314 1129 montem,
1339 1091 1381 1122 ob
1399 1090 1635 1121 difficultatem
1659 1088 1782 1120 transi-

1073 1147 1126 1172 tus
1137 1142 1285 1183 iniqnum
1300 1149 1398 1173 vocat
1413 1152 1420 1179 ;
1435 1147 1486 1172 est
1499 1141 1588 1171 enim
1601 1139 1778 1170 maximus.

1073 1193 1176 1224 Ovid.
1195 1194 1254 1224 lib.
1274 1203 1309 1225 x.
1333 1195 1341 1210 ‘
1357 1193 1516 1234 perjnga
1529 1192 1652 1222 montis
1671 1191 1780 1231 iniqui

1072 1246 1128 1275 Ire
1147 1255 1274 1284 comes,
1290 1246 1458 1286 longaque
1484 1245 1544 1275 alit
1560 1244 1781 1275 assuetudine

1072 1294 1248 1325 flammas.'
1273 1296 1389 1326 Barth.

1116 1348 1155 1375 34
1180 1345 1411 1385 Adsuetamque
1451 1345 1569 1385 choris]
1617 1345 1781 1386 Syrorum

1073 1396 1233 1426 mollities
1249 1401 1283 1427 et
1298 1396 1430 1427 deliciae
1444 1396 1643 1435 notissimae,
1662 1397 1782 1436 praeci-

1074 1456 1140 1486 pue
1165 1446 1371 1486 Antiochiae,
1388 1456 1486 1488 quam
1504 1446 1603 1477 alluit
1620 1446 1782 1479 Orontes.

1073 1498 1174 1528 Unde
1191 1498 1367 1530 ,luvenalis
1384 1498 1505 1538 pulcre
1519 1498 1561 1528 de
1578 1497 1728 1528 moribus
1741 1498 1781 1529 iis

1076 1548 1265 1579 Romanam
1280 1549 1502 1579 severitatem
1516 1549 1758 1588 superantibus
1774 1559 1782 1579 ι

1075 1599 1173 1630 ‘Jam
1192 1599 1325 1639 pridem
1356 1599 1459 1639 Syrus
1487 1599 1521 1629 in
1546 1598 1698 1629 Tiberim
1725 1599 1783 1630 de-

1073 1647 1173 1679 fluxit
1191 1649 1360 1680 Orontes)
1383 1650 1482 1681 Idem.

1118 1703 1159 1730 36
1188 1700 1311 1730 Geticis
1329 1701 1455 1741 Europa
1478 1701 1612 1732 catervis
1630 1701 1784 1732 Ludibrio

1073 1750 1184 1789 datur]
1209 1750 1379 1781 Omnibus
1400 1751 1472 1791 ejus
1495 1751 1628 1791 generis
1646 1751 1783 1792 populis

1075 1800 1225 1832 barbaris
1242 1811 1429 1842 parumque
1444 1806 1514 1831 tmn
1533 1801 1689 1840 cognitis.
1714 1801 1784 1832 Ge-

1073 1853 1150 1883 ticae
1169 1852 1257 1882 enim
1274 1858 1394 1893 gentes
1415 1852 1695 1892 appellabantur,
1712 1851 1784 1883 Ho-

1073 1903 1169 1933 norio
1184 1912 1297 1933 rerum
1312 1904 1481 1943 potiente,
1494 1903 1612 1939 Gothi,
1623 1902 1783 1942 Vandali,

1073 1953 1254 1993 Visigothi,
1267 1954 1444 1993 Sarmatae,
1453 1955 1518 1984 «Sec.
1531 1959 1569 1984 ut
1580 1953 1687 1984 tradit
1696 1954 1783 1984 Pro-

1074 2004 1206 2044 copius,
1234 2003 1290 2034 lib.
1322 2012 1346 2034 1.
1376 2003 1418 2034 de
1447 2003 1547 2034 Bello
1576 2003 1781 2035 Vandalico.

1074 2054 1172 2085 Idem.

1117 2107 1156 2135 37
1183 2104 1373 2136 Frondentz's
1400 2105 1440 2135 ad
1468 2113 1561 2144 usque
1593 2104 1783 2145 Dalmatiae]

1074 2156 1228 2187 Silvosae.
1274 2156 1363 2186 Vide
1381 2156 1617 2197 Geograpbos.
1642 2155 1740 2188 Idem.

1117 2209 1158 2238 38
1185 2207 1296 2238 Omnis
1311 2208 1389 2248 qua]
1415 2207 1534 2237 Omnis
1563 2207 1665 2238 tellus
1691 2207 1782 2238 intra

1074 2259 1223 2290 Pontum
1251 2264 1286 2290 et
1317 2260 1416 2290 Mare
1444 2258 1661 2290 Adriaticum
1689 2259 1780 2297 sita;

1073 2319 1149 2350 quae
1167 2311 1210 2341 sit
1227 2311 1284 2341 illa
1299 2310 1414 2340 videre
1433 2314 1531 2350 potes
1546 2310 1580 2340 iu
1597 2309 1736 2349 tabulis,
1748 2315 1783 2340 et

1073 2360 1161 2400 apud
1180 2361 1319 2391 Melam.
1353 2361 1450 2391 Idem.

1115 2413 1154 2441 41
1182 2410 1290 2440 Instar
1316 2410 1492 2440 anhelantis
1514 2408 1638 2450 Libyoe]
1671 2409 1783 2449 Libyae

1074 2464 1187 2490 autem
1221 2470 1300 2500 pars
1332 2470 1470 2500 semper
1496 2459 1636 2498 torrida,
1658 2460 1780 2502 arenis

1072 2510 1305 2552 squalentibus
1332 2514 1366 2540 et
1398 2509 1625 2541 aestuantibus
1654 2510 1781 2550 obsita,

1073 2562 1201 2592 nullum
1217 2560 1353 2591 humani
1380 2560 1490 2590 cultus
1520 2560 1698 2599 vestigium
1723 2570 1782 2600 ag-

1072 2612 1194 2642 noscit.
1240 2611 1340 2641 Unde
1363 2610 1557 2641 anhelantem
1576 2610 1672 2650 quasi
1695 2616 1782 2642 aestu

1074 2661 1292 2693 fatiscentem
1311 2666 1422 2692 vocat.
1466 2661 1626 2692 Martian.
1646 2662 1781 2703 Capell.

1074 2714 1095 2744 l.
1115 2722 1164 2744 lv.
1188 2714 1196 2730 ‘
1213 2713 1300 2744 Haec
1328 2718 1440 2743 autem
1467 2722 1508 2743 ex
1535 2713 1645 2743 arenis
1661 2712 1781 2753 Libyae

1074 2764 1266 2796 anhelantis
1285 2763 1494 2803 adducitur,'
1510 2765 1574 2795 &c.
1603 2763 1692 2795 Vide
1707 2762 1782 2793 Ma-

1075 2816 1225 2850 crobium
1253 2815 1287 2846 in
1311 2813 1499 2855 Somnium,
1521 2823 1562 2846 11.
1590 2816 1623 2847 7.
1650 2813 1780 2845 Lucan.
