1851 3213
293 192 408 234 1368

295 297 386 329 unde
403 299 600 342 concipiant
621 301 791 335 flammam
816 304 1002 336 desiderio-

295 357 370 379 rum
386 348 419 380 in
437 356 593 391 pectora,
608 358 643 384 et
659 354 753 385 velut
767 355 952 386 exardeant
967 356 1001 386 in

296 398 463 432 adfectus.
489 403 606 434 Barth.

340 451 490 483 Medullis
505 454 622 494 Erupit
634 455 785 495 gemitus]
821 455 910 496 Ipsis
931 457 1001 487 ani-

295 499 342 531 mi
360 503 601 540 penetralibus,
627 505 727 535 Idem.

340 553 360 582 9
386 552 549 591 Confessus
562 558 681 585 secreta
696 555 804 596 rubor]
827 557 868 587 In
890 566 1002 588 aman-

297 599 383 632 tium
401 603 550 634 vultibus
566 605 676 636 varios
700 606 844 645 colores,
865 616 926 647 pro
944 608 1002 638 ad-

296 649 410 683 fectus
429 654 510 684 varii
529 654 743 687 instabilibus
767 658 925 696 stimulis,
947 667 1003 689 no-

298 704 416 734 tarunt
440 703 504 734 hoc
530 714 636 745 genus
663 705 784 738 infiniti
808 708 1002 748 scriptores.

296 751 487 794 Eleganter
503 755 655 787 Musaeus
680 757 722 788 de
739 757 833 788 Hero
851 763 887 788 et
900 759 1005 789 Lean-

297 801 371 835 dro.

344 854 510 892 Confessus
523 855 657 895 secreta]
680 856 796 887 Animi
812 862 957 899 secreta,
969 863 1004 890 et

299 904 456 936 adfectus
474 906 613 947 interni,
628 908 663 939 in
675 909 824 941 vultibus
842 912 937 944 velut
949 923 1004 944 ex-

298 955 453 987 scribunt
479 962 681 998 argumenta
713 970 848 992 suarum
878 972 1004 994 rerum.

302 1005 417 1039 Barth.

342 1059 383 1088 12
421 1057 628 1100 Venerabilis]
667 1061 879 1095 Consecrata
904 1064 1005 1106 enim,

298 1111 335 1138 et
348 1107 439 1138 inter
459 1109 554 1140 Deas
570 1111 680 1143 relata
696 1112 802 1145 Livia.
827 1114 926 1147 Idem.

343 1162 382 1190 13
407 1160 620 1203 Divarumque
630 1166 741 1206 nurus]
764 1164 912 1197 Occulta
925 1166 1005 1197 adu-

299 1208 403 1240 latio:
429 1211 524 1251 quasi
546 1213 628 1253 jure
654 1214 861 1246 hereditario
889 1226 908 1246 a
935 1220 1006 1247 tam

300 1260 444 1291 vetustis
472 1261 705 1302 Augustarum
736 1266 1007 1297 successionibus

299 1311 341 1342 ad
358 1312 550 1345 Honorium
566 1314 638 1345 haec
654 1315 820 1347 venerint.
846 1318 943 1348 Idem.

344 1365 384 1393 14
412 1362 535 1395 lncusat
550 1375 618 1405 spes
639 1376 727 1405 aegra
742 1367 857 1408 moras]
892 1368 934 1399 In
961 1367 1008 1400 A·

299 1416 414 1443 inante
430 1412 504 1444 haec
529 1415 715 1456 praecipua.
759 1418 926 1450 Salustius
947 1420 1008 1452 Ju-

300 1462 444 1502 gurtha:
470 1465 480 1481 ‘
499 1463 621 1497 Animo
648 1467 803 1507 cupienti
826 1468 908 1500 nihil
924 1471 1006 1501 satis

300 1511 506 1546 festinatur?
532 1516 630 1548 Idem.

345 1567 384 1596 15
410 1566 482 1596 Non
510 1568 630 1599 volvere
658 1569 782 1610 Phoebe]
827 1571 928 1604 Quod
965 1571 1008 1603 ad

293 1614 480 1655 juvandam
509 1618 611 1649 animi
641 1619 889 1662 impotentiam,
914 1624 946 1654 in
975 1634 1008 1654 a—

300 1670 417 1696 mante
449 1673 610 1706 sperante
637 1669 866 1713 indicandam,
891 1671 1007 1704 facere

301 1723 367 1746 non
385 1725 506 1755 parum
522 1717 628 1748 dicas.
653 1720 751 1752 Idem.

350 1765 480 1797 Volvere
494 1767 625 1808 Phoebe]
657 1770 797 1802 Flectere
811 1772 956 1804 Lucens.
972 1778 1009 1806 et

301 1815 424 1855 reliqui
439 1825 556 1847 omnes
574 1827 650 1848 cnm
667 1818 767 1852 Aldo.
792 1821 839 1851 D.
860 1822 971 1853 Heius.

346 1867 386 1895 16
409 1865 521 1906 Scyria
550 1867 595 1897 sic
621 1870 774 1910 tenerum]
812 1872 1007 1903 Deidamia.

301 1914 526 1956 Propertius:
551 1917 560 1934 ‘
577 1918 697 1958 Scyria
719 1929 782 1951 nec
799 1921 902 1953 viduo
925 1923 1008 1954 Dei-

301 1964 415 1997 damia
430 1966 528 1998 toro.¹
552 1968 668 2001 Barth.

347 2015 560 2057 Flammabat]
577 2018 704 2051 Amore
716 2021 921 2055 vehementi.
941 2024 1009 2057 Qui

302 2066 372 2108 igni
389 2072 425 2100 et
442 2069 602 2101 incendio
619 2081 693 2111 par.
717 2073 815 2105 Idem.

347 2121 386 2149 17
412 2119 549 2151 Fraudis
570 2122 671 2153 adhuc
700 2124 825 2164 expers]
863 2125 903 2156 In
935 2135 1008 2157 eam

302 2169 540 2204 conf'erendae:
563 2176 738 2212 παθητικῶς
761 2176 850 2207 enirn
875 2177 940 2209 hoc
955 2187 1009 2209 ca-

304 2219 487 2260 piendum
511 2233 587 2254 cum
614 2234 682 2256 non
709 2226 803 2257 illum
831 2227 1009 2270 deceperit

302 2268 413 2309 virgo,
428 2271 486 2302 sed
503 2272 558 2303 ille
575 2274 751 2315 virginem.
773 2277 873 2309 Idem.

347 2321 388 2350 18
412 2320 456 2351 Et
472 2332 555 2362 mox,
570 2334 644 2364 quos
654 2326 775 2357 horruit
792 2328 863 2368 Ide]
887 2330 972 2362 Quae
989 2340 1009 2362 a

304 2369 431 2401 blanda
469 2372 598 2412 virgine
633 2376 847 2410 adolescenti
884 2379 1008 2411 Achilli

305 2422 454 2462 pectitos
469 2423 592 2463 crines,
605 2425 713 2466 ipsam
730 2428 837 2468 Idam,
858 2435 1008 2462 montem

303 2472 413 2513 'l'rojae
428 2474 701 2517 celeberrimum,
716 2477 889 2511 horruisse
913 2480 1009 2513 dicit.

308 2521 407 2554 Idem.

353 2574 438 2608 Quos
465 2574 589 2606 horruit
619 2576 690 2617 Ide]
736 2578 793 2609 lta
831 2580 1009 2614 Claverius

308 2623 476 2656 restituit:
494 2625 697 2658 confirmant
710 2628 830 2668 scripti
843 2632 1009 2664 meliores.

307 2672 420 2713 Vulgo
433 2674 554 2707 horruit
570 2678 662 2709 idem.
697 2679 950 2722 Raphelengius
967 2692 1009 2714 ex

308 2725 507 2765 conjectura
524 2728 585 2759 viri
601 2729 754 2770 maximi,
779 2733 895 2764 torruit
910 2734 1011 2766 idem:

308 2775 397 2815 quod
415 2785 480 2808 non
497 2779 609 2819 capio.
633 2780 677 2811 D.
699 2781 807 2813 Heins.

551 205 694 238 No'rAE
727 207 997 240 VARIORUM
1032 209 1084 241 IN
1119 212 1195 243 ct„
1227 214 1412 245 CLAUD.
1447 215 1497 245 X.

1098 308 1234 340 Horruit
1252 309 1323 349 Ide]
1347 310 1435 341 Nam
1452 310 1516 342 Ida
1530 308 1668 343 Achillis
1680 314 1758 355 pul-

1053 356 1132 389 chre
1171 360 1322 400 capillati
1370 360 1519 392 adventu
1568 362 1758 395 intremuit.

1056 408 1177 439 Claver.

1098 462 1137 490 19
1161 461 1350 492 Thessalicos
1374 472 1459 493 roseo
1483 463 1625 495 nectebat
1649 464 1759 504 pollice

1052 510 1166 551 crines]
1191 512 1279 542 Mire
1296 514 1430 544 variant
1441 514 1494 544 hic
1520 514 1593 544 libri
1611 525 1618 544 ε
1642 524 1759 549 veram

1052 560 1190 592 interim
1216 563 1303 593 lianc
1331 564 1511 595 lectionem
1540 564 1646 595 ausim
1674 573 1762 604 prae-

1055 614 1159 651 stare,
1186 621 1285 653 qnam
1304 623 1346 644 ex
1364 614 1525 654 Lucensi,
1551 614 1649 655 prim.
1665 614 1760 645 Vati-

1054 671 1152 702 cano,
1169 670 1204 694 et
1223 664 1428 696 Bononiensi
1449 665 1686 706 depromptam
1704 674 1762 696 ex·

1053 713 1228 754 hibemus3
1263 716 1325 746 nisi
1356 716 1447 757 quod
1471 716 1612 756 pectebat
1642 716 1760 748 malim

1056 775 1130 795 cum
1149 775 1215 796 uno
1233 766 1471 807 Ambrosiano,
1498 777 1567 799 sec.
1585 767 1698 799 Vatic.
1725 771 1761 798 et

1055 815 1274 847 Farnesiano.
1310 818 1510 848 Lectionum
1527 818 1762 850 diversitatem

1056 865 1243 896 videamus.
1275 866 1435 907 Isingrin.
1467 868 1613 900 Putean.
1651 869 1763 901 Oisel.

1056 915 1226 948 Pricaean.
1253 917 1426 948 Thessalico
1438 928 1537 949 roseos
1561 923 1642 950 nect.
1653 919 1763 959 pollice

1055 967 1164 999 crines.
1180 968 1331 1009 flectebat
1342 970 1464 1010 pectine
1480 970 1594 1003 Oxon.
1616 976 1656 1003 ut
1671 972 1763 1012 apud

1058 1017 1279 1050 Petronium:
1320 1021 1329 1037 ‘
1357 1021 1433 1053 Quo
1471 1022 1560 1053 enim
1603 1027 1764 1063 spectant

1056 1066 1156 1098 flexae
1176 1070 1312 1109 pectine
1331 1080 1449 1112 comae,
1476 1082 1543 1113 quo
1568 1072 1676 1104 facies
1693 1083 1763 1105 me-

1057 1117 1224 1149 dicamine
1252 1122 1374 1152 attrita
1386 1121 1408 1151 ?'
1442 1122 1491 1153 sic
1519 1127 1556 1154 et
1587 1122 1693 1154 ‘flexi
1719 1123 1764 1155 ad

1057 1168 1230 1207 pectinem
1261 1171 1387 1211 capilli’
1416 1172 1597 1212 Spartiano
1626 1173 1662 1204 in
1689 1174 1764 1206 vita

1059 1217 1238 1251 Hadriani.
1267 1221 1409 1259 pectebat
1431 1223 1555 1262 pectine
1580 1224 1763 1264 septende-

1058 1267 1124 1298 cim
1140 1268 1208 1300 alii.
1236 1270 1376 1309 pectebat
1401 1273 1511 1311 pollice
1528 1273 1635 1304 Delrii
1652 1274 1762 1307 codex

1059 1321 1094 1348 et
1112 1317 1262 1350 Florent.
1277 1319 1310 1351 S.
1327 1321 1448 1353 Marci.
1477 1322 1665 1355 Thessalicos
1678 1335 1764 1357 roseo

1055 1367 1197 1407 pectebat
1220 1371 1355 1412 pectine,
1377 1372 1543 1405 Mazarin.
1572 1374 1701 1408 Medic.
1729 1380 1765 1408 et

1059 1417 1219 1451 Ambros.
1236 1430 1331 1453 unus.
1348 1423 1437 1453 alter
1449 1423 1649 1465 Vaticanus,
1664 1429 1765 1458 necte-

1059 1469 1112 1500 bat
1117 1470 1251 1510 pectine.
1265 1482 1352 1504 roseo
1360 1474 1470 1514 pollice
1481 1475 1656 1516 eleganter
1666 1477 1765 1510 dixit.

1058 1521 1137 1552 hinc
1153 1521 1376 1561 ῥοδοδάκτυλος
1397 1524 1561 1567 frequens
1577 1527 1669 1568 apud
1684 1527 1766 1568 poe-

1060 1576 1112 1603 tas
1145 1573 1288 1605 Graecos
1321 1575 1511 1616 epitheton.
1551 1576 1593 1608 de
1628 1577 1765 1610 Aurora

1060 1623 1246 1664 praecipue.
1293 1625 1380 1656 Cato
1403 1625 1436 1657 in
1457 1626 1568 1659 Diris:
1589 1627 1602 1645 v‘
1619 1627 1691 1659 Aut
1713 1638 1766 1660 ro·

1060 1673 1126 1705 scis
1140 1674 1254 1715 digitis
1265 1675 1407 1707 viridem
1420 1676 1633 1718 decerpserit
1642 1679 1764 1711 uvam.'

1060 1724 1296 1766 Nemesianus,
1323 1726 1450 1767 Ecloga
1464 1736 1504 1758 ιι.
1527 1728 1536 1744 ‘
1554 1728 1670 1759 Dicite
1696 1738 1765 1770 quo

1060 1778 1159 1813 prato
1173 1775 1353 1813 Donacen,
1376 1787 1443 1817 qua
1458 1776 1549 1810 forte
1565 1779 1627 1810 sub
1645 1780 1765 1812 umbra

1059 1823 1233 1856 Inveniam
1251 1827 1354 1857 roseis
1369 1827 1594 1868 stringentem
1610 1829 1681 1861 lilia
1696 1831 1767 1870 pal-

1059 1873 1144 1905 mis!
1214 1875 1365 1907 Musaeus
1394 1877 1436 1907 de
1465 1878 1621 1910 Leandro
1657 1878 1765 1919 ῥυδέην

1060 1927 1151 1966 χεῖρα
1166 1936 1300 1968 quoque
1327 1927 1415 1959 dixit
1429 1939 1436 1959 :
1455 1939 1568 1960 veram
1581 1931 1766 1964 lectionem

1061 1985 1103 2006 ex
1119 1981 1218 2016 parte
1233 1986 1366 2018 quoque
1381 1977 1607 2019 deprehendit
1617 1981 1669 2013 Cl.
1682 1983 1764 2014 Bar·

1061 2026 1161 2063 thius,
1179 2026 1237 2057 sed
1253 2027 1343 2058 curis
1357 2029 1512 2060 secundis
1529 2028 1683 2063 fluctuat.
1696 2042 1767 2072 pec-

1060 2079 1124 2107 tere
1148 2076 1268 2116 pollice.
1302 2078 1472 2118 quomodo
1499 2080 1590 2120 apud
1617 2081 1766 2114 Statium

1061 2125 1166 2158 Coma
1176 2127 1291 2158 Earini
1305 2137 1312 2158 z
1338 2128 1347 2144 ‘
1362 2128 1464 2160 Hunc
1475 2139 1562 2161 nova
1577 2133 1767 2172 tergemina

1061 2178 1226 2218 pectebat
1248 2178 1372 2210 Gratia
1394 2179 1542 2212 dextra?
1564 2187 1682 2214 noster
1706 2184 1766 2217 lib.

1062 2237 1088 2260 1.
1103 2229 1136 2259 in
1151 2230 1297 2270 Eutrop.
1315 2231 1325 2248 ‘
1341 2230 1432 2262 Eous
1444 2237 1560 2264 rector
1571 2233 1765 2277 Consulqne

1061 2278 1195 2311 futurus
1212 2280 1384 2313 Pectebat
1400 2281 1545 2315 dominae
1562 2284 1697 2316 crines.'
1720 2286 1765 2318 D.

1060 2329 1174 2361 Heius.

1107 2380 1277 2412 Thessalico
1287 2382 1424 2423 pectine]
1448 2384 1559 2416 Quem
1575 2384 1674 2416 domo
1691 2396 1765 2427 sua,

1061 2438 1079 2459 e
1096 2429 1205 2470 Regia
1221 2440 1327 2471 usque
1339 2431 1524 2463 Thessaliae
1538 2431 1690 2466 Achilles
1708 2446 1766 2477 ap-

1060 2483 1270 2519 portaverat,
1294 2489 1370 2510 cum
1386 2491 1405 2511 a
1420 2485 1530 2512 matre
1546 2484 1671 2515 mundo
1694 2495 1765 2518 mu-

1060 2530 1158 2561 liebri
1173 2530 1410 2570 instrueretur,
1425 2536 1464 2562 ut
1481 2541 1542 2572 pro
1558 2533 1690 2575 virgine
1707 2536 1766 2568 de-

1062 2584 1160 2620 geret
1172 2580 1206 2610 in
1220 2581 1337 2621 Scyro.
1376 2582 1528 2613 Nectere
1541 2588 1652 2616 autem
1667 2586 1765 2628 virgo

1061 2630 1186 2661 amasio
1211 2631 1351 2672 capillos
1387 2632 1523 2672 dicitur,
1551 2644 1644 2666 more
1671 2635 1766 2668 blan-

1062 2679 1226 2711 dientium
1240 2681 1453 2713 amasiorum.
1476 2683 1594 2715 Barth.

1104 2733 1146 2761 20
1174 2731 1344 2772 Verendus]
1362 2732 1439 2764 Hoc
1452 2734 1605 2774 epitheto
1618 2746 1765 2770 amorem

1063 2791 1139 2812 cum
1166 2782 1261 2814 cultu
1277 2783 1423 2825 quodam
1438 2784 1587 2818 insinuat
1609 2786 1767 2819 Claudia-
