1851 3213
304 208 419 250 1124
650 219 723 250 GL.
755 218 1037 251 anumANl
1075 220 1117 250 L.
1152 220 1413 251 EIDYLLIA.

304 311 442 353 Plura
459 312 562 354 licet
582 325 766 356 summae
787 314 955 356 dederit
973 315 1204 357 Trinacria
1223 316 1365 366 laudi,

361 378 554 421 Noverit
571 381 654 423 hoc
674 383 817 436 majus
839 396 885 423 se
906 385 1106 434 genuisse
1125 383 1250 424 nihil.

306 445 404 488 Nec
427 447 572 489 doleat
593 449 782 497 damnis,
803 463 902 502 quae
925 450 1081 490 devius
1100 450 1248 491 intulit
1269 448 1421 490 ardor:
1712 448 1769 488 45

364 515 463 557 Nec
485 522 632 569 gemat
650 521 834 567 exustas
855 518 955 569 igne
974 516 1138 557 furente
1160 517 1331 557 domos.

304 581 410 624 Non
429 583 575 636 potuit
594 584 736 637 pietas
758 581 937 624 flamma
957 587 1159 624 cessante
1182 584 1356 637 probari
1376 597 1385 624 :

361 649 538 691 Emtum
558 654 625 692 est
643 651 811 704 ingenti
832 651 959 692 clade
981 664 1173 705 perenne
1196 651 1347 693 decus.

304 792 324 814 ο
340 781 445 822 Anapi
458 792 603 822 generose
616 781 631 813 ἰ)
679 783 829 817 Quamvis
854 781 966 812 Sicilia
979 781 1125 813 tribuerit
1137 783 1236 812 multa
1251 782 1356 822 digna
1369 782 1462 813 laude
1475 791 1631 822 suprema,
1646 792 1773 822 cognos-

304 829 354 856 cat
373 829 501 863 tamen,
514 834 546 854 se
559 824 638 854 nihil
654 825 762 854 tulisse
785 824 894 861 majus.
942 823 1051 863 Neque
1066 824 1230 864 affligatur
1234 823 1375 862 jactura,
1391 834 1483 864 quam
1502 824 1588 863 ignis
1606 834 1704 864 vagus
1715 825 1774 855 im-

301 868 442 907 portavit
455 878 465 897 :
487 876 580 906 neque
595 866 708 906 defleat
725 867 830 896 domos
842 868 1018 896 consumtas
1023 865 1158 906 flamma
1169 866 1326 898 soem'ente.
1369 866 1482 898 Pietas
1494 870 1588 898 tanta
1597 877 1658 898 non
1667 867 1773 908 potuit

305 909 495 951 comprobari
508 910 573 939 sine
586 909 660 948 igne
670 919 681 940 .-
706 918 819 948 magma
834 909 938 948 gloria
953 911 1036 939 emta
1051 911 1094 940 est
1107 918 1221 947 magna
1235 909 1331 941 clade.

940 993 1155 1004 ooooooooooo

302 1047 433 1079 Buslid.
448 1048 544 1079 honor
560 1046 680 1079 Ambr.
707 1057 758 1087 pr.
781 1047 874 1078 honos
899 1047 981 1078 Lov.
1000 1046 1215 1079 Rasna—43
1238 1047 1349 1078 summi
1364 1049 1394 1079 d.
1415 1046 1579 1079 Trinacria
1592 1047 1658 1078 ludi
1673 1047 1772 1082 Med.

303 1095 416 1131 quart.
432 1091 559 1122 dederat
574 1091 656 1122 Vat.
673 1100 742 1121 sec.
763 1090 915 1121 Tenacria
932 1090 1059 1120 Moret.
1077 1099 1127 1129 pr.
1154 1090 1254 1121 laudis
1278 1091 1416 1130 legebat
1432 1090 1642 1121 Heins.—44
1668 1090 1770 1122 Nove-

303 1136 355 1164 rat
368 1134 463 1165 Med.
481 1143 550 1164 sec.
566 1134 629 1164 ista
643 1143 750 1164 mnus
766 1142 828 1172 pro
842 1133 897 1163 hoc
914 1132 1014 1170 majus
1030 1131 1161 1164 Buslid.
1178 1133 1327 1164 meruisse
1343 1133 1415 1164 Pal.
1428 1132 1495 1163 duo
1512 1133 1606 1164 Med.
1616 1133 1772 1172 gemuisse

303 1175 391 1207 Lov.
404 1176 622 1207 Buslid.—45
646 1186 732 1206 error
748 1185 808 1215 pro
825 1177 919 1206 ardor
934 1175 1012 1205 Vat.
1029 1184 1096 1206 sec.
1115 1174 1231 1206 Ambr.
1246 1185 1297 1215 pr.
1316 1175 1438 1206 Sched.
1454 1175 1547 1206 Gud.
1563 1175 1672 1207 horror
1687 1176 1773 1206 Bus-

303 1218 450 1250 lid.—47
477 1219 548 1249 Non
563 1219 667 1259 potuit
683 1219 834 1249 Florent.
852 1218 919 1248 duo
938 1217 1032 1248 Med.
1048 1218 1129 1248 Put.
1159 1218 1225 1249 duo
1252 1218 1374 1249 Petav.
1398 1218 1530 1248 Bonon.
1551 1217 1670 1248 Ambr.
1690 1222 1772 1250 tert.

302 1261 388 1292 Lov.
402 1262 528 1292 Moret.
544 1271 596 1301 pr.
615 1261 699 1292 Cod.
720 1260 835 1301 Epigr.
854 1260 973 1292 Ambr.
989 1261 1073 1291 Exc.
1089 1261 1236 1291 Lucem.
1263 1270 1316 1301 pr.
1334 1260 1414 1291 Ald.
1431 1261 1512 1290 Var.
1531 1259 1603 1291 LL.
1628 1270 1647 1291 e
1663 1270 1770 1302 marg.

308 1303 427 1334 Parm.
455 1304 521 1334 Nec
535 1304 602 1334 inc.
620 1303 742 1334 Heius.
759 1304 843 1334 Num
868 1303 992 1342 Isingr.
1010 1302 1120 1334 Colin.
1139 1303 1270 1343 Gryph.
1294 1303 1406 1334 Pulm.
1432 1312 1551 1333 summa
1567 1303 1770 1343 proflamma

301 1345 432 1377 Buslid.
445 1347 573 1385 probari
591 1345 745 1376 Martial.
758 1347 766 1362 ‘
782 1345 920 1376 Stantia
934 1355 1002 1376 non
1018 1349 1179 1385 poterant
1196 1349 1291 1376 tecta
1303 1345 1448 1386 probare
1465 1344 1671 1377 Deos.'—48
1691 1346 1771 1377 Pro-

305 1387 386 1419 libus
401 1398 463 1429 pro
482 1389 610 1419 Emtum
624 1391 669 1418 est
685 1388 769 1419 Lov.

966 1467 1112 1500 NOTAE

345 1555 387 1583 43
415 1551 595 1592 Trinacria]
617 1551 675 1583 De
692 1551 754 1582 hac
770 1560 882 1591 supra.
1067 1550 1253 1583 Trinacriae
1289 1560 1350 1583 seu
1387 1550 1514 1584 Siciliae
1551 1550 1675 1583 damno
1704 1560 1770 1594 per

346 1605 388 1634 48
415 1603 526 1643 Clade]
561 1603 683 1635 Gloria
716 1612 852 1643 magna,
887 1611 1012 1642 magna
1066 1601 1429 1643 flammasimportato.

306 1654 380 1685 laus
407 1657 499 1685 emta
523 1659 575 1685 est
590 1652 722 1694 ingenti
748 1652 858 1694 ciade,
880 1652 1011 1693 ingenti
