1852 3182
536 221 598 249 DF.
632 220 790 250 BELLO
822 221 1110 253 GlLDONlCs).

91 313 207 345 veniat
220 313 373 345 Africam
387 312 618 354 super-fusura.
644 315 695 345 De
710 316 792 346 ustis

93 365 146 394 vel
162 365 274 397 calore
302 365 441 395 incultis
459 365 534 405 ejus
555 365 671 404 Libya:
699 367 794 407 locis,

90 414 133 445 (le
150 426 216 456 qua
232 415 285 446 hic
299 425 422 456 sermo,
438 416 514 456 lege
534 416 718 457 Lucanum,
735 418 792 449 lib.

89 475 142 498 ix.
166 468 282 499 Barth.

134 521 194 550 145
234 519 294 550 Illa
322 519 468 560 perustoe]
512 520 666 551 Praeuseoe
705 521 795 560 prior

90 569 184 600 Leid.
201 575 237 600 et
253 570 459 602 Oiselianus.
503 570 667 611 Sequenti
695 582 793 602 versu

87 620 186 650 ‘medio
208 620 307 651 calore
323 630 389 650 non
406 620 500 650 nimio
524 620 713 652 Patavinus
731 623 793 652 Ec-

89 669 204 701 clesiae
232 671 393 702 Cathedr.
423 671 511 712 quod
541 672 568 702 si
600 683 793 713 sequamur,

87 729 166 750 mox
183 729 244 761 pro
257 722 375 752 medius
387 731 462 752 cum
476 722 611 762 scriptis
625 724 793 754 nonnullis

87 771 280 812 meliusflag.
294 772 419 812 Olympi
431 773 475 803 sit
488 773 683 813 legendum:
714 774 791 805 ride

88 831 164 862 quae
178 827 261 854 noto
278 823 320 854 ad
338 823 394 854 lib.
415 833 454 855 11.
470 824 512 854 de
533 825 633 864 Rapt.
652 834 699 855 vs,
719 827 791 855 106.

86 873 132 905 D.
150 873 261 904 Heius.

130 927 192 956 148
217 926 523 966 DIedinsflagrantis
541 925 667 966 Olympi
690 925 791 965 limes]

86 974 216 1006 zonam
232 976 394 1007 torridam
413 977 507 1015 dicit,
523 977 624 1007 nimio
640 981 726 1007 oestu
743 976 791 1006 iu-

85 1026 320 1067 habitabilem,
344 1038 419 1068 quae
444 1027 558 1057 media
575 1032 790 1057 caeterarum.

86 1076 254 1108 Ovidius:
279 1079 288 1094 ‘
306 1079 422 1118 thue
440 1077 514 1108 duze
532 1078 654 1107 dextra
668 1077 790 1107 coelum

86 1127 299 1168 totidemque
338 1128 474 1159 sinistra
523 1128 630 1158 Parte
671 1132 791 1158 tenent

86 1177 189 1208 Zona‘
205 1187 213 1215 ;
249 1177 369 1218 quinta
400 1182 452 1208 est
493 1177 670 1209 ardentior
699 1177 790 1209 illis.'

85 1226 201 1258 Barth.

128 1280 190 1308 150
213 1278 403 1309 Dominetur
414 1278 544 1318 aratris]
570 1279 688 1309 Aristis
704 1278 789 1310 bene

83 1327 202 1367 scripti
219 1328 398 1359 meliores:
421 1337 463 1358 ne
492 1327 542 1358 bis
570 1327 661 1358 idem
688 1328 789 1360 dicat.

83 1378 212 1417 primns
230 1382 344 1408 tamen
367 1382 403 1409 et
427 1382 506 1409 tert.
523 1377 635 1409 Vatic.
660 1379 791 1409 aratris.

84 1427 187 1458 etiam
205 1427 412 1459 Oiselianus.
438 1428 482 1459 D.
501 1428 616 1459 Heins.

128 1481 188 1508 151
214 1478 388 1517 Dipsades]
427 1481 633 1519 Serpentum
670 1488 789 1518 genus,

83 1526 295 1568 descriptum
336 1528 512 1559 Nicandro
565 1534 600 1559 et
638 1530 789 1562 Lucano.

83 1576 227 1608 Dictum
245 1588 264 1608 a
279 1578 346 1617 siti,
372 1579 450 1619 quia
473 1578 615 1618 dipsade
639 1580 789 1619 percussi

84 1628 183 1666 proni
207 1637 243 1658 se
271 1628 304 1658 in
332 1627 452 1658 fluvios
478 1628 656 1668 abjiciunt,
681 1629 789 1660 donec

82 1684 295 1718 rumpentur,
310 1679 483 1709 humorem
501 1679 534 1708 in
550 1689 586 1709 se
604 1680 789 1720 rapientes.

126 1728 282 1768 Dipsades
298 1732 325 1759 et
340 1729 489 1769 cerastas]
512 1730 710 1770 Junguntur
728 1740 788 1770 pro

83 1788 210 1810 summe
227 1778 387 1810 maleficis
401 1780 506 1810 etiam
518 1781 675 1811 Lucano:
701 1781 710 1797 ‘
728 1790 788 1821 pro

83 1829 218 1860 Caesare
234 1834 390 1870 pugnant
416 1830 605 1870 Dipsades,
633 1835 668 1861 et
692 1840 788 1871 pera-

83 1883 167 1918 gunt
181 1880 294 1911 civilia
311 1879 400 1911 bella
415 1883 584 1911 cerastae:
614 1881 729 1912 Barth.

126 1933 188 1961 153
226 1931 356 1962 Gildoni
374 1930 523 1967 ‚sa-cunda
543 1930 614 1970 fui]
661 1931 789 1971 Ovidii,

82 1979 258 2011 ‘AEacidae
284 1980 445 2011 foecunda
467 1980 549 2011 t'ui:'
581 1986 701 2021 postea
728 1991 788 2022 pro

82 2034 129 2061 tot
145 2031 235 2061 annis
247 2032 346 2071 prim.
359 2031 473 2062 Vatic.
490 2041 594 2061 annos.
613 2037 718 2062 recte.
734 2041 786 2062 su-

81 2091 165 2121 pra:
191 2081 336 2112 ‘ideone
362 2086 413 2112 tot
438 2091 542 2111 anuos
566 2081 696 2112 Flebile
712 2092 786 2113 cum

84 2132 216 2162 tumida
231 2132 358 2163 bellum
373 2132 582 2172 Carthagine
598 2132 685 2171 gessi
697 2132 719 2163 ?'
738 2136 788 2163 at-

82 2192 147 2223 que
164 2182 245 2213 alibi
261 2193 326 2213 non
343 2183 460 2213 semel.
486 2192 563 2213 mox
586 2186 709 2213 tenetur
725 2193 787 2223 pro

83 2236 222 2263 tenemur
234 2233 340 2273 probe
356 2233 446 2264 idem
459 2234 573 2264 Vatic.
587 2238 623 2264 et
637 2238 704 2264 tres
721 2235 788 2274 alii,

83 2283 182 2314 modo
198 2283 376 2315 distinctio
398 2288 566 2315 mutetur:
592 2286 788 2324 transcripsit

84 2343 219 2375 quoque
231 2344 293 2375 pro
307 2335 487 2366 transcribit
501 2335 642 2376 Gyrald.
660 2341 695 2366 et
706 2337 787 2366 Exi-

82 2383 228 2422 lissundz'
243 2393 310 2415 non
328 2385 452 2424 Exigue·
465 2385 608 2416 Putean.
623 2395 698 2417 culn
713 2386 787 2417 Flo-

83 2439 171 2466 rent.
188 2436 223 2466 S.
239 2435 366 2466 Marci.
389 2435 435 2466 D.
452 2435 566 2466 Heius.

128 2489 188 2517 155
216 2485 344 2516 Nostris
360 2485 430 2524 jam
455 2485 590 2516 luctibus
604 2485 655 2516 ille
674 2487 787 2517 Conse-

83 2536 168 2576 nuz't]
193 2537 358 2568 consuevit
385 2536 484 2577 prim.
512 2536 698 2566 Vaticanus
727 2545 786 2576 pro

84 2586 221 2619 diversa
236 2587 396 2618 lectione.
412 2588 601 2627 eleganter.
625 2587 722 2617 Idem.

127 2641 188 2668 157
216 2638 345 2669 Utinam
370 2638 514 2678 regnum]
546 2638 587 2669 Iu
615 2648 681 2679 quo
708 2646 789 2668 sane

83 2691 197 2718 tamen
212 2688 356 2726 majestas
367 2687 470 2728 aliqua
478 2687 576 2726 sorel.
600 2689 646 2719 Et
660 2686 788 2719 Africae

84 2747 151 2769 non
165 2738 362 2768 inusitatum
375 2747 494 2778 parere
505 2737 669 2778 Regibus,
687 2738 788 2768 Nunc

84 2787 248 2820 inhonoro
272 2787 414 2820 Latroni
440 2787 513 2819 sine
538 2787 629 2819 omni
649 2794 788 2830 sceptro

432 2942 447 2959 ἢ

1436 217 1539 257 1401

845 318 1031 358 parendum
1049 318 1152 349 dolet.

890 368 1114 408 I'rirutOJ'ure]
1134 368 1329 408 Usurpabat
1344 369 1429 400 enim
1443 370 1545 401 Gildo

846 419 1065 458 provinciam,
1090 429 1182 449 more
1210 420 1321 459 potius
1344 420 1545 461 licentiaque

846 470 1407 510 gentili‚qua1uimperiolegilimo.
1437 472 1547 502 Barth.

890 524 950 550 158
975 521 1093 561 Fundi]
1119 522 1165 552 Ut
1187 522 1288 552 vilem
1316 522 1416 552 etiam
1441 523 1546 552 nostri

846 571 1090 609 pessessionem
1109 572 1231 603 babeat
1250 572 1416 603 Dominus
1432 581 1548 603 vecors

845 626 876 651 et
895 621 1043 661 ineptus.
1069 623 1167 653 Idem.

889 673 949 701 150
988 671 1105 710 Barce]
1144 672 1319 711 Oppidum
1351 672 1547 712 Pentapoli-

843 724 932 752 tanae
950 722 1148 761 provinciae.
1174 723 1268 752 Idem.

889 775 948 802 160
983 772 1178 812 l’aroetonio]
1216 772 1429 813 AEgyptiaco.
1473 773 1548 804 Ste-

842 822 972 862 phanus
1001 823 1119 854 urbem
1150 823 1295 854 vicinam
1327 823 1545 854 Alexandria:

843 873 944 904 locat.
971 874 1066 904 Idem.

887 926 945 953 161
974 924 1053 953 Pars
1074 924 1169 955 tertia
1186 924 1306 964 mundi]
1340 924 1543 966 Ambiguum

842 973 904 1003 hoc
934 974 1058 1004 multis.
1117 975 1204 1005 Nam
1232 974 1381 1005 Africam
1411 981 1544 1006 veteres

844 1024 1040 1064 Geographi
1052 1024 1258 1065 adjiciebant
1273 1027 1430 1065 Europae.
1447 1026 1543 1057 Idem.

890 1076 951 1104 162
975 1074 1176 1105 Distantibus
1200 1075 1281 1105 idem
1310 1075 1396 1105 luter
1411 1085 1441 1105 se
1457 1076 1545 1105 vitiis

841 1123 975 1162 cinctus]
1019 1123 1176 1155 Avaritia
1217 1130 1253 1155 et
1291 1125 1545 1165 prodigalitate.

842 1174 940 1205 Idem.

887 1227 945 1254 165
972 1225 1181 1256 Illorientilms
1195 1223 1306 1264 hoeres]
1336 1225 1461 1256 Modus
1487 1235 1545 1256 ex-

843 1274 1083 1314 quirendorum
1107 1275 1303 1306 divitiarum
1325 1280 1360 1306 et
1375 1280 1544 1307 sumtuum

842 1325 1076 1365 prodigalitati
1094 1326 1223 1366 Regiae.
1246 1326 1343 1357 Idem.

885 1378 946 1406 166
973 1376 1155 1415 Virginibus
1178 1375 1299 1416 raptor]
1336 1376 1475 1416 Tyranni
1490 1381 1544 1407 est

840 1435 973 1456 omnem
988 1426 1277 1457 uecessitudinem
1304 1430 1432 1456 naturae
1449 1426 1543 1457 nihili

838 1474 952 1507 facere
970 1480 1005 1507 et
1020 1476 1148 1507 delere.
1173 1477 1268 1507 Idem.

885 1529 944 1556 167
971 1528 1067 1558 Nulla
1083 1527 1182 1568 quies]
1207 1524 1545 1558 Utmalefactoribus

841 1587 902 1607 usu
931 1577 1047 1608 venire
1074 1578 1172 1609 solet.
1217 1577 1385 1607 Salustius
1411 1577 1454 1607 de
1482 1577 1544 1608 Ca-

842 1627 959 1659 tilina:
985 1630 992 1644 ‘
1011 1627 1151 1658 Animus
1175 1630 1337 1667 impurus,
1360 1627 1422 1657 diis
1439 1628 1543 1658 homi-

840 1678 1004 1718 nibusque
1021 1677 1178 1716 infestus,
1203 1687 1313 1717 neque
1339 1677 1464 1716 vigiliis
1488 1687 1543 1707 ne-

840 1738 904 1769 que
921 1728 1090 1768 quietibus
1105 1727 1216 1758 sedari
1233 1726 1393 1767 poterat.’
1424 1727 1522 1758 Idem.

884 1781 945 1809 168
972 1778 1060 1818 Dies]
1085 1778 1141 1809 Ob
1155 1777 1444 1818 P1·0scriptioneS‚
1457 1787 1543 1818 eque
1593 1819 1596 1822 Δ

840 1828 939 1859 bonis
955 1829 1152 1869 ejectiones.
1178 1829 1276 1858 Idem.

883 1882 945 1909 170
971 1878 1133 1918 Pulsatur]
1155 1877 1542 1916 Evertitur,c0nticitur.

839 1932 940 1970 Saepe
956 1930 1005 1960 sic
1023 1931 1130 1969 plagae
1159 1926 1312 1968 corporis
1335 1927 1376 1958 ad
1394 1927 1543 1958 fortuna-

840 1990 912 2010 rum
929 1979 1099 2020 animique
1125 1979 1277 2009 laesiones
1302 1977 1346 2008 ab
1368 1979 1542 2019 scriptori-

840 2029 901 2060 bus
918 2028 1182 2060 transferuntur.
1208 2028 1305 2060 Idem.

883 2083 943 2111 171
966 2080 1094 2110 Accitus
1108 2078 1235 2111 conviva
1247 2079 1344 2119 perit]
1368 2079 1496 2110 Ascitus
1509 2080 1542 2110 in

838 2130 1034 2168 Pricaeauo,
1075 2134 1111 2160 et
1141 2129 1368 2160 Bononiensi:
1401 2130 1542 2162 rectius.

839 2179 944 2210 etiam
966 2180 999 2210 in
1016 2178 1330 2210 Helmaestadiensi:
1356 2179 1445 2220 apud
1468 2180 1543 2211 Sta-

839 2230 922 2260 tium
947 2229 1098 2260 Hercule
1120 2229 1339 2260 Surrentino:
1364 2231 1373 2247 ‘
1392 2230 1469 2262 Qua
1485 2239 1543 2270 pa-

840 2285 893 2311 ter
909 2280 1078 2319 aetherius,
1094 2280 1285 2320 mensisque
1308 2280 1440 2311 adscita
1464 2280 1543 2311 deo-

839 2340 912 2360 rum
927 2329 1054 2368 Turba,
1066 2334 1101 2360 et
1117 2330 1158 2360 ab
1172 2329 1306 2360 excelso
1322 2330 1436 2361 veniat
1449 2340 1542 2361 soror

838 2379 973 2420 hospita
1000 2378 1162 2419 temploz’
1197 2378 1256 2410 ubi
1282 2379 1356 2419 pari
1383 2379 1480 2410 modo
1506 2380 1539 2410 in

840 2431 985 2471 vulgatis
1017 2430 1192 2461 codicibus
1220 2436 1404 2470 peccatur:
1444 2431 1540 2461 acciri

839 2486 952 2513 tamen
966 2481 1000 2512 in
1015 2481 1188 2512 convitium
1210 2481 1275 2521 legi
1303 2481 1392 2522 apud
1409 2482 1540 2522 Dictyn

839 2533 1053 2571 Cretensem,
1081 2531 1165 2562 libro
1185 2540 1234 2562 vx.
1270 2533 1278 2548 ‘
1295 2533 1372 2563 Qua
1399 2537 1541 2572 tempes-

838 2587 911 2613 tate
937 2582 1036 2612 multi
1063 2581 1210 2622 undique
1236 2591 1334 2621 reges
1361 2582 1460 2611 acciti
1483 2581 1538 2611 do-

838 2642 930 2663 mum
947 2632 1115 2671 Chironis,
1131 2631 1222 2661 inter
1237 2631 1327 2670 ipsas
1350 2630 1464 2670 epulas
1481 2639 1538 2660 non

839 2693 915 2714 vam
943 2688 1083 2724 nuptam
1109 2681 1237 2721 magnis
1260 2680 1413 2711 laudibus
1430 2680 1537 2711 veluti

839 2734 937 2765 deam
961 2729 1239 2764 celebraverant!
1284 2729 1454 2760 Ausonius
1471 2730 1538 2761 Pe-

839 2783 955 2815 riocha
970 2781 1133 2823 Odysseae
1152 2789 1217 2812 vu.
1242 2779 1251 2796 ¹
1267 2779 1389 2811 Accito
1405 2779 1447 2811 ad
1460 2789 1538 2812 con-
