1852 3182
550 203 598 231 lx*
637 201 866 230 RUFINUM
904 202 998 231 LlB.
1033 203 1062 231 1.

70 300 145 332 tus!
191 299 286 330 Idem
305 299 335 329 in
353 295 568 335 Protreptico
587 294 628 324 ad
654 294 768 334 Nepo-

69 357 150 385 tem.
166 352 198 381 iu
215 350 292 386 fine,
309 348 440 378 videtur
465 343 673 376 confundere
691 353 767 374 cum

71 407 152 441 toga
170 401 270 440 picta.
289 399 340 428 De
358 405 437 426 auro
454 400 567 426 noster
583 395 624 425 de
641 394 769 425 laudib.

68 451 242 482 Stilichon.
260 450 281 479 l.
296 457 335 478 11.
360 448 369 464 ⁴
387 456 506 486 graves
523 456 602 476 auro
621 445 770 484 trabeas,

70 502 195 541 insigne
224 499 388 529 Minervae
405 496 521 536 Spirat
544 495 657 536 opus:’
681 495 768 526 adde.

70 557 105 581 et
123 557 266 590 gemmas
282 548 441 584 insertas,
468 556 510 577 ex
531 553 646 577 nostro
662 546 704 577 dc
721 555 769 577 vr.

72 599 214 631 Honorii
251 598 435 628 Consulatu
451 609 457 627 :
504 598 513 614 ‘
546 596 769 637 Membraque

70 651 236 689 gemmato
260 647 389 678 trabeae
420 647 603 679 viridantia
630 646 770 678 cinctu.’

68 698 211 737 Dempst.

102 746 217 787 Tanta]
232 747 300 778 Tot
314 759 320 779 :
337 748 384 779 ait
398 750 508 779 omnia
523 748 627 780 verba
643 748 773 779 minora

68 807 141 830 esse
153 799 259 829 tantis
275 803 394 840 totque
408 799 605 830 sceleribus.
630 800 772 830 Plautus

69 847 239 888 Amphitr.
262 849 337 879 ‘ita
360 853 452 879 tanta
478 849 562 879 mira
586 850 617 879 in
644 849 773 880 aedibus

69 903 148 929 sunt
164 897 280 930 facta!

112 951 174 980 251
215 949 379 989 Immunes]
423 950 510 980 Vide
549 950 774 988 Macrobium,

71 998 132 1029 l.1.
147 997 283 1029 saturn.
301 1009 332 1030 c.
347 1002 376 1029 3.
419 999 556 1030 Tacitus
578 999 620 1030 de
638 1000 774 1039 Caligu-

71 1047 116 1085 la,
132 1048 154 1078 l.
172 1057 221 1078 vr.
245 1051 253 1065 ‘
272 1048 450 1079 immanem
475 1049 620 1080 animum
635 1049 776 1080 subdola

71 1096 238 1127 modestia
254 1097 392 1136 tegens.'
437 1098 554 1128 Barth.

112 1147 176 1176 252
215 1145 271 1177 Vel
296 1146 398 1187 Sinis]
441 1147 550 1179 Scinis
578 1148 716 1180 arbores
741 1149 775 1180 in

72 1200 199 1227 terram
225 1197 258 1227 vi
291 1198 469 1237 premebat
497 1199 628 1240 infixas,
656 1200 777 1242 quibus

72 1247 220 1288 impositi
247 1248 412 1287 homines,
443 1249 589 1281 brachiis
620 1251 779 1282 arborum

72 1306 204 1328 sursum
228 1297 428 1337 nitentibus,
458 1301 686 1332 crudelissime
715 1301 781 1332 dis-

74 1347 315 1387 cerpebantur.
338 1348 514 1381 Plutarch.
524 1352 666 1382 Theseo.
680 1351 781 1383 Ovid.

74 1396 219 1428 Metam.
244 1398 345 1429 [νη.
370 1399 451 1430 Fab.
476 1403 528 1432 23.
552 1401 674 1433 Senec.
696 1402 782 1442 Hip-

76 1446 184 1486 polyt.
201 1451 269 1478 act.
282 1456 315 1478 v.
331 1457 421 1479 scen.
439 1453 469 1480 l.
484 1460 533 1480 vs.
548 1453 642 1482 1164.
659 1453 668 1469 ‘
681 1461 783 1483 mem-

74 1496 136 1526 bra
149 1496 222 1536 quis
248 1506 356 1528 saevus
375 1498 497 1537 Scinis,
518 1498 589 1530 Aut
602 1501 676 1540 quis
698 1501 783 1532 Pro·

75 1549 208 1576 crustes
232 1546 388 1586 sparsit?
421 1547 675 1581 humanissimis
701 1559 782 1591 ergo

73 1594 236 1633 Tyranuis
244 1594 419 1625 saeviorem
434 1594 517 1628 facit
528 1597 696 1638 Rufinum,
710 1599 783 1630 Sci-

75 1644 122 1683 ni,
134 1644 287 1683 Scirone,
303 1644 455 1684 Phalari,
467 1649 531 1678 &c.
543 1647 586 1678 de
598 1648 701 1689 Syllae
720 1649 783 1681 eti-

75 1703 129 1726 am
140 1693 277 1726 feritate
290 1696 394 1727 multa
408 1697 527 1729 Senec.
547 1698 604 1729 lib.
621 1708 655 1730 v.
671 1699 714 1731 de
726 1700 784 1731 be-

75 1744 146 1776 nef.
157 1755 188 1776 e.
206 1748 258 1776 16.
270 1745 334 1777 etl.
347 1755 370 1776 1.
383 1746 425 1777 de
438 1746 785 1781 clement.c.12.Va-

76 1794 137 1825 ler.
152 1794 284 1834 Florus,
298 1799 334 1826 et
355 1795 446 1826 inter
470 1797 589 1836 poetas
615 1799 785 1839 Lucanus,

75 1844 98 1876 l.
121 1853 163 1875 Π.
191 1843 201 1860 ‘
221 1843 327 1875 Gnati
355 1845 516 1877 maduere
540 1851 684 1887 paterno
706 1858 780 1879 san-

78 1894 201 1936 guine,'
231 1895 296 1926 &c.
319 1894 409 1926 Illud
423 1905 504 1926 vero
517 1902 656 1937 superat
669 1897 784 1937 fidem,

78 1944 169 1985 quod
182 1953 247 1975 non
261 1949 393 1976 tantum
411 1945 444 1976 in
461 1946 575 1978 hostes
586 1947 711 1987 saeviit,
723 1948 783 1979 sed

80 1999 115 2026 et
129 1994 317 2025 occisorum
340 1994 427 2026 filios
459 2005 477 2026 e
508 1997 626 2037 repub.
654 1997 786 2028 submo-

78 2043 140 2075 vit.
154 2044 278 2075 Senec.
295 2045 316 2075 l.
334 2053 374 2075 11.
388 2045 430 2075 de
449 2045 518 2085 Ira,
536 2056 563 2077 e.
576 2049 627 2078 34.
644 2048 787 2088 Dempst.

124 2094 213 2125 Sinis
227 2095 396 2125 Isthmiaca
409 2095 501 2135 pinu]
519 2096 573 2127 De
587 2097 658 2127 Sini
671 2103 786 2129 autem

80 2153 139 2176 seu
155 2144 247 2176 Scini
258 2145 323 2176 hoc
335 2145 522 2176 Pausanias
540 2146 786 2179 Corinthiacis:

78 2195 88 2212 ‘
104 2195 144 2226 In
161 2195 271 2236 prima
287 2194 409 2225 Isthmi
423 2194 537 2227 fronte
555 2197 648 2228 locus
663 2202 714 2228 est
729 2198 788 2229 ubi

78 2247 168 2279 Sinis
185 2248 273 2279 latro
290 2247 441 2278 curvatis
468 2248 510 2278 ad
533 2253 661 2280 terram
679 2249 789 2281 diver-

79 2307 192 2330 sarum
219 2299 394 2339 picearum
423 2301 523 2331 ramis
553 2301 596 2331 ad
623 2311 680 2333 eos
706 2312 789 2343 quos

81 2349 264 2390 pugnando
276 2350 416 2381 vicisset
429 2351 533 2382 arctis
547 2351 708 2393 utrinque
724 2352 791 2383 vin-

82 2400 166 2431 culis
181 2400 355 2440 alligabat,
381 2405 418 2431 ut
440 2411 516 2432 cum
533 2401 568 2431 in
584 2411 677 2433 suam
693 2406 790 2434 natu·
807 2400 810 2402 ’

82 2459 154 2481 ram
181 2450 322 2481 arbores
346 2450 540 2491 rediissent,
564 2452 791 2485 miserabilem

81 2499 130 2531 illi
159 2500 193 2531 in
221 2501 357 2532 modum
386 2502 686 2533 distraherentur:
725 2513 792 2544 quo

84 2549 158 2589 ipse
183 2549 271 2581 Sinis
299 2555 422 2590 postea
447 2551 608 2592 supplicii
623 2561 750 2592 genere
773 2562 793 2584 a

85 2599 222 2632 Theseo
240 2600 385 2633 affectus
403 2601 477 2633 est!

133 2649 222 2689 Rupe
244 2651 401 2690 profunda
424 2651 550 2692 Sciron]
573 2653 627 2684 De
648 2652 712 2686 hoc
728 2654 794 2686 La-

88 2701 186 2729 trone
200 2698 288 2730 idem
298 2700 487 2733 Pausanias
503 2701 632 2735 Atticis
646 2714 655 2735 ε
678 2704 688 2721 ‘
702 2704 794 2736 Nam

91 2748 156 2780 alia
170 2756 251 2781 saxa
266 2758 342 2790 quae
358 2751 523 2784 Moluridi
535 2753 696 2795 adjacent
710 2753 796 2786 infa-

1410 197 1521 238 125⁵

820 293 886 324 mia
900 297 936 324 et
953 295 1184 325 conscelerata
1201 300 1333 335 putant,
1345 301 1432 338 quod
1445 312 1520 334 cum

819 352 858 373 ea
875 343 1049 374 act-oleret
1064 345 1196 382 Sciron,
1213 345 1291 376 inde
1308 356 1521 391 quoscunque

818 397 939 424 nactus
956 399 1044 425 esset
1059 394 1225 435 hospites,
1247 395 1279 425 in
1294 405 1386 427 mare
1410 398 1525 430 detru.

819 443 938 482 deret3
961 454 1018 475 eos
1036 454 1115 475 vero
1134 445 1299 476 adnatans
1314 447 1443 477 marina
1460 453 1524 479 tes-

819 495 901 526 tudo
918 495 1088 527 conficere
1106 495 1293 527 dicebatur.
1322 496 1390 527 Sed
1406 498 1525 529 Sciron

820 545 940 576 eodem
968 551 1087 586 postea
1111 547 1227 578 mortis
1260 557 1385 586 genere
1416 550 1526 579 scelus

821 596 936 634 luit,in
947 596 1037 627 idem
1049 607 1140 628 mare
1154 598 1329 638 projectus
1345 607 1363 628 a
1374 599 1527 631 Theseo.'

822 646 982 686 Virgilius
999 647 1032 677 in
1059 647 1169 678 Ceiri:
1194 649 1204 664 ⁴
1223 647 1387 679 Praeterit
1404 648 1528 689 abrup-

824 700 876 727 tas
887 697 1036 728 Scironis
1049 703 1212 738 protenus
1223 708 1332 737 arces,
1346 698 1530 731 Int'estum-

823 756 889 786 que
899 746 965 777 suis
976 747 1058 778 dirae
1070 748 1250 779 testudinis
1263 749 1335 780 exit
1346 748 1530 790 SpeIaemn,

824 797 997 837 multoque
1023 803 1180 830 cruentas
1209 798 1345 840 hospite
1375 798 1532 831 cauteis.’

824 847 939 878 Barth.

867 900 928 928 253
945 898 1070 938 Sciron]
1094 899 1240 930 Consule
1253 899 1279 930 si
1297 898 1391 930 lubet
1404 899 1531 931 Diodo-

825 956 898 977 rum
916 947 972 978 lib.
991 957 1024 978 v.
1041 949 1246 979 Pausaniam
1261 949 1293 979 in
1308 949 1438 989 Attica,
1450 950 1532 981 Plu-

826 998 979 1028 tarchum
993 998 1025 1028 in
1041 1000 1186 1038 Theseo,
1199 1004 1233 1030 et
1246 999 1347 1031 Ovid.
1361 1000 1447 1031 Met.
1462 1010 1530 1031 vu.

827 1047 884 1088 qui
895 1048 1048 1079 crudelia
1063 1049 1145 1079 tetri
1157 1049 1299 1079 latronis
1313 1048 1466 1081 facinora
1479 1060 1529 1081 re-

828 1102 979 1128 censent.
1025 1098 1148 1128 Delrio.

877 1147 933 1178 Vel
948 1147 1098 1178 Phalaris
1114 1143 1221 1187 tauro]
1262 1148 1401 1179 Norunt
1418 1157 1534 1180 omnes

829 1197 901 1228 haec
918 1202 1090 1237 portenta.
1139 1198 1254 1230 Barth.

874 1250 935 1278 255
960 1247 1122 1288 Spartace,
1157 1248 1248 1288 lenis]
1293 1248 1533 1280 Gladiatorum

831 1302 976 1336 emotor,
1001 1298 1053 1328 vir
1069 1298 1288 1338 fortissimus,
1310 1299 1400 1330 inter
1423 1308 1537 1331 exem-

833 1348 891 1387 pla
937 1357 1073 1390 quoque
1115 1349 1330 1380 crudelitatis
1374 1348 1537 1382 refertur.

833 1397 932 1427 Idem.

877 1450 940 1478 256
963 1446 1126 1485 Dejecerat
1141 1447 1259 1487 umens]
1303 1447 1359 1479 Sic
1379 1448 1537 1479 meliores

834 1496 910 1527 libri
935 1501 1062 1537 praeter
1077 1498 1224 1537 primuni
1240 1498 1458 1538 Vaticanum,
1472 1507 1539 1529 non

833 1556 945 1586 omnes,
958 1547 1045 1587 quod
1060 1548 1239 1587 glossema:
1257 1551 1408 1579 amentem
1423 1552 1539 1578 metum

833 1596 931 1626 simili
962 1596 1063 1626 modo
1095 1597 1263 1636 Lucanus,
1293 1597 1350 1629 lib.
1380 1607 1404 1628 1.
1435 1597 1538 1628 dixit.

833 1646 944 1676 Paulo
957 1650 1036 1676 ante
1049 1646 1227 1677 Mediceus
1241 1656 1326 1677 unus
1343 1647 1539 1687 eleganter:

833 1695 842 1712 ‘
861 1695 892 1726 Ο
909 1695 1009 1726 mites
1026 1695 1202 1727 Diomedis
1228 1704 1350 1739 equos,
1372 1696 1539 1728 Busiridis

834 1745 931 1777 aras!
971 1746 1018 1776 D.
1035 1745 1149 1776 Heius.

878 1794 1044 1833 Deiecerat
1060 1795 1176 1835 omnes]
1209 1795 1338 1827 Omnes
1365 1795 1490 1836 dejecti
1507 1806 1543 1827 e-

836 1850 928 1884 rant,
950 1845 1029 1886 quia
1052 1845 1237 1876 versutiam
1261 1845 1383 1876 belluae
1406 1851 1543 1885 norant,

835 1895 1066 1927 occultissime
1094 1894 1172 1925 odia
1196 1905 1254 1926 sua
1271 1896 1431 1936 gerentis,
1447 1904 1489 1926 ne
1507 1895 1542 1926 in

835 1946 942 1977 herba
955 1945 1112 1986 perirent
1133 1945 1327 1986 aliqnando,
1343 1951 1402 1977 aut
1418 1955 1544 1977 cavere
1571 1940 1573 1943 ¹

835 1999 978 2036 possent
1008 1994 1090 2036 quia
1129 1995 1233 2037 exitio
1263 1995 1540 2027 destinabantur.

837 2046 955 2078 Barth.

880 2099 944 2127 257
971 2095 1130 2136 Tac-itique
1143 2096 1278 2136 sepultos
1299 2095 1467 2137 suspirant
1490 2106 1546 2136 ge·

838 2145 948 2186 mitus]
972 2147 1152 2187 Oppressa
1173 2146 1350 2186 libertate,
1376 2146 1459 2178 nulli
1477 2156 1547 2178 ser-

840 2207 970 2236 mones,
997 2207 1040 2228 ne
1061 2198 1207 2238 gemitus
1227 2198 1364 2239 quidem
1388 2199 1546 2230 concessi

839 2253 919 2280 sunt
934 2248 1058 2289 aperti.
1105 2247 1285 2280 Claudian.
1310 2248 1369 2280 lib.
1386 2258 1426 2280 11.
1444 2249 1544 2290 hujus

841 2298 969 2339 operis,
984 2308 1033 2329 vs.
1046 2301 1100 2329 86.
1123 2300 1132 2315 ‘
1146 2298 1230 2330 Quis
1247 2298 1363 2339 populi
1376 2303 1458 2330 tunc
1473 2298 1547 2329 vul·

842 2353 896 2379 tus
912 2351 1000 2386 erat,
1015 2357 1091 2388 quae
1104 2356 1276 2378 murmura
1289 2347 1430 2379 furtim?
1453 2347 1545 2379 Nam

842 2398 974 2429 miseris
998 2407 1062 2429 nec
1086 2396 1169 2429 flere
1192 2397 1328 2438 quidem
1352 2403 1411 2428 aut
1436 2396 1545 2428 lenire

842 2448 992 2480 dolorem
1010 2447 1194 2488 Colloquiis
1207 2447 1344 2488 impune
1356 2447 1460 2478 licet.’
1481 2447 1544 2477 'ra-

843 2499 944 2538 citus,
960 2497 1050 2529 Ann.
1067 2506 1117 2529 νι.
1140 2498 1149 2514 ‘
1168 2497 1223 2529 Ne
1239 2495 1386 2528 foeminae
1407 2494 1544 2537 quidem

844 2553 997 2581 exsortes
1030 2547 1192 2588 periculi;
1223 2557 1298 2587 qnae
1333 2544 1543 2586 occupandae

845 2599 1058 2641 Reipublicae
1070 2597 1166 2638 argui
1176 2607 1244 2628 non
1256 2602 1429 2637 poterant,
1440 2594 1483 2625 ob
1497 2594 1544 2625 la-

845 2660 978 2692 crymas
1005 2648 1268 2685 incusabantur3
1283 2652 1473 2686 necataque
1491 2647 1545 2675 est

845 2710 928 2732 anus
944 2699 1038 2731 Vitia
1050 2697 1139 2729 Fufii
1158 2697 1295 2729 Gemini
1319 2699 1440 2736 mater,
1454 2693 1545 2737 quod

843 2750 904 2783 filii
917 2758 1037 2782 necem
1050 2746 1225 2780 flevisset.’
1271 2745 1369 2778 Idem.
