1851 3213
287 211 401 253 1272

286 316 383 347 hoste
410 315 484 346 initi
511 314 782 346 convinceretur.
837 313 992 343 Noverat

286 367 349 398 hoc
367 366 603 398 callidissimus
630 365 881 404 Imperatorum
899 362 993 393 Han-

286 417 391 457 nibal,
404 417 459 458 qui
477 427 551 447 cum
569 415 713 445 flammis
726 414 837 444 onmia
855 414 922 443 late
937 412 992 442 de-

286 467 406 506 disset,
426 467 521 496 villas
553 464 649 495 Fabii
673 464 817 494 intactas
844 461 992 502 reliquit,

286 527 352 558 quo
392 522 587 557 suspectum
628 514 789 545 Romanis
818 512 991 544 redderet.

285 569 330 600 D.
348 568 462 599 Heius.

329 621 371 650 72
399 619 468 649 Non
498 616 633 655 abnegat
670 614 801 654 hostem]
847 614 991 644 Lucens.

287 668 431 708 Gyrald.
448 668 547 708 prim.
570 666 683 697 Vatic.
712 670 747 695 et
761 670 907 705 quatuor
925 663 992 702 alii,

285 718 394 749 abnuit
406 730 416 749 .-
434 728 537 748 vere:
555 718 602 748 ita
611 714 990 756 Virgilius,SiliuS,Val.

285 768 439 806 Flaccus,
452 768 508 798 alii
522 777 613 807 saepe
626 778 633 796 z
648 767 791 796 alterum
806 764 990 803 glossema:

284 818 473 849 nosterlib.
489 826 528 847 ιι.
541 817 583 846 de
598 817 701 854 Rapt.
718 816 727 831 ‘
744 814 901 852 vincique
916 820 992 841 suos

286 878 353 899 non
371 868 499 898 abnuat
527 864 661 896 hortos!
710 865 809 894 Cons.
835 862 926 892 Hon.
943 870 994 891 vl.

285 919 295 934 ‘
308 918 428 948 Fucati
446 916 607 948 sermonis
624 923 723 954 opem
748 922 842 943 mens
860 911 996 943 conscia

283 967 394 998 laudis
411 966 566 998 Abnuit!
598 965 716 996 Laude
732 964 892 995 Serenae:
918 963 927 979 ‘
940 961 996 992 In-

287 1027 354 1059 que
367 1027 443 1048 suos
472 1018 620 1058 migrare
648 1016 755 1046 virum
784 1024 849 1044 non
877 1013 995 1044 abnuit

285 1067 417 1099 annos!
471 1068 542 1098 Ubi
569 1067 689 1097 eodem
715 1064 816 1096 modo
849 1067 995 1105 peccant

287 1118 441 1149 nonnulli
458 1118 607 1148 codices.
632 1118 729 1147 Idem.

331 1171 372 1199 74
392 1168 532 1207 Vicibus]
545 1169 646 1199 Ultro
659 1168 827 1207 citroque,
837 1165 995 1202 vicissim,

288 1228 350 1259 per
367 1228 466 1259 pares
482 1219 584 1248 vices.
607 1217 724 1248 Barth.

332 1271 490 1301 Permissa
515 1269 666 1309 potestas]
703 1268 843 1298 Rectius
857 1267 997 1304 facultas

288 1322 433 1352 Lucens.
451 1327 486 1351 et
500 1320 644 1360 Gyrald.
658 1329 734 1349 cum
750 1328 801 1358 pr.
815 1319 893 1348 Vat.
922 1317 996 1347 Lib.

288 1381 330 1402 Π.
349 1372 392 1402 de
422 1372 525 1411 Rapt.
549 1371 599 1401 cui
621 1373 712 1401 tanta
726 1370 870 1406 facultas
894 1368 934 1397 In
950 1378 997 1398 me

286 1422 419 1452 saeritiae
431 1432 441 1452 .·
466 1421 520 1452 ubi
538 1421 646 1461 plura.
671 1421 716 1451 D.
734 1419 847 1450 Heius.

329 1475 372 1504 76
385 1471 646 1512 Stipatursoclis]
663 1471 753 1507 Lege
764 1470 908 1510 Stipatus
920 1480 995 1500 cum

287 1523 412 1563 Isingr.
426 1523 524 1564 prim.
540 1522 652 1554 Vatic.
664 1527 699 1552 et
711 1521 892 1552 duodecim
905 1520 996 1551 aliis:

286 1578 326 1604 ut
340 1573 572 1614 superioribus
582 1573 656 1604 haec
669 1572 862 1603 cohaereant
876 1582 883 1602 :
909 1571 997 1602 male

289 1624 388 1664 vulgo
405 1624 668 1664 distinguuntur.
692 1623 790 1653 Idem.

330 1677 373 1705 76
396 1674 531 1705 Armata
554 1674 701 1704 clientum
731 1672 884 1712 Agmina]
929 1672 995 1703 Po-

286 1725 432 1755 tentiam
450 1725 594 1755 hominis
607 1725 729 1765 impuri
744 1725 880 1764 privata
891 1724 995 1763 majo-

288 1784 360 1807 rem
376 1775 517 1805 inducit.
563 1774 690 1814 Stipati
706 1774 796 1804 enim
813 1773 994 1804 clientibus

286 1825 495 1857 incedebant
509 1824 691 1864 principes,
704 1823 759 1864 qui
771 1833 832 1854 nec
847 1833 866 1853 a
877 1823 995 1854 seden-

288 1876 379 1907 tibus
398 1875 551 1906 aberant.
574 1874 692 1905 Barth.

331 1929 374 1957 79
399 1926 536 1957 Revocat
549 1924 659 1964 fulvas
685 1925 718 1954 in
736 1928 860 1965 pectore
883 1922 995 1963 vestes]

288 1977 422 2008 Pectora
444 1976 542 2016 prim.
570 1975 686 2006 Vatic.
716 1975 809 2015 prior
836 1974 932 2005 Leid.
961 1978 996 2004 et

288 2037 373 2058 unus
403 2027 528 2058 Petav.
560 2035 638 2057 cum
667 2025 912 2065 Pomponianis
940 2033 996 2055 ex-

286 2078 416 2118 cerptis
440 2082 475 2108 et
499 2076 675 2108 Oiseliano
693 2076 801 2106 libro:
828 2074 996 2116 quomodo

288 2132 324 2159 et
341 2128 516 2160 Claverius
532 2137 575 2158 ex
592 2137 652 2158 suo
677 2126 778 2165 libro,
802 2130 837 2157 et
853 2135 896 2155 ex
919 2134 996 2156 con-

281 2178 423 2219 jectura
461 2177 634 2209 Barthius.
688 2177 801 2216 Silius,
838 2176 896 2207 lib.
928 2184 995 2206 ΧΗ.

286 2229 295 2246 ‘
315 2234 476 2259 revocate
502 2229 536 2258 in
564 2232 707 2268 pectora
734 2227 889 2267 Cannas‚’
919 2236 996 2257 cum

289 2279 420 2320 optimo
459 2279 591 2310 codice.
651 2279 796 2319 Statius,
833 2278 943 2309 Theb.
972 2287 995 2309 1.

288 2330 299 2345 ‘
312 2329 412 2360 Palla
425 2333 461 2359 et
482 2328 619 2360 caerulei
638 2329 784 2360 redeunt
801 2329 835 2359 in
853 2332 996 2369 pectora

289 2378 371 2410 nodi
384 2378 404 2409 :'
438 2379 607 2419 quomodo
629 2379 865 2419 castigatiores
892 2387 995 2409 mem·

291 2430 430 2462 branae:
466 2439 533 2460 non
555 2433 689 2470 pectore.
746 2431 845 2461 Idem
870 2430 926 2460 lil).
956 2437 995 2459 11.

292 2481 302 2497 ‘
316 2480 502 2521 cervixque
521 2484 663 2520 recepto
691 2480 860 2520 Sanguine
875 2488 997 2520 magua

289 2531 393 2571 redit,
427 2529 616 2570 fractaeque
646 2530 680 2560 in
712 2535 856 2570 pectora
891 2530 998 2561 vires)

288 2581 348 2613 lib.
365 2589 400 2612 v.
424 2582 432 2598 ‘
444 2580 545 2611 nullae
570 2580 716 2611 redeunt
733 2581 766 2610 in
782 2581 905 2620 gaudia
920 2591 997 2612 noc-

290 2635 344 2662 tes
360 2629 382 2662 :'
405 2634 440 2662 et
459 2635 593 2671 postea,
625 2629 849 2661 ‘redeuntem
877 2632 911 2661 in
938 2641 996 2671 po-

290 2682 368 2713 cula
383 2681 556 2712 Bacchum
570 2680 593 2712 :⁹
614 2684 651 2711 et
667 2680 803 2721 deinde,
825 2681 834 2697 ‘
852 2681 998 2714 redeunt

290 2733 324 2764 in
342 2736 483 2773 pectora
500 2731 630 2763 sexus?
652 2730 712 2762 lib.
742 2739 823 2763 vm.
846 2732 856 2749 ‘
874 2733 996 2774 cuique

291 2792 361 2816 suae
378 2782 514 2814 rediere
528 2783 563 2815 in
574 2785 717 2823 pectora
727 2790 819 2813 curae
832 2782 853 2815 :'
874 2782 932 2815 lib.
944 2792 996 2816 tx.

285 2835 295 2855 ‘
314 2833 452 2876 Oraque
467 2838 503 2866 et
518 2832 674 2868 abscissae
698 2832 844 2868 redeunt
859 2835 893 2868 in
914 2844 994 2876 pec-

553 220 695 251 NOTAE
731 215 995 248 VARIORUM
1026 214 1080 245 IN
1113 215 1189 245 CL·
1222 213 1403 244 CLAUD.
1439 212 1480 242 V.

1044 313 1120 340 tora
1135 308 1294 340 dextrae)
1320 308 1367 338 D.
1384 306 1497 338 Heins.

1086 359 1237 399 Revocat]
1263 358 1417 397 Rufinus,
1434 362 1471 388 ut
1486 355 1630 397 gratiam
1644 365 1663 386 a
1678 354 1749 387 Ge-

1046 411 1087 441 tis
1105 412 1209 451 ineat,
1227 421 1340 441 eorum
1359 410 1512 440 habitum
1525 408 1691 439 imitatur.

1086 461 1203 500 Pelles]
1227 462 1326 492 More
1344 466 1446 501 atquc
1459 459 1578 490 habitu
1595 458 1748 499 gentium

1040 512 1369 552 Septentrionalium
1401 510 1475 541 fere
1504 509 1666 547 omnium,
1699 507 1745 538 ob

1040 562 1176 603 frigoris
1194 563 1438 593 vehementiam
1457 562 1489 592 iu
1507 561 1588 591 locis
1606 559 1724 600 patriis
1739 568 1749 597 ;

1042 613 1131 644 unde
1148 613 1281 644 habitus
1296 621 1473 653 moresque
1491 621 1568 642 suos
1582 608 1747 641 Romanis

1042 663 1226 702 provinciis
1249 664 1448 702 intulerunt,
1465 672 1484 693 a
1504 661 1646 692 ducibus
1669 658 1750 699 ipsis

1043 713 1193 744 imitatos
1209 723 1270 753 per
1283 713 1492 752 vecordiam,
1510 716 1548 742 ut
1565 710 1607 741 de
1624 709 1749 741 Rufino

1044 764 1168 803 ingerit
1196 763 1417 794 Claudianus.
1465 762 1570 794 Ovid.
1602 761 1659 792 lib.
1690 768 1749 791 ΙΙΙ.

1042 813 1216 852 Tristium,
1233 814 1329 853 Eleg.
1347 822 1381 844 x.
1408 814 1416 830 ‘
1434 813 1584 844 Pellibus
1602 816 1637 842 et
1665 811 1750 842 sutis

1044 868 1163 893 arcent
1177 864 1266 893 mala
1291 863 1420 904 frigora
1440 863 1586 901 braccis,
1611 861 1751 902 Oraque

1046 913 1088 944 de
1106 918 1176 945 toto
1192 924 1336 954 corpore
1354 915 1426 945 sola
1443 913 1584 954 patent.’
1609 912 1728 943 Barth.

1089 969 1129 996 81
1155 966 1341 1007 Assimulat]
1363 965 1493 1006 Scripti
1519 963 1672 995 nonnulli
1692 963 1752 993 As-

1044 1016 1161 1046 similat
1199 1026 1274 1046 cum
1303 1016 1465 1047 Barthio:
1503 1024 1582 1045 mox
1620 1015 1754 1044 testatur

1044 1067 1162 1098 amicta
1175 1077 1240 1097 non
1258 1067 1390 1098 amictus
1405 1065 1552 1107 Gyrald.
1574 1068 1610 1095 et
1636 1063 1752 1095 Oxon.

1046 1118 1137 1159 quod
1156 1122 1192 1148 et
1207 1118 1368 1148 Barthius
1385 1117 1492 1148 vidit:
1518 1114 1578 1146 sed
1596 1113 1684 1145 curis
1700 1122 1752 1144 se-

1046 1168 1167 1198 cundis
1189 1167 1376 1198 damnavit.
1413 1168 1556 1197 Lucens.
1580 1165 1752 1205 proclamat

1045 1219 1172 1248 amictu.
1200 1219 1245 1249 D.
1262 1218 1384 1248 Heius.

1091 1270 1289 1309 IlIentemque
1308 1270 1413 1309 palam
1441 1270 1576 1298 testatur
1603 1263 1751 1304 amictus]

1047 1322 1122 1353 Jan.
1140 1321 1301 1352 Gulielm.
1313 1320 1473 1351 Verisim.
1490 1318 1549 1348 lib.
1565 1327 1589 1348 1.
1607 1327 1682 1357 cap.
1700 1320 1754 1348 15.

1048 1372 1224 1402 Barbariae
1241 1371 1425 1408 faventem,
1441 1368 1664 1410 proditricem
1686 1368 1755 1400 Roq

1047 1422 1136 1453 mani
1153 1422 1306 1462 Imperii.
1328 1420 1444 1451 Barth.

1091 1476 1132 1504 82
1157 1475 1223 1504 Nec
1236 1471 1347 1512 pudet]
1372 1472 1429 1503 Nil
1447 1470 1562 1502 Oxon.
1584 1474 1621 1501 ut
1649 1468 1753 1501 Ovid.

1046 1524 1054 1540 ‘
1069 1525 1127 1554 Nil
1155 1524 1263 1564 pudet
1289 1523 1377 1553 hunc
1392 1522 1412 1552 z’
1435 1531 1498 1562 pro
1520 1529 1628 1551 currus
1656 1520 1754 1550 Auso-

1045 1574 1112 1605 nios
1148 1577 1305 1614 regentem
1330 1571 1515 1603 Fornerius
1548 1570 1666 1611 reponi
1696 1579 1753 1601 ve-

1046 1626 1086 1656 lit
1104 1626 1260 1656 Ausonias
1269 1634 1380 1656 curas:
1405 1622 1542 1654 minime
1552 1620 1754 1652 audiendus.

1045 1676 1089 1707 D.
1107 1676 1219 1707 Heius.

1087 1726 1242 1756 Ausonios
1256 1723 1378 1764 currus]
1410 1723 1551 1754 Carales.
1575 1722 1655 1753 Non
1671 1729 1753 1751 vero

1045 1776 1260 1807 concluditur
1285 1775 1362 1805 hinc
1390 1773 1614 1805 Consularem
1638 1775 1752 1812 potes-

1045 1833 1152 1859 tatem
1177 1828 1335 1858 sumsisse
1362 1825 1572 1856 Rufinum-in
1594 1833 1670 1854 eum
1696 1833 1754 1855 an·

1045 1889 1136 1918 num,
1151 1888 1227 1909 cum
1245 1878 1332 1908 illius
1347 1875 1506 1917 potentia
1520 1880 1618 1905 tanta
1631 1874 1752 1913 fuerit,

1046 1934 1084 1960 ut
1093 1938 1207 1959 omnes
1219 1927 1439 1967 magistratus
1455 1925 1516 1956 sub
1530 1934 1565 1955 se
1576 1923 1751 1963 habuerit,

1046 1980 1162 2020 itaque
1180 1988 1320 2018 regnum
1337 1977 1438 2008 etiam
1465 1975 1561 2016 quasi
1577 1975 1620 2005 de
1641 1975 1753 2015 proxi-

1045 2039 1100 2061 mo
1125 2028 1312 2060 affectavit.
1359 2027 1525 2068 Loquitur
1550 2030 1663 2056 autem
1690 2035 1754 2066 per

1045 2081 1166 2111 curules
1200 2079 1242 2110 de
1273 2077 1364 2110 omui
1396 2077 1550 2108 Romano
1588 2076 1753 2117 Imperio,

1046 2131 1126 2172 qnia
1142 2133 1256 2161 stante
1274 2128 1466 2169 Republica
1480 2127 1594 2169 (cujus
1607 2126 1752 2157 formam

1044 2182 1079 2212 in
1094 2190 1248 2212 sermone
1267 2188 1403 2219 semper
1424 2178 1581 2218 sequitur
1595 2176 1753 2208 Claudia·

1047 2241 1121 2270 nus,
1133 2232 1237 2272 juxta
1253 2229 1342 2271 quod
1354 2229 1457 2260 etiam
1469 2228 1549 2259 alibi
1563 2227 1624 2265 ait,
1646 2228 1656 2245 ‘
1669 2236 1752 2258 nuu-

1046 2291 1146 2323 quam
1173 2281 1316 2311 libertas
1341 2279 1471 2319 gratior
1499 2282 1614 2309 exstat
1639 2279 1750 2310 Quam

1046 2334 1108 2364 sub
1121 2333 1214 2372 Rege
1229 2332 1286 2372 pio
1296 2330 1332 2370 ’),
1349 2340 1514 2361 summum
1524 2330 1613 2360 inter
1625 2335 1753 2359 eaerat

1046 2383 1186 2421 Curule,
1203 2380 1404 2412 Consulatus
1422 2379 1589 2409 nimirum.
1614 2379 1750 2410 Curulis

1044 2432 1274 2473 magistratus,
1289 2429 1396 2460 omnis
1410 2429 1531 2469 major,
1554 2428 1633 2469 quia
1645 2428 1752 2460 mino-

1045 2483 1138 2514 ribus
1158 2482 1216 2523 jus
1240 2490 1307 2512 non
1334 2483 1409 2510 erat
1431 2488 1534 2509 curru
1562 2478 1596 2508 in
1620 2478 1750 2510 curiam

1047 2533 1134 2573 vehi,
1164 2531 1224 2563 sed
1248 2529 1394 2571 pedibus
1412 2528 1567 2566 itabant;
1598 2529 1688 2560 unde
1714 2534 1751 2560 et

1045 2582 1178 2625 pedarii
1205 2580 1354 2622 oppositi
1384 2579 1449 2610 illis
1474 2578 1749 2619 appellabantur.

1045 2633 1133 2665 Vide
1145 2641 1218 2674 quae
1236 2640 1279 2662 ex
1294 2629 1406 2662 Gabio
1421 2630 1527 2660 Basso
1543 2627 1654 2660 refert
1669 2629 1751 2661 Gel-

1044 2685 1120 2723 lius,
1134 2683 1194 2714 lib.
1208 2691 1264 2713 111.
1281 2690 1356 2720 cap.
1374 2682 1426 2710 18.
1458 2679 1575 2710 Barth.

1089 2733 1157 2764 Nec
1174 2733 1270 2773 pudet
1294 2730 1446 2761 Ausonios
1467 2740 1589 2770 currus,
1603 2729 1673 2771 85c.]
1695 2729 1749 2761 Li-

1045 2789 1101 2817 cet
1111 2783 1216 2815 sciam
1226 2782 1401 2822 eleganter
1411 2778 1453 2810 de
1463 2778 1576 2812 officio
1583 2779 1750 2812 Praefecti

1044 2833 1215 2869 Praetorio
1241 2830 1511 2874 intelligendum,
1534 2833 1647 2863 tamen
1673 2830 1744 2862 Ms.
