1851 3213
281 184 395 226 1048
685 198 759 229 CL.
793 198 1075 230 cLAumANr
1111 199 1321 232 xxxvii.

280 288 395 341 Quae
415 291 550 344 serpit
569 303 649 344 per
669 294 864 335 membra
882 295 995 335 silex
1012 296 1030 335 ’ἰ
1063 295 1139 349 qui
1161 299 1309 349 torpor
1328 294 1511 336 inertem

278 356 529 400 Marmorea
547 372 618 399 me
639 365 762 412 peste
784 361 920 414 ligat?
953 362 1046 403 Vix
1066 375 1210 416 pauca
1237 362 1428 411 locutus,
1657 361 1742 402 100

282 423 418 475 Quod
435 426 591 476 timuit,
608 427 703 480 jam
724 431 839 469 totus
860 433 980 470 erat:
1013 442 1248 482 saevusque
1271 428 1529 478 Damastor,

278 490 353 532 Ad
374 493 655 547 depellendos
670 495 869 548 jaculum
891 495 990 536 dum
1014 500 1236 549 quaereret
1254 496 1419 547 hostes,

280 559 491 601 Germani
513 562 698 615 rigidum
718 562 838 603 misit
858 575 936 616 pro
960 576 1068 616 rupe
1091 563 1296 604 cadaver.

279 627 373 669 Hic
393 642 496 670 vero
517 631 733 671 interitum
754 631 901 672 fratris
924 631 1105 672 miratus
1126 631 1312 681 Echion,

279 695 453 736 Inscius
475 702 700 738 auctorem
722 697 823 738 dum
843 698 937 738 vult
957 702 1120 739 tentare
1141 699 1360 748 nocendo,
1664 698 1744 740 105

278 763 362 814 Te,
385 765 498 814 Dea,
519 767 729 818 respexit,
757 766 896 806 solam
919 778 1052 818 quam
1074 778 1249 806 cernere
1272 766 1380 806 nulli

278 831 361 872 Bis
381 832 532 873 licuit:
565 834 719 872 meruit
741 833 919 873 sublata
939 832 1123 873 audacia
1143 845 1320 885 poenaS,

278 898 338 939 Et
354 898 508 939 didicit
523 912 621 939 curn
640 902 780 939 morte
803 899 958 940 Deam.
1021 899 1109 940 Sed
1132 899 1333 940 turbidus
1355 900 1420 940 ira

279 966 537 1016 Palleneus,
560 967 703 1007 oculis
724 967 915 1009 adversa
936 968 1159 1009 tuentibus
1180 971 1324 1018 atrox,

278 1065 345 1094 quae
357 1058 462 1085 cautes
474 1055 581 1093 gliscit
595 1066 651 1096 per
676 1066 784 1097 corpus
799 1066 909 1088 meum
923 1058 934 1087 ?
982 1057 1061 1092 Quis
1075 1060 1183 1098 stupor
1198 1057 1310 1096 alligat
1322 1066 1370 1087 me
1385 1064 1571 1095 exsanguem
1582 1064 1650 1086 cum
1658 1057 1745 1095 peste

276 1096 397 1129 saccea?
436 1098 500 1128 Vix
519 1098 613 1135 fatus
636 1109 747 1139 pauca,
767 1101 837 1138 jam
866 1103 952 1130 totus
966 1099 1075 1131 factus
1107 1104 1174 1130 erat
1197 1099 1471 1140 qundformidavit
1482 1110 1494 1136 ;
1520 1102 1551 1129 et
1574 1098 1746 1128 Damastor

278 1142 422 1178 crudelis,
448 1143 521 1171 dum
535 1142 705 1172 rimaretur
718 1144 811 1173 telum
826 1144 866 1173 ad
886 1142 984 1173 hostes
1002 1144 1179 1183 pulsandos,
1200 1143 1293 1173 torsit
1304 1151 1414 1182 corpus
1423 1151 1550 1172 saxeum
1556 1141 1676 1178 fratris
1688 1150 1745 1180 pro

277 1186 376 1214 caute.
423 1183 489 1214 Hic
502 1188 604 1214 autem
622 1185 742 1216 Echion
758 1185 967 1226 obstupescens
987 1189 1115 1216 mortem
1122 1185 1253 1224 fratris,
1266 1185 1397 1224 ignarus
1411 1186 1485 1215 (lum
1499 1184 1585 1223 cupit
1600 1184 1746 1214 lacessere

276 1230 432 1257 auctorem
444 1227 553 1257 mortis
569 1228 640 1267 ejus
647 1228 831 1266 jaculando,
846 1230 971 1269 aspexit
988 1232 1031 1267 te,
1048 1239 1064 1259 o
1081 1229 1150 1260 Dea
1165 1228 1290 1266 Pallas,
1314 1238 1404 1268 quam
1428 1226 1544 1257 nemini
1570 1227 1677 1256 datum
1699 1228 1746 1256 est

279 1269 326 1299 bis
340 1270 443 1300 videre
458 1270 553 1300 solam
571 1281 580 1301 .-
604 1272 763 1302 temeritas
780 1272 852 1311 ejus
865 1271 1006 1302 extincta
1022 1272 1135 1302 meruit
1146 1271 1340 1312 supplicium,
1357 1274 1386 1301 et
1402 1270 1546 1308 cognovit
1562 1270 1661 1300 Deam
1678 1278 1746 1299 cum

278 1313 349 1343 leto.
386 1314 431 1343 At
459 1313 624 1343 Palleneus
643 1314 836 1346 turbulentus
849 1314 934 1345 rabie
950 1315 1064 1344 incedit
1078 1315 1214 1345 immotis
1226 1313 1321 1345 oculis
1332 1313 1498 1344 crudeliter
1512 1310 1747 1352 aspicientibus,

895 1377 1129 1389 eeeeeeeeeeee

279 1423 360 1452 tert.
386 1419 516 1450 Buslid.
544 1420 628 1451 Cod.
661 1421 780 1461 Epigr.
808 1420 926 1452 Ambr.
954 1422 1037 1453 Cod.
1054 1422 1089 1452 S.
1107 1421 1211 1458 Galli,
1226 1421 1311 1451 Exc.
1328 1420 1406 1451 Pat.
1423 1428 1492 1450 rec.
1508 1419 1590 1450 Var.
1606 1418 1674 1449 LL.
1691 1417 1746 1451 ed.

278 1462 383 1493 Antv.
421 1462 556 1492 vertitur
582 1462 802 1494 Rasum—99
828 1464 896 1499 Quo
921 1464 1015 1496 Med.
1044 1474 1112 1495 sec.
1152 1464 1230 1499 Qua>
1255 1468 1325 1494 tres
1340 1463 1438 1493 Vatt.
1462 1462 1530 1492 duo
1550 1461 1645 1493 Med.
1663 1461 1745 1494 Pur.

278 1505 347 1536 duo
363 1505 488 1536 Petav.
507 1504 573 1535 duo
590 1504 706 1536 Ambr.
721 1505 852 1537 Buslid.
869 1507 953 1538 Cod.
969 1507 1002 1538 S.
1020 1507 1112 1538 Galli
1129 1513 1163 1537 et
1178 1506 1295 1546 Epigr.
1311 1505 1431 1536 Ambr.
1443 1505 1521 1535 Vat.
1534 1504 1645 1535 Livin.
1658 1504 1747 1536 Exc.

279 1549 358 1579 Pat.
377 1557 445 1579 rec.
464 1549 607 1579 Lucens.
627 1558 678 1588 pr.
691 1549 773 1578 var.
788 1549 855 1579 LL.
871 1559 888 1578 e
903 1558 1008 1590 marg.
1023 1550 1138 1580 Parm.
1172 1549 1270 1588 serpit
1283 1548 1413 1579 anlid.
1450 1547 1563 1587 serpsit
1578 1546 1654 1577 Pal.
1693 1547 1747 1587 qui

278 1594 386 1632 torpor
400 1591 479 1621 Vat.
496 1600 546 1630 pr.
569 1595 605 1621 et
621 1594 702 1621 tert.
724 1591 798 1621 Pal.
830 1592 899 1630 qais
922 1596 992 1622 tres
1014 1592 1112 1623 Vatt.
1142 1592 1238 1622 Med.
1256 1600 1307 1631 pr.
1325 1591 1391 1622 inc.
1411 1590 1530 1621 Heins.
1548 1590 1669 1621 Petav.
1691 1598 1745 1630 pr.

280 1634 401 1664 Ambr.
434 1643 484 1673 pr.
511 1633 642 1664 Buslid.
669 1634 754 1664 Exc.
782 1634 861 1664 Pat.
888 1644 956 1665 rec.
992 1634 1067 1674 quid
1090 1634 1185 1665 Med.
1209 1643 1276 1664 see.
1293 1634 1415 1664 Petav.
1434 1642 1501 1663 sec.
1520 1631 1604 1664 Cod.
1628 1631 1746 1672 Epigr.

281 1676 510 1707 Ambr.—100
532 1678 615 1706 veste
629 1685 691 1715 pro
704 1679 790 1716 peste
803 1676 868 1707 ino.
885 1676 1004 1708 Heins.
1039 1678 1132 1716 longa
1148 1686 1210 1716 pro
1222 1687 1322 1716 pauca
1337 1676 1404 1707 duo
1421 1676 1518 1706 Vatt.
1554 1675 1645 1714 plura
1661 1675 1745 1706 Exc.

278 1720 359 1750 Pat.
377 1721 554 1749 rem—101
583 1718 668 1753 Quid
691 1719 798 1749 timuit
824 1720 904 1751 Vat.
932 1724 1043 1760 quart.
1082 1721 1230 1760 san-itque
1246 1720 1325 1750 Vat.
1340 1729 1392 1759 pr.
1408 1717 1527 1749 Ambr.
1546 1727 1598 1758 pr.
1612 1716 1698 1748 Cod.
1710 1717 1745 1749 S.

279 1762 385 1801 Galli,
409 1762 494 1793 Exc.
511 1761 590 1792 Pat.
608 1771 676 1792 rec.
714 1762 885 1793 Damastor
911 1761 1030 1794 Ambr.
1048 1772 1098 1803 pr.
1123 1768 1190 1793 vet.
1222 1762 1306 1802 Gyr.
1336 1763 1416 1793 Vat.
1434 1760 1545 1792 Livin.
1583 1761 1748 1791 Gemaster

280 1805 452 1836 Put.Var.
466 1805 536 1835 LL.
552 1803 605 1834 ed.
623 1803 729 1835 Antv.
765 1806 1024 1837 DemasterVat.
1039 1810 1150 1846 quart.
1189 1805 1355 1836 Remastor
1384 1805 1513 1835 Moret.
1540 1812 1590 1844 pr.
1629 1802 1746 1834 Jamis-

278 1851 326 1878 ter
339 1847 468 1880 Cod.J.
506 1848 659 1878 Janaster
684 1847 814 1878 anlid.
853 1849 1014 1879 Jamaster
1034 1849 1116 1880 Vat.
1139 1853 1219 1879 tert.
1246 1849 1341 1879 Rott.
1372 1848 1524 1878 Florent.
1552 1845 1646 1877 Med.
1674 1855 1745 1878 sec.

279 1890 400 1922 Ambr.
419 1895 499 1921 tert.
516 1891 602 1921 Exc.
620 1891 764 1922 LucenS.
782 1900 831 1931 pr.
864 1892 1046 1922 Jamauster
1061 1891 1184 1923 Petav.
1200 1900 1268 1922 sec.
1306 1891 1463 1921 Jemaster
1478 1889 1545 1920 dno
1562 1889 1658 1920 Vatt.
1670 1887 1746 1920 Pal.

280 1933 389 1965 Oisel.
407 1932 473 1964 duo
489 1932 582 1963 Med.
598 1933 721 1964 Petav.
736 1943 786 1973 pr.
800 1934 865 1966 inc.
884 1934 1004 1966 Heius.
1019 1934 1151 1965 Bonon.
1169 1934 1355 1965 Λὶψ-102
1377 1943 1445 1963 cum
1459 1933 1539 1963 Vat.
1557 1941 1607 1972 pr.
1624 1930 1744 1962 Ambr.

275 1986 331 2016 pr.
350 1976 435 2007 Cod.
454 1976 569 2016 Epigr.
586 1975 703 2007 Ambr.
737 1979 880 2017 torqueat
892 1977 973 2008 ictus
999 1986 1061 2017 pro
1083 1980 1233 2018 quoereret
1255 1977 1359 2007 hostes
1380 1977 1462 2006 Vat.
1485 1984 1552 2006 sec.
1589 1977 1747 2014 torqueret

276 2020 354 2050 ictos
370 2020 451 2050 Vat.
470 2024 583 2060 quart.
597 2023 633 2049 et
648 2019 865 2060 quina—104
889 2020 977 2051 Hinc
1001 2021 1094 2051 Rott.
1128 2022 1274 2051 meritam
1288 2029 1350 2060 pro
1366 2018 1530 2050 interitum
1543 2017 1610 2048 inc.
1627 2016 1752 2063 Heium·

277 2063 411 2092 miratus
443 2061 559 2093 Ambr.
590 2066 673 2092 tert.
711 2063 845 2094 miratur
870 2066 939 2093 tres
967 2064 1064 2093 Vatt.
1097 2063 1172 2095 Par.
1198 2064 1292 2094 Rott.
1316 2063 1400 2093 Exc.
1424 2061 1505 2091 Pat.
1532 2069 1601 2091 rec.
1617 2069 1662 2091 m.
1678 2068 1746 2091 sec.

279 2105 405 2136 Echion
420 2105 501 2136 Vat.
518 2105 628 2136 Livin.
666 2105 785 2136 ΕΙΙιίοη
802 2105 884 2137 Cod.
900 2106 935 2137 S.
954 2106 1056 2136 Galli.
1071 2104 1254 2137 Ald.—105
1279 2108 1414 2135 actorem
1424 2103 1492 2135 duo
1504 2102 1598 2134 Med.
1611 2101 1745 2133 Buslid.

278 2167 386 2195 ῌ106
413 2164 526 2196 Tedam
543 2174 605 2205 pro
621 2165 662 2195 Te
679 2165 750 2196 Dea
767 2169 836 2195 tres
852 2164 946 2196 Med.
988 2148 1090 2196 ΤΙιειῖα
1104 2166 1188 2195 Exc.
1204 2164 1283 2194 Pat.
1296 2172 1365 2194 rec.
1398 2163 1456 2193 soli
1471 2171 1533 2201 pro
1546 2162 1642 2191 solam
1658 2159 1745 2208 qu.

277 2207 314 2238 S.
332 2207 542 2238 Galli.—107
569 2207 681 2238 sublati
701 2207 836 2247 legebat
864 2208 983 2238 Heins.
1017 2218 1140 2248 poenam
1163 2207 1237 2238 Pal.
1262 2205 1358 2237 Med.
1380 2206 1599 2245 quarn—108
1622 2206 1745 2243 turpius

278 2259 340 2291 pro
354 2251 496 2281 turbidus
508 2249 638 2281 Buslid.
675 2251 725 2282 ira
743 2255 812 2282 vet.
836 2250 920 2291 Gyr.
939 2251 1017 2281 Vat.
1040 2251 1149 2282 Livin.
1176 2249 1261 2280 Cod.
1289 2248 1321 2278 S.
1346 2247 1449 2278 Galli.
1488 2247 1548 2277 Ida
1564 2245 1644 2277 Am.
1661 2246 1743 2277 Var.

280 2293 349 2324 LL.
374 2302 392 2323 e
416 2303 524 2333 marg.
541 2293 657 2325 Parm.
694 2294 774 2325 iram
801 2294 882 2324 Vat.
908 2303 960 2333 pr.
984 2294 1067 2324 Exc.
1083 2293 1164 2323 Pat.
1187 2301 1255 2322 rec.
1273 2300 1316 2320 m.
1334 2299 1403 2320 sec.
1431 2289 1484 2320 ed.
1499 2289 1618 2320 Parni.
1653 2288 1746 2319 Idam

277 2337 358 2366 Vat.
375 2345 442 2366 sec.
467 2342 503 2366 et
521 2341 600 2367 tert.
625 2336 701 2367 Pal.
720 2337 814 2367 Rott.
832 2335 937 2367 Oisel.
972 2336 1052 2366 Idan
1081 2335 1147 2365 duo
1169 2335 1265 2364 Vatt.
1289 2333 1411 2363 Petav.
1434 2341 1484 2372 pr.
1507 2332 1639 2363 Bonon.
1658 2329 1743 2362 Cod.

278 2379 399 2420 Epigr.
425 2378 545 2410 Ambr.
580 2378 655 2410 Idas
676 2379 797 2410 Ambr.
824 2383 905 2410 tert.
930 2378 1026 2409 Med.
1056 2378 1274 2419 quarn—109
1297 2375 1443 2406 Pallanes
1468 2374 1554 2406 Cod.
1581 2375 1615 2406 S.
1638 2373 1743 2406 Galli.

945 2447 1084 2480 NOTAE

323 2508 386 2537 100
409 2505 588 2536 Marmorea
607 2503 710 2545 peste]
746 2502 788 2535 Id
811 2507 876 2543 est,
901 2512 981 2534 saxo
1037 2505 1159 2544 pentes
1173 2509 1336 2540 annexOS,
1349 2497 1427 2539 ἔχις,
1437 2498 1534 2538 ἔχιος,
1547 2498 1667 2538 vipera.

280 2567 338 2589 seu
354 2565 534 2595 marmore,
561 2554 651 2596 quod
668 2554 776 2595 pestis
795 2554 902 2585 instar
916 2563 984 2584 ser·
1081 2555 1142 2584 107
1165 2551 1294 2582 Sublata
1309 2549 1454 2590 audacia]
1486 2548 1650 2580 Extincta
1666 2556 1744 2579 cum

280 2608 334 2649 pit
352 2616 413 2647 per
432 2615 544 2637 meum
558 2615 694 2645 corpuS.
1038 2606 1178 2634 auctore
1197 2610 1266 2632 suo,

327 2661 386 2689 101
409 2654 594 2697 Damastor]
616 2655 722 2696 Gigas
733 2653 793 2686 ἀπὸ
806 2654 862 2685 τοῦ
875 2655 983 2696 δαμᾷν,
1082 2655 1146 2684 109
1169 2650 1348 2691 Palleneus]
1371 2650 1479 2692 Gigas
1504 2649 1603 2691 alius,
1629 2647 1743 2681 forsan

280 2711 416 2740 domare.
1038 2703 1098 2736 ἀπὸ
1109 2705 1165 2742 τῆς
1177 2701 1290 2744 πάλης,
1304 2712 1323 2733 α
1334 2702 1427 2733 lucta.

325 2761 386 2790 104
412 2756 547 2798 Echion]
583 2756 689 2798 Gigas
703 2764 837 2798 quoque
858 2755 902 2787 ob
915 2764 983 2787 ser-
