1852 3182
599 226 982 258 EPIGRAMMATA.
1407 224 1519 266 1139

64 323 119 363 Et
142 324 306 365 siccum
328 323 520 374 relegens
541 321 677 361 labris
700 322 950 363 sitientibus
972 323 1133 373 orbem,

128 391 254 432 Irrita
276 390 471 443 quaesitis
493 390 645 430 oscula
665 390 757 443 figit
779 391 924 444 aquis,

1492 330 1520 369 01

56 506 191 536 parcere,
207 498 237 525 et
252 497 381 529 tangens
403 494 526 534 saepius
550 494 639 525 labiis
654 495 832 526 sitientibus
857 494 959 526 orbem
981 496 1116 534 aridum,
1137 494 1292 536 imprimit
1314 496 1414 528 oscula
1436 507 1517 529 vana

58 540 146 579 aquis
159 537 347 577 conquisitis.

693 621 927 633 eeeeeeeeeeee

57 674 187 714 limphas
213 673 324 704 Oxou.
353 683 422 705 sec.
447 674 585 715 lymphas
614 674 692 705 Put.
711 674 832 705 Petav.
851 684 901 713 pr.
931 674 1060 706 Bonon.
1089 675 1216 706 Moret.
1234 685 1284 715 pr.
1300 676 1381 706 Vat.
1412 676 1520 707 Livin.

58 717 206 756 Lympluc
222 716 288 746 duo
310 716 402 747 Med.
430 717 513 747 Exc.
533 718 674 747 Luccns.
704 727 754 756 pr.
792 718 901 747 mercis
927 717 1033 748 Oisel.
1063 716 1168 750 Hafn.
1194 717 1310 749 Ambr.
1339 722 1419 749 tert.
1436 719 1522 750 eod.

57 759 173 799 Epigr.
192 758 309 789 Ambr.
336 760 444 789 inertis
464 759 579 790 Ambr.
596 770 645 799 pr.
670 760 782 790 mentis
799 760 876 791 Vat.
892 765 973 790 tert.
990 761 1138 791 Florent.
1152 761 1273 792 Petav.
1291 764 1425 792 sec.———1
1503 772 1524 792 a

59 811 120 841 pro
136 801 226 832 Dura
239 802 320 832 Vat.
339 812 388 841 pr.
410 804 505 832 sulum
519 813 579 842 pro
591 803 662 833 solis
678 803 801 833 Moret.
821 812 868 842 pr.
892 812 1038 842 spargere
1056 813 1115 842 pro
1130 813 1254 843 parcere
1268 804 1353 834 Exc.
1368 805 1517 836 Lucens.

54 848 168 884 pin—5
194 855 387 884 ...cumpro
421 845 460 874 Et
477 846 591 875 siccum
608 846 687 876 Vat.
716 855 763 884 pr.
797 854 918 875 succum
935 845 1028 876 Med.
1057 850 1190 877 sec—6
1216 846 1306 877 ...ita
1329 856 1391 887 pro
1419 847 1522 878 Irrita

59 886 135 918 Vat.
152 896 202 927 pr.
247 887 298 926 git
316 887 390 918 Pal.
404 887 486 928 fixit
506 888 597 919 Med.
616 898 663 929 pr.
679 888 758 918 Vat.
773 887 881 919 Livin.

718 962 861 993 NOTAE

99 1027 117 1054 4
143 1024 290 1065 Parcere]
316 1025 412 1056 Inter
436 1036 548 1058 omnes
573 1036 675 1068 aquas
700 1028 758 1067 hy-
857 1028 877 1056 6
897 1026 1024 1066 Oscula]
1040 1026 1130 1067 Figit
1143 1026 1273 1058 frustra
1286 1028 1380 1069 aquis
1394 1029 1523 1070 oscula,

56 1082 124 1103 cuis
154 1085 297 1114 parcere
314 1076 448 1106 videtur
471 1077 520 1107 liis
545 1076 652 1116 guttis
669 1077 759 1115 solis,
813 1078 894 1118 quia
910 1087 975 1109 non
992 1082 1070 1109 sunt
1084 1088 1194 1120 aquae,
1211 1079 1271 1110 sed
1285 1081 1414 1121 species
1430 1091 1527 1122 quaeu.

57 1133 138 1163 quas
167 1133 232 1154 non
257 1124 407 1164 indurat,
435 1135 579 1166 quaeque
610 1127 760 1158 retinent
816 1128 894 1159 dam
911 1138 1084 1170 aquarum.

57 1174 205 1214 speciem
221 1179 393 1215 guttarum
410 1174 599 1208 fluentium.

698 1347 878 1395 LXII.

600 1495 668 1535 12.
730 1494 984 1537 ALITER.

59 1593 399 1634 MARMOREUM
423 1605 476 1632 ne
499 1606 653 1646 sperne
676 1594 868 1646 globum.
931 1595 1204 1648 Spectacula
1224 1598 1377 1639 transit

116 1659 272 1713 Regia,
295 1673 375 1700 nec
397 1660 531 1700 rubro
550 1661 680 1701 vilior
700 1661 781 1701 iste
802 1662 928 1702 mari.

59 1726 260 1768 Informis
281 1727 461 1780 glacies,
485 1740 646 1768 saxum
667 1729 790 1778 rude,
812 1729 934 1769 nulla
953 1728 1106 1781 figuroe

114 1793 292 1835 Gratia:
326 1793 406 1834 sed
433 1807 555 1835 raras
577 1796 683 1837 inter
703 1795 886 1837 habetur
908 1808 1032 1849 opes.

101 1896 151 1928 Ne
169 1898 290 1938 despice
313 1898 415 1929 orbem
437 1909 659 1937 marmoreum;
680 1905 809 1941 superat
823 1902 996 1942 spectacula
1010 1901 1142 1939 regalia,
1163 1910 1259 1941 neque
1283 1901 1335 1932 iue
1355 1899 1523 1940 ignobilior

58 1942 111 1970 est
131 1942 210 1971 mari
229 1940 331 1972 rubro.
360 1942 422 1972 Est
438 1951 561 1982 nempe
576 1944 694 1982 glucies
707 1944 850 1985 impolita
861 1955 872 1981 ;
898 1953 988 1984 rupes
1002 1944 1181 1983 indigesta.-
1204 1945 1289 1975 nulla
1306 1944 1368 1985 ipsi
1383 1947 1524 1975 venustas
1580 1949 1583 1952 ⁴

59 1986 112 2013 est
123 1982 261 2024 figuroe:
285 1986 339 2014 scd
361 1988 474 2015 tamen
495 1987 656 2025 reponitur
674 1987 756 2018 inter
771 1990 953 2018 ornamenta
972 1987 1122 2027 pretiosa.

675 2069 910 2080 eeeeeeeeeeee

102 2117 150 2149 Hi
168 2129 284 2151 versus
301 2121 335 2151 in
351 2121 430 2153 x‘at.
449 2122 558 2154 Livin.
575 2133 679 2164 supra
694 2124 798 2155 Num.
814 2133 896 2156 vin.
912 2128 990 2165 post
1013 2124 1133 2155 Auctus
1147 2123 1252 2163 honos,
1278 2125 1342 2154 aze.
1367 2123 1525 2164 legeban-

58 2163 133 2192 tur:
158 2161 192 2192 in
206 2163 286 2193 Vat.
306 2173 354 2203 pr.
373 2164 526 2196 deerant.

101 2205 118 2233 1
143 2213 180 2235 ne
195 2215 305 2244 sperne
333 2207 401 2238 inc.
418 2207 540 2239 Heius.
567 2209 691 2239 Petav.
710 2218 760 2249 pr.
791 2209 919 2240 Moret.
936 2219 987 2249 pr.
1014 2208 1149 2239 Buslid.
1177 2207 1256 2239 Ald.
1275 2209 1358 2240 Exc.
1376 2208 1522 2239 Lucens.

58 2253 111 2285 pr.
144 2256 197 2277 nec
211 2258 319 2288 sperne
332 2250 413 2280 Vat.
432 2254 511 2282 tert.
536 2251 610 2282 Pal.
628 2252 724 2282 Rott.
742 2251 850 2282 Oisel.
876 2252 1026 2283 miracula
1044 2261 1104 2291 pro
1119 2252 1292 2291 spectacula
1319 2252 1385 2281 inc.
1404 2251 1523 2283 Heius.

58 2295 102 2320 m.
117 2293 232 2329 pru—2
268 2292 357 2322 vilior
371 2292 432 2323 ista
448 2293 546 2324 Rott.
574 2294 625 2324 ille
651 2294 769 2325 Ambr.
788 2304 839 2335 pr.
866 2295 997 2325 Buslid.
1018 2293 1180 2326 Heinsius
1196 2294 1392 2325 asteriscum
1419 2302 1523 2334 appo-

61 2347 250 2375 suerim—3
274 2355 380 2376 sexum
397 2356 459 2386 pro
485 2356 593 2377 saxum
617 2347 684 2378 duo
713 2347 806 2378 Med.
829 2344 871 2379 'zln
899 2358 958 2388 pro
986 2349 1062 2379 rude
1088 2348 1182 2379 Med.
1211 2358 1261 2387 pr.
1277 2348 1397 2389 figura>
1423 2347 1523 2378 deest

61 2383 155 2418 Med.
182 2391 299 2427 pr.—-4
332 2398 420 2419 caras
445 2399 507 2430 pro
533 2399 623 2421 raras
646 2390 851 2431 conjiciebat
879 2391 1052 2422 Heinsius.
1100 2391 1138 2422 In
1156 2391 1233 2421 Vat.
1259 2391 1368 2422 Livin.
1396 2390 1450 2422 hic
1472 2399 1523 2421 se·

59 2427 246 2468 quebantur
262 2440 378 2462 versus
398 2432 512 2473 Aspice
526 2436 710 2473 porrectam,
725 2435 789 2465 διε.
807 2434 862 2475 qui
880 2434 1083 2475 legebantur
1100 2434 1206 2466 Num.
1223 2442 1274 2465 lx.

717 2509 862 2540 NOTAE

104 2568 120 2597 1
147 2568 355 2602 Marmoreum
368 2572 507 2614 globum]
532 2573 699 2604 Poculum
712 2583 762 2604 ro-
859 2577 879 2606 4
905 2575 1021 2615 Rarus]
1055 2574 1101 2604 Et
1127 2583 1246 2604 revera
1274 2572 1452 2613 crystallus
1474 2571 1522 2602 in-

62 2616 200 2648 tandum
217 2629 259 2650 ex
277 2622 453 2662 crystallo,
475 2633 552 2664 quae
580 2623 762 2664 lapidescit
818 2629 871 2656 ter
887 2624 1024 2655 divitias
1051 2624 1238 2664 exquisitas
1265 2627 1380 2663 potest
1400 2621 1520 2652 merito

61 2665 165 2697 instar
180 2672 368 2702 marmoris.
817 2675 1000 2706 recenseri.
1036 2674 1090 2706 An
1108 2673 1231 2705 fallor?
1255 2683 1294 2705 an
1312 2672 1436 2703 alicubi
1454 2670 1522 2710 legi

99 2717 125 2770 ,2
147 2715 254 2748 Rubro
268 2720 362 2760 maci]
387 2722 466 2754 Non
491 2722 589 2755 vilior
604 2728 657 2756 est
673 2733 762 2766 gem-
817 2726 985 2766 quendam
1024 2725 1103 2755 olim
1138 2724 1313 2755 inventum
1343 2730 1428 2761 esse,
1464 2720 1521 2762 qui

63 2773 125 2796 mis
141 2765 241 2797 maris
257 2768 362 2802 rubri.
818 2774 971 2815 crystalli
986 2774 1034 2805 sic
1055 2772 1313 2815 liquefaciendae
1339 2775 1447 2803 artem
1471 2778 1522 2802 re·
