1852 3182
405 211 454 240 IN
492 208 723 239 RUFINUM
761 207 854 236 Ltn.
891 208 918 236 1.
955 208 1172 237 1’R.121³.-x'1·.

106 307 219 348 Fudit]
241 305 425 347 Explicuit,
446 302 610 343 porrexit.

106 360 125 388 3
143 358 245 396 Spiris
255 353 386 393 tegeret]
411 353 573 383 Immania
588 351 629 382 de
647 352 762 382 imma-

64 408 97 438 ni
114 407 170 437 illo
181 412 329 436 monstro
343 402 523 433 commenti
537 406 615 431 sunt
630 401 761 431 Poeta‘.

62 457 171 496 Spirae
199 459 276 485 sunt
303 452 424 489 flexus,
441 461 542 492 quum
572 451 763 491 procedunt

65 506 247 536 Dracones.
298 502 412 532 Barth.

105 559 124 587 4
151 555 303 592 Tangeret
331 555 416 583 astra
439 551 540 591 jubis]
580 552 671 583 Male
689 552 762 592 qui·

63 605 139 636 (lam
166 613 240 634 cum
268 603 405 643 scriptis
435 603 602 633 nonnullis
629 603 762 641 tingeret

62 655 195 695 legunt:
220 653 308 694 quod
326 658 361 684 et
377 653 537 684 Aldinam
564 653 761 683 Editionem

59 704 193 735 insedit.
241 704 379 743 Tangere
394 703 507 742 sidera,
529 704 648 739 crelam,
664 707 762 742 astra,

60 754 192 785 obvium
209 754 298 794 apud
324 754 466 794 poetas;
492 763 553 784 uec
581 754 673 783 locus
691 753 763 783 Vir-

62 805 130 846 gilii
153 805 227 835 illos
254 805 372 844 juvat:
398 804 488 834 aliud
507 804 594 834 enim
611 804 763 842 sunguine

61 856 173 886 cultros
209 854 344 894 tingere,
396 853 487 884 aliud
533 857 618 883 astra
663 853 764 891 jubis.

63 904 268 936 Oxoniensis
297 909 410 935 tamen
435 904 519 935 liber
544 914 604 944 pro
629 903 764 935 diversa

58 956 209 987 lectione
261 959 396 994 tergeret
418 966 428 990 ;
478 955 731 995 elegantissime
754 965 762 984 ι

61 1006 150 1047 quod
182 1011 321 1047 quartus
355 1011 389 1036 et
412 1006 548 1047 quintus
575 1005 763 1036 Vaticanus

62 1066 195 1097 quoque
210 1056 415 1087 exhibebant
427 1067 434 1085 z
447 1057 508 1086 hoc
519 1060 582 1093 est,
599 1054 760 1085 Radcret.

61 1106 120 1138 lib.
139 1116 180 1136 11.
196 1108 229 1136 in
242 1107 374 1137 Stilich.
389 1107 398 1122 ‘
417 1105 531 1136 tremit
548 1105 631 1135 orbe
648 1114 763 1135 corus-

61 1156 190 1188 coJam
206 1156 335 1194 domus,
351 1161 386 1187 et
403 1165 542 1186 summae
562 1160 700 1195 tergunt
718 1156 764 1186 la-

61 1207 200 1248 quearia
217 1207 352 1238 cristae.’
396 1206 452 1237 Ita
479 1210 514 1236 et
540 1205 609 1235 illic
635 1205 763 1246 optime

63 1261 158 1288 vetus
180 1257 277 1288 liber.
301 1256 482 1296 Martialis,
498 1256 556 1287 lib.
582 1265 620 1287 ιι.
636 1257 696 1296 Ep.
712 1265 763 1288 xi.

61 1309 70 1324 ‘
89 1308 248 1348 Lugubre
267 1307 425 1348 quiddam
442 1306 530 1348 quod
554 1311 646 1338 tacet
667 1307 764 1347 piger

61 1358 186 1397 vultum,
202 1358 302 1390 Quod
331 1368 416 1397 pene
441 1363 568 1389 terram
586 1357 689 1397 tergit
717 1357 764 1387 iu-

61 1407 188 1439 decens
204 1407 327 1439 nasus!
365 1408 420 1438 Sic
436 1408 644 1438 Vaticanus:
664 1407 764 1446 vulgo

62 1459 177 1498 tangit.
226 1459 402 1497 ‘Tergere
434 1458 586 1498 palatum
616 1456 765 1497 galliua,’

62 1509 220 1547 Horatio,
251 1509 308 1540 lib.
334 1517 372 1539 ιι.
392 1508 462 1539 Sat.
489 1510 518 1538 2.
542 1508 616 1548 pari
642 1506 766 1547 siguifi-

62 1559 215 1590 catione:
240 1568 317 1589 nam
340 1559 561 1598 interpretes,
583 1558 639 1598 qui
667 1558 766 1588 aliter

63 1609 217 1649 capiunt,
231 1618 298 1639 non
315 1614 393 1639 sunt
409 1608 580 1639 audiendi.
605 1610 614 1625 ⁶
629 1609 697 1639 Vix
716 1613 765 1639 ta-

62 1669 139 1690 men
170 1659 326 1699 eripiam,
362 1659 474 1699 posito
505 1667 651 1699 pavone,
681 1658 766 1688 velis

64 1710 143 1751 quin
157 1709 233 1740 Hoc
248 1709 372 1750 potius,
383 1718 481 1750 quam
493 1709 617 1749 gallina
630 1714 766 1747 tergere

63 1760 236 1801 palatum.¹
278 1761 333 1791 Sic
352 1760 490 1791 Persius
517 1760 589 1791 Sat.
607 1769 662 1791 111.
688 1761 696 1775 ‘
717 1765 765 1789 te-

63 1820 142 1842 nero
159 1811 242 1842 latet
267 1811 360 1842 ulcus
393 1811 424 1841 in
455 1820 513 1841 ore
535 1810 658 1849 Putre,
675 1809 765 1851 quod

63 1861 150 1892 haud
187 1861 307 1893 deveat
343 1862 479 1902 plebeia
508 1861 628 1891 radere
664 1860 765 1892 beta)

62 1912 71 1928 ⁴
83 1911 229 1952 Tergere
244 1912 357 1942 limina
371 1911 522 1951 pectore‘
534 1911 651 1942 eodem
665 1911 765 1942 modo

61 1960 189 1992 Statius
207 1962 342 1992 Pietate
362 1961 584 1993 Abascantii:
604 1962 614 1978 ‘
630 1966 766 2002 tergere

62 2015 203 2051 pectore
219 2015 325 2041 curas'
337 2011 426 2051 apud
440 2010 584 2042 eundem
598 2011 768 2052 Epicedio

62 2059 229 2098 Glaucias,
243 2062 251 2077 ‘
272 2061 425 2091 Noverat
450 2060 597 2102 effigiem
625 2071 766 2102 genero-

61 2110 156 2152 sique
183 2110 289 2141 ardua
324 2111 426 2142 Blaesi
461 2111 532 2143 Ora
564 2123 660 2153 puer,
686 2113 766 2144 dum

63 2169 153 2200 saepe
181 2160 271 2191 domi
297 2171 385 2192 nova
415 2167 507 2193 serta
534 2163 694 2203 ligantem
715 2164 766 2194 Te

62 2211 169 2250 videt,
195 2216 230 2242 et
254 2212 378 2243 similes
407 2217 597 2253 tergentem
626 2218 765 2253 pectore

63 2261 184 2294 curas,¹
222 2262 276 2292 Ita
292 2261 368 2292 libri
384 2268 542 2300 veteres;
563 2263 666 2294 etiam
683 2263 765 2294 Par-

63 2311 185 2342 mensis
199 2311 306 2343 editio
329 2322 371 2343 ex
398 2313 534 2353 optimis
559 2313 765 2344 membranis

65 2369 244 2403 expressa3
270 2372 332 2393 nee
360 2362 576 2394 sollicitanda
603 2373 642 2393 ea
659 2364 765 2403 scrip-

65 2415 153 2444 tura.
220 2413 359 2453 Vulgati
394 2414 561 2444 volt-eutem
580 2424 588 2443 :
628 2418 765 2454 poterat

65 2461 182 2493 eadem
221 2463 468 2504 significatione
500 2464 636 2503 dixisse,
667 2464 766 2496 simili

64 2514 235 2552 tergentem
245 2518 369 2554 pectora
387 2525 474 2552 cura,
492 2526 554 2556 pro
570 2516 764 2555 Detergen-

66 2565 135 2593 tem
156 2573 255 2595 curas
278 2575 316 2596 ac
344 2567 531 2597 solantem:
558 2567 620 2596 uisi
638 2566 764 2607 simpli-

65 2611 153 2643 citer
168 2614 251 2644 sumi
263 2616 387 2655 mavis;
404 2617 573 2658 quomodo
587 2620 766 2657 perta-gere

66 2662 168 2692 oculos
204 2667 235 2694 et
268 2667 401 2705 pupillas
441 2676 501 2707 pro
528 2667 765 2706 Perstringere

66 2712 246 2744 Lucretius
270 2724 334 2746 non
361 2718 474 2750 semel.
519 2717 617 2748 Idem
637 2717 767 2749 Statius

67 2762 234 2804 Epicedio
248 2765 280 2795 in
294 2767 441 2798 Vernam
458 2777 616 2807 puerum:
642 2769 651 2785 ‘
667 2768 770 2799 Nune

69 2817 216 2856 tempus,
225 2815 338 2857 amici,
350 2817 501 2850 Quorum
513 2827 576 2859 ego
590 2823 768 2851 manantes

1405 199 1513 240 1231

815 301 928 331 oculos
950 306 984 331 et
1013 300 1130 330 saucia
1159 300 1241 330 tersi
1261 300 1421 339 Pectora,
1445 303 1520 334 red.

814 351 895 380 dere
919 360 1030 390 opem,
1050 360 1223 390 saevasque
1249 350 1426 380 exsolvero
1448 363 1520 390 ‹gm-

815 406 866 431 tes
881 401 900 431 ι’
920 401 974 431 ubi
998 404 1123 441 pectora
1147 404 1267 439 tergere
1285 410 1345 440 pro
1362 402 1522 439 detergere

814 452 938 491 posuit.
978 452 1091 482 Minus
1110 451 1195 482 benc
1214 461 1302 481 nunc
1320 451 1435 483 legitur
1459 455 1526 483 red·

813 503 878 532 dite
894 512 990 541 opem.
1023 501 1118 532 Iden}
1137 502 1268 532 statius
1285 501 1379 541 SylV.
1399 502 1523 535 libror.

813 552 992 583 Tiburtino
1016 553 1136 582 Manlii
1155 553 1308 592 Vopisci,
1324 554 1332 569 ‘
1352 553 1400 583 sic
1419 554 1523 585 docta

815 601 1010 642 frequentes
1039 603 1132 643 Otia,
1163 603 1211 634 sic
1244 604 1332 634 omni
1364 603 1523 635 detersus

816 658 958 692 pectora
973 653 1060 683 nube
1072 653 1189 683 Finem
1206 654 1387 684 Nestoreae
1405 664 1525 694 precor

816 702 994 742 egrediare
1028 709 1177 734 senectae
1190 703 1210 734 :’
1250 704 1418 744 quomodo
1457 705 1525 735 illic

815 763 948 794 quoque
961 753 1196 791 castigandum
1212 763 1284 784 esse
1297 764 1434 794 censeo,
1448 764 1524 786 cuin

816 813 996 842 perperam
1026 803 1195 835 scribatur
1221 805 1360 835 detectus
1388 808 1524 844 pectora.

816 855 823 869 ‘
842 854 1031 893 Detergere
1045 855 1169 885 sterilis
1183 855 1242 885 soli
1258 855 1446 894 pudorem,'
1460 856 1524 886 Via

818 904 1024 936 Domitiana.
1037 905 1139 935 Initio
1153 905 1230 935 libri
1246 915 1293 936 vr.
1304 905 1413 936 Theb.
1424 908 1432 923 ‘
1447 906 1526 936 Pul-

816 964 1019 995 vereumque
1031 953 1104 985 fera
1116 955 1242 986 crinem
1256 956 1400 987 detersit
1410 956 1523 986 oliva:’

815 1013 881 1034 non
905 1004 1059 1042 detorsit;
1083 1006 1131 1035 ita
1155 1006 1420 1044 castigaveram‚
1447 1016 1523 1037 cum

815 1053 884 1084 vidi
898 1054 1107 1085 Gronovium
1123 1060 1274 1085 nostrum
1291 1055 1322 1085 id
1336 1065 1524 1095 occupasse

809 1106 880 1146 jam
895 1105 926 1135 in
947 1105 1097 1136 editione
1114 1115 1184 1136 sua.
1223 1106 1375 1136 Detersus
1401 1109 1526 1145 pectora

814 1154 896 1186 nube
923 1164 984 1195 pro
1000 1155 1109 1186 nubem
1124 1158 1246 1196 pectore
1261 1157 1422 1186 detersus:
1444 1166 1524 1197 quo-

814 1205 916 1236 modo
932 1205 1022 1246 apud
1044 1210 1196 1236 nostrum
1220 1206 1407 1237 Consulatu
1423 1206 1524 1237 Man-

816 1256 864 1295 lii,
885 1257 893 1272 ‘
906 1255 998 1287 foedo
1016 1257 1166 1296 detergis
1184 1258 1310 1288 saecula
1328 1258 1445 1297 victu,'
1462 1268 1525 1298 pro

807 1305 928 1344 soeclum
954 1306 1071 1337 victum
1098 1308 1208 1337 saeculo
1233 1308 1384 1347 deterges.
1429 1310 1437 1325 ⁴
1457 1308 1527 1339 De·

818 1360 952 1396 tergere
984 1356 1101 1387 nubila
1128 1357 1224 1388 caelo'
1258 1357 1382 1390 Horat.
1411 1358 1469 1390 lib.
1501 1368 1526 1390 1.

817 1405 884 1436 Od.
899 1414 964 1436 vu.
980 1412 1014 1436 et
1032 1411 1149 1437 noster
1166 1406 1260 1445 alibi,
1274 1409 1282 1424 ‘
1301 1407 1472 1447 Principis
1489 1412 1525 1439 et

817 1459 894 1489 solis
918 1458 1022 1489 radiis
1039 1459 1175 1490 detersa
1199 1460 1342 1490 removit
1363 1460 1527 1491 Nubila?

817 1509 908 1550 quod
925 1512 1047 1547 tergere
1063 1510 1198 1540 dixerat
1216 1510 1316 1541 Silius
1346 1511 1431 1541 libro
1448 1520 1525 1542 xvi.

815 1559 824 1575 ‘
858 1557 992 1588 Aurora
1029 1559 1163 1590 obscuri
1215 1560 1372 1599 tergebat
1410 1561 1525 1592 nubila

817 1608 914 1639 caeli.’
960 1609 1027 1640 Sed
1065 1609 1137 1650 jam
1177 1609 1271 1640 nimii
1310 1619 1433 1640 sumus.
1480 1611 1524 1642 D.

821 1659 931 1691 Heius.

859 1713 877 1740 5
904 1710 1058 1749 Nea-uque
1075 1708 1188 1749 soluto]
1234 1708 1352 1739 Malim
1374 1710 1527 1740 solutum:

817 1759 986 1801 quomodo
1009 1759 1158 1800 optimus
1174 1759 1302 1791 Moreti
1318 1769 1378 1800 pro
1391 1760 1526 1791 diversa

816 1810 976 1841 lectione.
1022 1810 1120 1841 Idem.

859 1862 1012 1901 Nea-uque
1026 1860 1142 1900 soluto]
1173 1860 1305 1901 Nexus,
1327 1860 1447 1902 quibus
1468 1860 1526 1891 im-

817 1911 969 1952 plicabat
983 1921 1124 1951 serpens
1141 1910 1292 1951 arbores,
1308 1911 1526 1942 solvebantur
1575 1932 1578 1935 v

818 1962 889 2003 ejus
906 1965 1027 1993 morte.
1071 1962 1189 1992 Barth.

860 2015 879 2042 7
904 2011 1057 2052 Spatiosis
1073 2011 1239 2051 tractibus]
1276 2011 1340 2042 Vel
1356 2012 1526 2052 squamosis

819 2061 946 2100 primus
967 2061 1175 2092 Vaticanus:
1203 2061 1369 2102 quomodo
1396 2062 1526 2094 Statius

817 2110 922 2141 Theb.
956 2120 979 2141 1.
1026 2111 1057 2141 iu
1092 2110 1154 2140 hac
1198 2110 1273 2151 ipsa
1318 2113 1527 2152 narratione,

822 2162 832 2177 ‘
843 2161 1023 2201 squammis
1040 2170 1166 2191 annosa
1182 2164 1351 2192 terentem
1366 2161 1525 2203 Robora,'

817 2211 1011 2252 Pythonem
1029 2210 1205 2243 describit.
1249 2212 1295 2243 D.
1313 2212 1426 2245 Heius.

861 2264 880 2293 9
904 2262 1067 2302 spumavit
1097 2271 1177 2302 scepe
1202 2262 1331 2303 veneno]
1377 2263 1524 2294 Fumavit

817 2323 876 2344 sex
888 2313 1019 2352 scripti.
1046 2313 1247 2352 Patavinus,
1258 2313 1402 2354 spiravit.
1418 2313 1525 2355 Apud

816 2365 932 2395 Silium
949 2369 1061 2394 tamen
1075 2364 1133 2394 lib.
1146 2373 1194 2395 w.
1211 2366 1220 2381 ⁶
1238 2365 1363 2395 Lentus
1380 2373 1523 2395 arenoso

816 2412 995 2455 spumabat
1033 2415 1192 2455 Bagrada
1229 2423 1348 2454 campo
1372 2414 1523 2454 Viperea

817 2465 935 2496 sanie.'
982 2465 1065 2496 Mox
1102 2474 1162 2505 pro
1195 2465 1344 2505 Cephisus
1366 2465 1523 2495 meliores

819 2515 985 2557 Cephisos:
1010 2520 1046 2546 ut
1071 2515 1162 2556 apud
1190 2516 1376 2553 Lucanum,
1407 2515 1415 2531 ‘
1431 2513 1522 2545 Fati·

817 2566 895 2598 dica
919 2567 1084 2607 Cephisos
1101 2576 1188 2607 aqua
1202 2565 1222 2597 :’
1249 2569 1285 2596 et
1301 2565 1437 2606 liquidis,
1454 2573 1519 2595 non

816 2617 946 2655 uitidis‚·
968 2618 1056 2659 quod
1075 2619 1241 2659 glossema
1265 2616 1414 2648 alterius.
1460 2613 1521 2644 M·

818 2669 895 2700 tidis
911 2673 1023 2700 tamen
1042 2669 1074 2699 in
1097 2668 1205 2708 primo
1220 2668 1300 2698 Vat.
1345 2666 1388 2696 D.
1406 2663 1516 2694 lleine.

867 2719 1013 2759 Vipereo]
1041 2718 1204 2759 Pythonis
1228 2718 1269 2748 ab
1283 2715 1442 2756 Apolline
1468 2721 1521 2744 sa-

819 2769 918 2810 gittis
933 2768 1069 2800 confixi.

863 2821 904 2850 10
929 2817 1107 2859 Cephissos]
1152 2815 1291 2848 Fluvius
1316 2812 1519 2856 Delphicus,
