1851 3213
313 216 426 260 1860

315 335 392 358 suos
410 325 464 356 vix
477 325 705 366 capientibus,
721 324 920 363 scriptores.

359 377 431 408 Non
446 377 540 408 sentit
557 386 665 408 arenas
685 373 824 413 Ungula]
848 375 1018 413 Superve-

311 428 408 460 lante
424 430 580 459 nimirum
599 437 697 468 equo.
735 425 851 456 Barth.

315 508 317 510 .
355 481 419 510 549
444 477 600 517 Phaleroe]
622 476 761 515 Insigne
790 474 934 515 Regium
959 476 1018 504 aut

311 529 572 569 Imperator-ium
587 529 620 558 iu
637 527 752 567 equite.
769 526 841 557 tali.
875 525 973 555 Idem.

354 578 513 619 Spumosz's
535 574 696 615 morsibus]
721 577 818 616 Equo
838 578 1017 615 spumante

309 640 412 670 supra
429 629 582 660 admorsa
594 628 712 660 fraena.
737 627 846 658 Rufm.
860 635 899 658 Π.
916 627 925 643 ‘
940 635 1016 665 spu-

309 680 373 710 mis
394 679 568 719 ignescere
591 676 708 717 fraena,
725 677 883 708 Pulveris
899 676 1017 707 extolli

310 730 465 762 nimbos.’

351 784 416 812 550
441 779 572 819 Fumat]
596 778 762 809 Anhelitu
793 776 915 806 crebro
939 784 1017 805 con-

310 836 447 872 ceptam
466 830 677 861 iracundiam
699 830 929 858 contestante.

353 881 527 912 Eat-undant
541 878 690 917 sanguine
704 876 850 916 gemmea]
875 875 1017 906 Rectius

307 931 385 963 libri
405 931 573 971 plerique,
590 938 690 969 quam
707 928 870 957 exsudant.
887 926 945 956 lib.
960 935 1016 957 111.

308 982 351 1013 de
365 981 470 1021 Rapt.
486 981 494 996 ‘
510 979 662 1010 exundat
680 978 721 1008 ab
737 977 842 1008 ubere
860 977 1018 1017 sanguis?

308 1031 366 1063 ubi
392 1032 507 1072 plura:
540 1039 620 1060 mox
636 1030 644 1046 ‘
662 1029 743 1068 Ipse
769 1028 864 1058 labor
891 1026 1018 1067 pulvis-

308 1092 375 1123 que
399 1080 549 1121 decent,'
580 1089 645 1111 non
659 1081 743 1110 clem
767 1078 832 1108 duo
856 1078 1016 1108 Vaticani

307 1138 344 1164 et
359 1129 688 1173 Helmaestadiensis.
719 1129 763 1159 D.
783 1127 895 1159 Heins.

353 1181 507 1221 Gemmas]
542 1180 584 1211 In
618 1179 732 1209 fraenis
762 1177 1015 1218 Imperatoriis.

309 1233 403 1265 Alibi
418 1245 425 1265 :
449 1235 458 1250 ‘
478 1234 636 1273 Dumque
650 1241 731 1262 auro
746 1231 907 1270 phalerae,
925 1239 1016 1268 gem-

308 1285 371 1316 mis
389 1285 467 1315 dum
481 1283 587 1313 fraena
605 1279 786 1312 renident!
814 1278 930 1309 Barth.

350 1339 411 1365 551
440 1333 524 1374 Ipse]
548 1332 685 1362 Mutato
712 1331 745 1360 in
773 1329 1015 1360 contradictio-

306 1394 385 1415 nem
403 1384 549 1424 aliquam
567 1390 723 1412 sermone
741 1381 789 1411 sic
807 1379 910 1410 ordiri
936 1388 1016 1409 con-

308 1438 491 1465 sueverunt
505 1432 583 1464 boni
601 1432 800 1472 scriptores.
840 1429 908 1460 Hic
926 1429 1015 1460 enim

305 1486 403 1516 labor
419 1485 475 1516 ille
500 1489 536 1515 et
562 1483 671 1524 pulvis
693 1481 811 1513 sordes
831 1490 896 1512 non
919 1489 1016 1511 orna-

306 1540 423 1567 menta
437 1534 646 1566 videbantur
658 1533 798 1564 illaturi.

351 1585 536 1626 Patrisque]
583 1584 767 1624 Super-iore
804 1582 990 1615 Consulatu
1006 1592 1013 1612 z

305 1639 314 1656 ‘
334 1642 370 1668 et
396 1641 493 1676 grato
524 1645 702 1676 respersus
734 1634 876 1674 pulvere
902 1632 1016 1664 bello.’

307 1687 486 1726 Horatius,
513 1687 570 1717 lib.
597 1695 638 1716 u.
671 1686 781 1716 Can-m.
799 1688 828 1715 1.
857 1685 866 1701 ‘
886 1682 1014 1714 Audire

307 1747 445 1778 magnos
455 1738 525 1778 jani
541 1736 659 1766 videor
677 1736 804 1773 Duces,
825 1735 902 1765 Non
920 1733 1014 1764 inde-

307 1797 387 1819 coro
403 1788 544 1828 pulvere
561 1785 740 1817 sordidos!
766 1784 884 1815 Barth.

350 1839 413 1868 552
448 1836 585 1867 Rudiato
612 1834 743 1874 murice]
784 1833 874 1864 Auro
901 1832 1014 1863 textili

307 1888 533 1919 intertextum
551 1885 714 1924 intellige.
761 1886 858 1915 Idem.

350 1940 413 1968 553
441 1936 611 1976 Combibit]
635 1936 833 1967 Attractum
851 1934 956 1964 velut.

355 1988 452 2019 Vento
467 1986 638 2027 crispatur]
658 1986 697 2016 In
713 1989 928 2025 augmentum
942 1983 1014 2024 pul-

307 2038 520 2069 chritudinis.
546 2037 662 2067 Barth.

350 2092 412 2118 :355
437 2087 552 2127 Arion]
586 2088 702 2128 Equus
731 2085 881 2125 Adrasti,
907 2085 1013 2115 Filius

306 2139 437 2170 Terra».
473 2138 571 2168 Idem.

349 2192 410 2220 557
439 2189 599 2230 Cyllarus]
617 2187 769 2219 Castoris
787 2195 905 2227 equus,
923 2184 1013 2215 inter

306 2239 450 2280 optimos
467 2245 501 2269 et
517 2239 754 2269 velocissimos.

351 2289 481 2320 Flavum
506 2289 653 2319 Xanthus
667 2287 831 2328 sprevisset
848 2286 1014 2327 Achillem]

306 2340 401 2371 Nota
430 2348 484 2369 res
512 2339 555 2368 de
577 2339 727 2369 Xantho.
766 2337 898 2368 Heroes
924 2335 1014 2367 flava.

305 2399 403 2421 cama
416 2388 631 2419 inducuntur.
658 2387 776 2418 Barth.

349 2444 413 2472 558
452 2440 608 2479 Pegasus]
653 2439 841 2470 Notissima
870 2442 1014 2468 vectura

306 2491 595 2532 Bellerophontis.
619 2490 705 2520 Vide
723 2490 933 2520 Sclioliasten
948 2489 1014 2528 Ly-

305 2542 494 2584 cophronis.
527 2542 625 2571 Idem.

349 2596 412 2624 560
426 2591 710 2631 Bellerophontoetts
725 2589 944 2628 indignaretur
959 2588 1014 2618 Ιιιι-

306 2641 413 2681 benus]
424 2641 494 2680 Alii
509 2641 676 2681 Pegasum
690 2639 831 2670 Aurorae
846 2639 1012 2669 tribuunt.

349 2694 412 2722 561
437 2691 569 2731 AEthon]
601 2688 758 2720 Lucifero
787 2697 911 2729 equum
943 2687 1014 2727 dat,

306 2751 405 2783 quem
420 2741 481 2772 soli
498 2740 651 2779 Ovidius,
668 2744 703 2769 et
720 2743 815 2770 notat
839 2738 1012 2778 Hyginus,

307 2793 389 2825 Fab.
405 2801 586 2824 chxxul.
608 2791 665 2823 Ita
679 2790 863 2830 Martialis,
879 2789 939 2820 lib.
956 2797 1012 2819 111.

549 227 692 258 NOTAE
725 224 992 256 VARloRUM
1026 223 1078 254 IN
1114 223 1187 253 CL.
1221 223 1405 252 CLAUD·
1440 222 1546 251 v111.

1070 316 1172 348 ‘Jam
1202 326 1310 356 prono
1341 315 1558 346 Phaethonte
1585 313 1685 345 sudat
1711 313 1777 345 A'e'·

1072 366 1382 406 thon,Exu1·sitquc
1401 365 1494 395 ὤιξε]
1532 364 1648 395 Barth.

1112 420 1175 448 562
1200 418 1304 457 Fugat
1329 416 1452 447 hinnitu
1483 415 1601 455 stellas]
1635 416 1780 455 Elegan-

1071 467 1197 498 tissima
1224 467 1331 498 fictio.
1382 467 1427 496 Et
1458 465 1549 497 dicas
1585 465 1778 506 conspicari

1071 518 1244 559 quippiam
1262 517 1342 548 tale.
1376 517 1476 546 Idem.

1112 571 1175 599 563
1212 569 1356 608 Equitem
1384 570 1414 596 te
1443 563 1556 604 cernit]
1599 564 1777 595 Matutina

1070 619 1236 650 exercitia
1257 617 1429 659 equestria
1454 615 1618 656 intelligit
1645 614 1778 646 Princi-

1070 670 1134 711 pis.
1175 669 1274 700 Idem.

1111 723 1175 750 566
1198 720 1337 750 Ausonio
1363 718 1495 757 amictu]
1528 715 1663 748 Trabea
1692 716 1779 747 Con-

1070 769 1183 809 sulari,
1206 779 1280 809 quae
1299 769 1445 798 Romani
1471 767 1579 798 solum
1601 766 1778 806 magistra-

1069 827 1123 852 tus
1142 826 1328 861 gestamen.
1368 821 1468 851 Idem.

1112 875 1173 902 5457
1199 872 1263 901 Per
1294 871 1450 909 Ligurum
1473 869 1615 910 populos]
1643 868 1778 900 Medio-

1068 922 1136 952 lani
1153 927 1269 952 tamen
1295 921 1416 952 sumsit
1443 920 1666 951 Consulatum
1689 919 1777 949 hunc

1070 973 1255 1004 Honorius.

1112 1023 1211 1054 Solito
1235 1020 1439 1062 conspectior]
1463 1019 1666 1052 Accedente
1694 1020 1780 1050 Con·

1069 1074 1198 1104 sulatus
1222 1073 1404 1113 dignitate.
1444 1072 1515 1112 Ipsi
1532 1071 1622 1102 enim
1648 1069 1780 1100 Princi-

1068 1134 1128 1164 pes
1154 1124 1370 1165 majestatem
1393 1133 1487 1154 suam
1503 1123 1565 1153 hac
1583 1121 1777 1152 accessione

1067 1175 1199 1207 decoris
1216 1175 1333 1214 augeri
1353 1173 1561 1214 gaudebant.
1594 1171 1712 1203 Barth.

1111 1228 1174 1256 568
1198 1225 1272 1255 Alte
1300 1223 1457 1263 veherere]
1495 1222 1654 1253 Manibus
1683 1220 1778 1251 velut

1068 1280 1127 1305 aut
1155 1285 1246 1314 vere,
1269 1279 1436 1314 portatus.
1473 1273 1530 1303 Sic
1557 1281 1597 1302 11.
1622 1272 1656 1302 in
1682 1271 1780 1302 Rufi-

1066 1335 1169 1356 num:
1192 1325 1201 1342 ‘
1219 1325 1308 1355 omni
1330 1325 1403 1364 jam
1436 1323 1536 1363 plebe
1565 1321 1691 1352 redibis
1718 1319 1779 1351 Al-

1068 1376 1145 1414 tior,
1160 1380 1193 1407 et
1206 1376 1286 1406 laeta
1297 1374 1451 1404 manibus
1463 1372 1644 1413 portabere
1658 1369 1776 1411 vulgi?

1111 1426 1230 1457 Nireus
1256 1425 1408 1464 cohortes]
1458 1422 1609 1454 Militem
1638 1420 1777 1452 honoris

1068 1487 1146 1517 ergo
1175 1476 1331 1516 Principi
1356 1485 1414 1506 suo
1444 1477 1610 1514 togatum.
1659 1471 1778 1503 Alibi:

1068 1529 1076 1544 ‘
1096 1528 1252 1568 ridetque
1271 1531 1406 1566 togatus
1422 1525 1540 1563 Miles,
1553 1528 1588 1554 et
1603 1523 1637 1553 in
1655 1523 1776 1554 mediis

1068 1576 1209 1618 effulget
1235 1576 1338 1607 Curia
1364 1574 1511 1607 castris!
1548 1574 1695 1605 Militem
1726 1573 1778 1614 ip-

1067 1638 1139 1658 sum
1175 1627 1320 1659 candido
1347 1626 1466 1657 habitu
1497 1635 1591 1656 usum
1621 1623 1776 1656 indicat!

1068 1678 1186 1709 Barth.

1112 1732 1178 1759 569
1215 1728 1319 1759 Pubes
1344 1729 1440 1758 electa
1466 1724 1605 1764 lacertis]
1641 1724 1777 1755 Morem

1067 1778 1265 1817 gestationis
1293 1777 1327 1808 in
1359 1787 1445 1808 novo
1487 1775 1637 1807 Consule
1672 1784 1776 1815 supra

1067 1828 1320 1860 illustravimus.
1345 1828 1453 1858 Lecta
1470 1836 1615 1867 corpora
1630 1825 1695 1857 hoc
1720 1834 1778 1866 ge-

1066 1889 1128 1909 nus
1146 1879 1247 1910 rebus
1264 1878 1416 1908 adhibita
1435 1881 1563 1908 uotum.

1110 1933 1173 1961 570
1200 1930 1337 1960 Numina
1374 1927 1549 1968 IlIemphis]
1587 1928 1715 1958 Statuae
1742 1930 1778 1957 et

1067 1980 1196 2020 effigies
1219 1981 1370 2010 Deorum
1388 1978 1586 2010 solennibus
1604 1977 1724 2008 (liebus
1741 1977 1775 2007 in

1066 2031 1238 2072 publicum
1257 2029 1514 2061 deferebantur.
1545 2027 1665 2059 Barth.

1111 2083 1171 2111 571
1199 2079 1433 2119 Peneo-aribus]
1458 2078 1585 2119 Adytis
1607 2077 1775 2108 fanorum.

1066 2132 1163 2161 Idem.

1109 2183 1173 2211 572
1197 2179 1328 2220 Brevis]
1353 2180 1499 2211 Minuta.
1525 2179 1624 2210 Idem.

1109 2235 1172 2263 573
1197 2233 1334 2271 Liniger
1357 2230 1513 2269 sacerdos]
1545 2229 1630 2260 Lino
1655 2227 1773 2258 amir-ti

1065 2283 1270 2314 Sacerdotes
1288 2280 1451 2322 AEgyptii.
1486 2279 1650 2310 Gratius:
1665 2279 1673 2293 ‘
1691 2286 1772 2317 ope—

1065 2338 1140 2364 rata
1155 2343 1215 2363 suo
1231 2341 1329 2362 sacra
1343 2331 1384 2361 ad
1402 2328 1569 2360 Bubastia
1580 2327 1648 2358 lino
1659 2327 1774 2358 Vesti-

1066 2389 1123 2415 tur
1139 2383 1274 2423 sonipes
1290 2381 1399 2412 aestivi
1415 2378 1512 2410 turba
1530 2377 1684 2417 Canopi.’
1715 2377 1774 2408 So-

1064 2435 1204 2474 nipedem
1222 2433 1353 2463 turbam
1369 2434 1468 2462 vocat
1483 2439 1500 2459 a
1515 2428 1677 2468 crepidis,
1690 2437 1772 2468 quas

1065 2484 1250 2516 Antistites
1279 2483 1353 2513 illos
1375 2485 1527 2522 gestasse
1555 2483 1676 2510 auctor
1702 2478 1790 2509 He-v

1065 2535 1215 2565 liodorus
1248 2543 1325 2564 cum
1357 2532 1442 2562 aliis.
1486 2529 1637 2561 Tunicas
1664 2528 1771 2559 lineas

1066 2586 1214 2625 prolixas
1246 2582 1350 2613 fuisse
1377 2583 1502 2612 clarum
1527 2590 1570 2612 ex
1596 2579 1771 2621 Appiano,

1065 2635 1165 2667 Civil.
1183 2643 1234 2665 ιν.
1261 2635 1359 2665 Idem.

1107 2684 1256 2723 Liniger]
1280 2684 1382 2715 Isidis
1399 2682 1595 2713 sacerdotes
1612 2689 1680 2712 non
1703 2679 1771 2711 alia

1065 2746 1162 2776 quam
1180 2736 1269 2766 linea
1296 2738 1390 2765 veste
1412 2733 1619 2764 utebantur:
1642 2730 1733 2762 unde
1750 2739 1770 2760 a

1064 2786 1225 2817 Martiale
1243 2790 1277 2816 ct
1292 2784 1462 2817 Juvenale
1480 2782 1628 2823 Linigeri
1649 2788 1770 2813 vocan-
