1851 3213
314 231 428 274 1090

313 335 448 377 Levis
470 335 516 375 in
538 337 776 375 extremum
798 345 894 372 sese
918 331 1124 384 producit
1146 342 1344 371 acumen.

314 404 403 445 Sed
425 416 511 444 non
531 403 628 443 haec
652 402 774 442 acies
793 402 879 441 ritu
903 399 1127 453 sylvestris
1150 398 1293 438 echini

314 471 430 512 Fixa
448 475 614 511 manet:
643 469 805 510 crebris
826 469 1070 520 propugnat
1085 466 1280 519 jactibus
1299 464 1433 513 ultro,

313 538 370 579 Et
388 539 514 591 longe
536 550 616 578 sua
633 536 831 576 membra
853 534 976 586 regit,
1001 536 1250 585 tortumque
1272 545 1349 585 per
1371 543 1499 573 auras

312 605 472 646 Evolat
491 616 684 645 excusso
705 603 904 643 nativum
924 601 1089 641 missile
1111 605 1249 652 tergo.

315 673 540 713 Interdum
562 671 746 723 fugiens,
765 669 1029 710 Parthorum
1051 680 1184 716 more,
1210 669 1461 720 sequentem

315 739 557 780 Vulnerat:
591 737 819 784 interdum,
841 736 1001 788 positis
1022 735 1143 775 velut
1164 733 1315 774 ordine
1338 733 1514 783 castris,

311 805 568 847 Terrificum
594 805 730 843 densa
751 815 1002 843 mucronem
1024 802 1224 842 verberat
1245 800 1379 850 unda,

312 873 368 914 Et
391 871 730 922 consanguineis
754 869 991 909 hastilibus
1011 871 1187 921 asperat
1207 880 1363 908 armos.

313 941 482 981 Militat
501 950 629 978 omne
649 937 752 977 ferae
776 948 955 989 corpus,
978 935 1233 988 vibrataque
1254 947 1390 976 rauco

310 1007 453 1059 Terga
472 1006 645 1058 fragore
669 1009 843 1045 sonant.
904 1004 1107 1044 Stimulis
1129 1016 1320 1044 accensa
1339 1003 1538 1044 tubarum

767 239 842 269 CL.
876 236 1160 268 CLAUDIAM
1194 235 1313 266 XLV.

1722 933 1781 976 25

309 1175 342 1197 se
355 1166 387 1195 in
393 1164 492 1206 finem
507 1163 728 1194 acuminatum.
751 1164 797 1193 At
811 1172 881 1193 vero
897 1162 947 1193 hic
963 1164 1036 1193 ordo
1053 1162 1259 1203 spiculorum
1276 1173 1336 1193 uon
1345 1165 1485 1193 remanet
1495 1162 1608 1203 affixus
1621 1159 1653 1190 in
1667 1168 1782 1190 morem

310 1207 411 1238 echini
425 1208 575 1245 agrestis:
594 1206 738 1246 Hystrix
754 1206 882 1236 dimicat
897 1209 1014 1246 sponte,
1031 1206 1150 1245 procul
1165 1206 1312 1244 conjectis
1337 1205 1414 1236 telis
1430 1204 1661 1244 frequentibus,
1685 1205 1716 1233 et
1732 1203 1782 1233 (le-

302 1250 411 1288 senclit
425 1251 530 1289 procul
541 1259 629 1279 suum
646 1258 766 1288 corpus,
789 1251 818 1278 et
842 1249 993 1288 spiculum
1015 1249 1160 1279 naturale
1176 1252 1347 1279 contortam
1374 1258 1415 1278 ex
1432 1248 1504 1288 ejus
1522 1250 1610 1285 tergo
1627 1254 1783 1284 concusso,

311 1294 469 1324 emittitur
479 1302 535 1332 per
550 1293 662 1322 aerem.
695 1292 872 1331 Aliquando
885 1291 1031 1330 Hystrix
1047 1290 1214 1331 effigiem,
1230 1292 1332 1322 instar
1344 1291 1546 1327 Parthorum,
1567 1289 1690 1319 sauciat
1711 1296 1780 1327 per·

309 1338 500 1375 sequentem:
514 1335 690 1374 aliquando,
703 1335 782 1363 velut
795 1334 874 1363 serie
886 1333 1030 1373 quadam
1047 1334 1158 1363 castris
1173 1334 1344 1372 dispositis,
1353 1332 1435 1370 ferit
1452 1332 1651 1362 multitudiue
1666 1339 1782 1369 magna

310 1388 445 1408 suorum
463 1377 670 1416 spiculorum
698 1376 822 1413 gladios
847 1380 1059 1413 venatorum,
1080 1379 1110 1405 et
1126 1376 1210 1405 acuit
1226 1376 1367 1405 humeros
1386 1384 1462 1405 suos
1478 1374 1607 1413 spiculis
1628 1371 1781 1412 cognatis.

313 1422 433 1460 Corpus
449 1422 548 1450 totum
565 1418 671 1448 bestia?
682 1421 818 1458 pugnat,
839 1422 868 1448 et
891 1418 1016 1447 dorsum
1038 1417 1109 1457 ejus
1131 1418 1298 1457 impulsum
1314 1420 1437 1448 resonat
1451 1425 1520 1447 cum
1535 1425 1627 1447 rauco
1635 1414 1783 1454 fremitu.

930 1511 1164 1523 eeeeeeeeeeee

310 1587 390 1619 Ald.
412 1587 484 1617 soloe
496 1586 608 1625 prima>
624 1584 742 1616 Ambr.
761 1589 841 1616 tert.
863 1596 972 1626 pennoe
989 1590 1055 1617 vet.
1080 1586 1165 1626 Gyr.
1192 1587 1314 1617 Petav.
1338 1596 1406 1617 sec.
1424 1585 1505 1617 Cod.
1523 1585 1642 1626 Epigr.
1661 1585 1783 1617 Ambr.

308 1630 407 1671 spinae
423 1629 555 1660 anlid.
575 1638 690 1667 pztgnoe
705 1628 783 1659 Vat.
801 1633 880 1659 tert.
898 1629 1047 1660 Florem.
1062 1629 1155 1660 Med.
1173 1639 1239 1659 sec.
1267 1639 1369 1668 pamoe
1385 1629 1479 1660 Med.
1497 1631 1698 1670 quart.-—16
1722 1628 1785 1659 Le-

308 1674 359 1703 nis
375 1673 454 1702 Vat.
472 1680 538 1701 sec.
556 1671 630 1701 Pal.
649 1671 743 1702 Rott.
761 1675 830 1701 tres
846 1670 940 1701 Med.
957 1672 1022 1702 inc.
1040 1671 1162 1702 Heius.
1179 1672 1257 1702 Put.
1282 1670 1348 1702 duo
1374 1672 1494 1703 Petav.
1512 1673 1641 1702 Bonon.
1662 1671 1782 1702 Ambr.

309 1725 362 1756 pr.
379 1715 462 1745 Lov.
481 1714 606 1743 Moret.
626 1722 675 1752 pr.
695 1712 807 1744 Oxou.
835 1723 902 1744 sec.
928 1714 1014 1745 Cod.
1043 1715 1159 1754 Epigr.
1186 1714 1306 1744 Ambr.
1339 1715 1485 1754 producit
1507 1715 1540 1745 in
1566 1724 1687 1744 amnem
1701 1714 1784 1745 Vat,

309 1761 390 1789 tert.
406 1757 554 1787 Florent.
592 1754 629 1784 τὸ
655 1765 781 1786 acumen
804 1755 925 1786 deerat
944 1757 1124 1788 Rott.—17
1139 1757 1244 1793 facies
1258 1757 1354 1788 Med.
1369 1767 1437 1788 sec.
1473 1757 1576 1788 achim
1593 1757 1659 1787 duo
1685 1755 1782 1789 Med.

308 1802 394 1830 —18
419 1802 541 1829 manent
563 1798 676 1837 lsspigr.
695 1797 814 1829 Ambr.
835 1800 997 1838 propulsat
1012 1798 1127 1830 Ambr.
1145 1804 1225 1831 tert.
1246 1799 1427 1840 proepungit
1443 1800 1643 1840 conjecerat
1660 1799 1785 1830 Heius.

308 1842 423 1873 ictibus
447 1842 574 1872 Mor-et.
602 1850 651 1880 pr.
679 1840 800 1872 Petav.
828 1850 894 1872 sec.
913 1841 996 1872 Cod.
1014 1843 1132 1882 Epigr.
1151 1841 1270 1873 Ambr.
1310 1843 1393 1872 ultra
1411 1843 1579 1874 Low—19
1602 1842 1687 1881 regit
1702 1842 1785 1874 Vat.

310 1895 378 1916 sec.
413 1884 493 1922 tegit
523 1883 615 1913 Med.
643 1888 755 1923 quart.
780 1883 845 1914 inc.
874 1883 992 1915 Heius,
1019 1885 1101 1915 Pnt.
1126 1885 1248 1916 Petav.
1271 1895 1339 1916 sec.
1357 1886 1487 1916 Bonon.
1503 1881 1629 1916 Moret.
1647 1894 1698 1924 pr.
1715 1884 1783 1915 duo

309 1926 431 1959 Ambr.
448 1927 532 1957 Exc.
561 1926 705 1956 Lucens.
734 1935 784 1966 pr.
819 1929 991 1966 tortumque
1014 1928 1108 1957 Med.
1128 1938 1194 1958 sec.
1226 1931 1383 1968 totumque
1412 1929 1506 1958 Rott.
1536 1928 1688 1958 Floreat.
1715 1926 1784 1958 duo

309 1970 406 2001 Med.
434 1969 554 1999 Heins.
580 1968 625 1998 H.
655 1974 689 1998 et
717 1968 783 1998 inc.
812 1968 919 2008 ejusd.
947 1970 1027 2000 l'nt.
1051 1970 1173 2000 Petav.
1203 1981 1253 2010 pr.
1283 1971 1408 2001 Moret.
1433 1980 1483 2010 pr.
1501 1971 1611 2001 Oxon.
1628 1971 1784 2000 sec.—2o

309 2022 436 2043 excusso
451 2012 530 2042 Vat.
556 2010 668 2041 Livin.
705 2011 810 2040 emisso
826 2012 1042 2042 Buslid.—2l
1067 2016 1245 2052 sequentum
1269 2013 1344 2043 Pal.
1372 2012 1439 2043 duo
1462 2012 1642 2043 Med.-—23
1666 2021 1786 2043 mucro-

308 2065 382 2086 num
406 2055 489 2084 Exc.
507 2054 647 2084 Lnoens.
667 2063 717 2093 pr.
746 2054 904 2084 Heinsius
922 2054 1066 2094 conjicit
1081 2057 1206 2086 densam
1222 2065 1399 2086 mucronum
1413 2066 1441 2086 v.
1455 2056 1580 2092 undam,
1595 2055 1648 2085 vel
1680 2054 1785 2085 Terri-

300 2097 400 2139 ficum
413 2098 514 2128 ‹lensoe
528 2106 700 2126 mucronem
717 2096 875 2126 everberat
891 2099 1079 2128 ¹muster-24
1095 2100 1335 2137 consanguineos
1346 2099 1427 2129 Lov.
1445 2108 1489 2128 ni.
1505 2107 1556 2138 pr.
1572 2108 1640 2128 cum
1655 2097 1784 2137 sangui-

309 2141 376 2170 neis
392 2140 457 2170 dno
485 2139 579 2169 Med.
607 2145 675 2170 vet.
693 2139 777 2178 Gyr.
795 2139 910 2170 Oxon.
937 2149 1005 2170 seo.
1039 2143 1141 2170 armat
1164 2150 1225 2180 pro
1241 2151 1344 2171 armos
1360 2140 1572 2171 anlid.-25
1597 2140 1782 2180 virgamque

273 2183 276 2187 '
310 2182 519 2214 Banu—26
540 2181 634 2212 simzd
660 2184 689 2212 et
714 2191 776 2222 pro
791 2182 927 2212 stimulis
942 2182 1073 2213 Buslid.
1096 2183 1244 2221 ferarum
1271 2183 1405 2215 Buslid.
1423 2184 1505 2214 Var.
1522 2184 1591 2215 LL.
1606 2183 1661 2214 ed.
1678 2181 1784 2215 Antv.

969 2302 1001 2332 N
1008 2301 1109 2333 OTAE

354 2384 394 2412 17
419 2381 500 2412 Ritu
514 2381 674 2422 sylvestris
690 2380 806 2420 echini]
829 2381 970 2422 Spicula
986 2382 1019 2412 in
1075 2383 1293 2422 spiculorum.
1332 2382 1495 2413 Heinsius
1509 2381 1615 2423 legit:
1642 2379 1785 2422 Terrfflci

311 2432 474 2473 Hystrice
489 2441 555 2462 non
584 2435 763 2462 remanent
785 2430 899 2470 affixa,
925 2437 962 2462 nt
985 2432 1019 2462 in
1073 2434 1198 2463 densam
1225 2433 1377 2463 mucronis
1410 2432 1550 2462 verberat
1573 2431 1711 2467 undam;
1747 2429 1783 2460 id

311 2484 442 2516 Echino
465 2483 636 2524 sylvestri,
666 2483 726 2514 sed
754 2483 796 2514 ab
828 2493 867 2514 eo
894 2483 945 2514 ita
973 2485 1019 2514 vi-

309 2534 467 2573 brantur,
482 2538 519 2564 ut
542 2534 644 2564 etiam
668 2533 767 2574 longe
784 2543 866 2571 sese?
881 2537 1019 2564 tueatur

312 2588 416 2626 atque
436 2588 607 2624 protegat.

354 2638 395 2666 23
415 2636 595 2665 Macronem
612 2633 768 2673 verberat]
800 2634 960 2673 Verberat,
972 2633 1020 2664 fe-

311 2684 369 2724 rit,
385 2685 519 2724 repellit
544 2684 730 2714 terribilem
748 2693 932 2722 mucronem,
960 2693 1020 2713 sen

312 2734 461 2775 gladium
487 2734 679 2765 venatoris:
715 2735 809 2764 densa
835 2735 929 2771 unda,
957 2744 1021 2765 ceu

313 2784 500 2818 undantiet
511 2784 641 2826 ingenti
653 2783 871 2816 multitudine
883 2793 1020 2816 suorum

1075 2487 1140 2521 est,
1172 2483 1325 2512 retundit
1356 2482 1495 2512 densam
1527 2480 1783 2512 multitudinem

1075 2532 1279 2571 gladiorum,
1294 2532 1415 2572 quibus
1431 2533 1572 2572 petitur.
1657 2529 1660 2531 Δ

1115 2585 1156 2613 24
1183 2582 1428 2621 Consanguineis
1444 2580 1624 2620 hastilibus]
1658 2581 1699 2611 Et
1715 2580 1783 2621 spi-

1074 2633 1168 2671 culis,
1191 2643 1266 2672 qnae
1285 2637 1361 2662 sunt
1387 2633 1508 2662 similia
1526 2631 1665 2671 spiculis
1683 2640 1784 2662 vena·
1844 2652 1845 2663 η

1075 2688 1200 2718 torum,
1214 2684 1306 2714 acuit
1316 2693 1429 2723 armos,
1442 2693 1501 2714 seu
1515 2684 1670 2714 humeros
1682 2692 1780 2714 suos:

1076 2734 1129 2763 vei
1145 2734 1381 2773 consanguineis
1396 2734 1571 2772 hastilibus,
1584 2732 1619 2763 id
1635 2736 1700 2771 est,
1716 2731 1784 2772 spi·

1074 2784 1158 2816 culis
1175 2793 1291 2816 secum
1302 2783 1391 2817 natis
1405 2784 1439 2815 in
1456 2783 1576 2816 eodem
1592 2781 1768 2824 sanguine.
