1852 3182
536 218 584 248 ΙΝ
621 217 849 247 RUFmUM
884 216 980 245 [1113.
1016 217 1046 246 Ι.

67 327 137 349 ram
163 327 201 349 ac
227 317 389 348 minacem
417 313 548 345 stellam
564 312 584 342 :'
609 310 698 352 quod
723 321 763 340 ex

66 368 108 399 iis
137 367 329 399 observavit
360 364 475 396 Natal.
504 363 598 394 Com.
630 370 708 392 viu.
731 364 762 391 9.

66 418 312 456 tamenEurip.
327 417 359 445 in
375 415 497 444 Oreste
507 417 628 443 contra
645 412 763 450 sentit,

65 469 159 509 cujus
176 469 283 499 locum
301 464 374 495 vide
393 462 482 503 apud
501 462 629 492 Muret.
644 462 678 491 in
692 470 762 491 var.

67 517 146 548 lect.
165 526 213 547 νι.
230 518 280 546 12.
303 513 457 544 ναυτίλοις
476 511 634 551 σωτήριος,
647 512 763 541 sulum-

65 568 110 599 ris
135 567 248 598 nautis.
277 565 459 605 Comparat
485 573 565 604 ergo
593 562 760 602 Rempub.

65 618 162 649 navi:
184 621 221 649 ut
234 615 356 647 Horat.
374 616 430 646 lib.
445 624 468 646 ι.
501 614 568 645 Od.
584 616 634 644 14.
672 612 760 643 Rufi-

63 678 140 699 num
167 666 385 706 tempestati3
420 665 654 702 Stilichonem,
682 663 761 694 Cas-

63 717 201 757 toribus,
217 722 274 748 aut
291 717 448 747 Helenae.
482 716 626 754 Dempst.

101 769 166 798 276
191 767 359 797 Ostendet-e
373 766 452 806 Dei]
476 764 622 795 Ostendi
640 770 693 794 est
710 772 761 793 su-

61 817 131 848 bito
147 827 166 848 a
180 817 254 848 Diis
268 815 406 848 adferri.
451 816 499 847 Ut
523 815 566 845 de
595 814 761 845 Marcello

59 866 242 907 Virgilius:
279 865 502 897 ‘Ostendent
540 864 638 895 terris
673 861 760 894 hunc

60 922 191 949 tantum
205 915 302 948 fata!

104 967 248 998 Geminis
261 977 328 1007 ‹111ae
344 967 429 1006 lapsa
450 964 607 1005 procsllis]
639 965 762 1004 Lapsa·

59 1017 182 1049 hunda.
204 1018 321 1048 Simile
339 1016 381 1046 de
399 1016 531 1046 duabus
549 1014 760 1054 tempestati-

61 1068 121 1099 bus
149 1078 269 1100 navem
296 1065 571 1098 concutientibus
586 1065 711 1104 legitur
726 1063 759 1093 in

57 1117 258 1148 Themistio.
320 1118 411 1145 Coeca
441 1113 610 1153 significat
642 1113 761 1143 obscu-

57 1176 138 1199 ram.
157 1176 206 1197 Ν,
263 1165 432 1196 flendam.
477 1164 592 1194 Barth.

101 1217 244 1248 Geminis
262 1225 330 1256 quae
353 1216 434 1245 lassa
456 1212 613 1254 procellis]
647 1212 760 1252 Vulgo

24 1267 28 1306 J
57 1269 151 1308 lapsa.
195 1266 297 1298 Unde
327 1275 437 1306 quassa
471 1265 549 1295 olim
580 1263 757 1304 legebam:

56 1323 96 1349 ut
136 1326 252 1358 quassoe
296 1319 380 1347 rates
425 1314 515 1355 apud
554 1314 758 1345 Horatium:

6 1377 8 1383 ’
55 1375 63 1385 ·
80 1369 227 1401 Quassas
253 1367 402 1407 eripiunt
426 1366 616 1406 aequoribus
634 1371 724 1396 rates
742 1366 762 1397 ε’

57 1423 92 1450 et
108 1418 197 1459 apud
214 1417 373 1456 Statium,
395 1418 403 1433 ‘
422 1416 646 1456 blandamque
667 1416 760 1457 quie-

58 1475 126 1500 tem
141 1469 291 1499 Intravit
304 1477 370 1498 non
383 1476 505 1507 quassa
518 1467 600 1497 ratis
614 1467 633 1496 :'
657 1472 759 1507 utque

58 1518 180 1558 passim
207 1517 333 1558 poetae.
372 1517 473 1547 Nunc
488 1522 633 1556 quatuor
656 1516 760 1555 scrip·

56 1576 108 1601 tos
136 1578 260 1610 sequor
289 1572 325 1598 et
349 1567 483 1598 Barthii
512 1567 759 1607 conjecturam,

56 1630 132 1651 cum
169 1619 280 1660 primo
309 1618 500 1649 Vaticano:
533 1618 605 1657 ipse
645 1623 758 1648 tamen

55 1670 216 1702 Barthius
244 1669 474 1710 conjecturam
499 1668 585 1699 hanc
603 1668 758 1699 secundis

54 1721 144 1753 curis
159 1721 297 1752 videtur
313 1719 502 1759 damnasse,
513 1728 591 1750 cum
605 1719 677 1759 ejus
691 1728 758 1749 non

55 1771 257 1803 meminerit.
299 1771 390 1802 Stat.
413 1769 521 1801 Theb.
539 1778 564 1800 1.
587 1770 596 1786 ‘
614 1769 759 1801 lassatis-

57 1831 120 1863 que
136 1821 195 1853 diu
209 1826 323 1852 tamen
340 1829 423 1851 aura
445 1824 619 1860 superstes
635 1819 758 1850 Immo-

55 1872 141 1905 ritur
152 1872 260 1904 velis!
304 1872 350 1903 D.
368 1871 481 1902 Heius.

99 1924 241 1956 Geminis
253 1923 409 1965 procellis]
426 1924 584 1955 Fortasse
593 1922 757 1954 undarum

55 1979 90 2006 et
107 1975 213 2006 venti.
257 1975 380 2006 Delrz'o.

97 2026 160 2054 278
184 2023 345 2063 Inachius]
367 2024 487 2055 Inachi
502 2033 617 2064 nepos,
648 2023 757 2054 Fabu-

55 2075 122 2105 lam
138 2074 314 2114 eleganter
330 2073 443 2104 doctis
470 2073 623 2104 versibus
647 2074 757 2104 Mani-

54 2125 118 2156 lius
134 2125 318 2165 expressit,
333 2128 371 2155 ut
388 2128 423 2155 et
440 2124 545 2155 Ovid.
592 2124 689 2155 Idem.

96 2177 161 2206 279
186 2173 301 2213 Pecus]
325 2174 449 2205 Omnia
466 2174 595 2204 marina
607 2178 759 2205 monstra

55 2224 170 2265 pecori
197 2223 351 2263 Neptuni
376 2223 629 2264 adscribebant,
655 2229 691 2256 et
717 2225 758 2256 iis

0 2296 1 2323 i
53 2278 225 2315 pastorem
240 2273 439 2305 Protheum.
469 2273 634 2305 Horatius
651 2274 693 2305 de
710 2275 760 2306 di-

54 2324 169 2356 luvio:
193 2325 203 2341 ‘
218 2323 329 2355 Omne
351 2333 428 2354 cum
455 2324 625 2355 Protheus
651 2333 756 2364 pecus

55 2373 128 2414 egit
164 2374 251 2405 altos
280 2373 403 2405 Visere
429 2373 587 2405 montes.'
645 2374 758 2405 Etiam

55 2427 263 2456 monstrosos
280 2425 459 2465 plerosque
473 2424 627 2455 homines
643 2434 683 2455 eo
701 2434 758 2455 na-

55 2478 118 2506 tos.
153 2475 296 2515 Gellius,
316 2483 378 2505 xv.
400 2477 454 2505 21.
493 2474 623 2505 Fabula
636 2475 757 2506 Persei

55 2525 146 2566 apud
161 2526 352 2566 Higynum,
369 2535 400 2556 c.
413 2527 465 2556 64.
499 2524 756 2565 Apollodorum,

53 2574 114 2605 lib.
130 2583 172 2606 11.
201 2575 305 2606 Ovid.
322 2574 379 2606 lib.
394 2583 445 2606 ix.
494 2574 606 2607 Barth.

98 2625 162 2653 280
185 2623 318 2665 Rigida]
349 2623 404 2655 Ab
420 2622 546 2655 effectu
562 2623 653 2664 quod
669 2622 757 2654 obri-

57 2672 243 2714 gescebant
266 2675 300 2704 in
319 2674 466 2716 Lapides
482 2674 540 2717 qui
556 2684 629 2705 eam
646 2675 756 2706 intue-

59 2721 195 2754 bantur.
239 2722 336 2754 Idem.

100 2774 163 2803 282
198 2771 358 2813 Suspensae
379 2773 530 2816 virginis]
559 2774 756 2816 Suspensio-

1403 208 1419 247 l
1431 208 1514 249 257

816 318 892 340 nem
918 313 1030 339 autem
1056 307 1306 347 elegantissime
1329 305 1514 349 descripsit

815 359 1171 397 Mauilius‚cun1dixit
1188 369 1194 388 :
1220 359 1228 374 ‘
1247 358 1290 387 Et
1303 367 1401 387 cruce
1417 359 1515 397 virgi-

813 420 877 441 nea
893 411 1058 442 moritura
1075 410 1186 450 puella
1204 408 1388 449 pependit!
1411 411 1515 441 Velut

812 460 845 490 in
862 461 1017 500 patibulo
1034 469 1196 501 expansa.
1243 459 1339 490 Idem.

856 512 953 552 Egit]
978 512 1114 553 Adegit.
1139 514 1238 544 Idem.

855 562 1016 602 Suspensoe
1030 562 1176 602 virginis]
1197 562 1433 602 Andromed1s‚
1445 572 1516 605 seu,

813 617 851 642 ut
865 612 1032 643 nonnullis
1057 613 1183 653 placet,
1202 623 1330 653 sospes,
1348 623 1423 654 quae
1449 623 1515 644 non

813 671 887 693 cum
905 666 1057 693 monstro
1080 663 1210 693 marino
1235 667 1325 693 esset
1341 663 1515 703 exposita;

813 713 873 743 sed
889 713 1022 743 demum
1036 713 1242 753 interempto
1257 717 1346 753 ceto,
1360 713 1517 755 liberata,

813 763 932 794 Persei
949 763 1097 803 conjunx
1114 762 1190 795 fuit.
1234 764 1361 796 Deli-io.

854 815 916 843 ‘283
945 812 1071 852 Tacent]
1109 813 1164 844 Sic
1191 813 1408 854 Panegyrico
1432 815 1516 846 Pro-

814 862 884 893 bini
913 868 948 894 et
977 863 1134 903 Olybrii:
1174 865 1325 896 ‘Taceat
1363 866 1516 897 Nereida

812 919 953 954 nuptam
971 914 1116 945 Peleus!
1163 915 1279 946 Barth.

854 968 915 995 284
953 965 1067 1004 Actus]
1107 965 1245 995 Nobilia
1283 971 1316 997 et
1354 967 1515 997 memoria

812 1015 913 1055 digna
931 1020 1040 1053 gesta.
1086 1016 1253 1055 Lucanus,
1278 1017 1334 1048 lib.
1350 1026 1382 1048 v.
1406 1019 1414 1034 ‘
1431 1018 1516 1048 licet

810 1067 967 1106 ingentes
994 1066 1173 1105 abruperit
1206 1072 1303 1097 actus
1340 1069 1516 1099 Festinata

811 1115 882 1146 dies
898 1115 1004 1146 fatis,y
1041 1116 1139 1146 Idem.

852 1168 914 1196 285
941 1167 1113 1197 Cleonaeum
1128 1166 1257 1205 leonem]
1292 1166 1347 1197 Ad
1372 1166 1514 1198 Cleonas

810 1221 885 1248 erat
902 1217 971 1248 Leo
988 1216 1044 1246 ille
1061 1215 1314 1255 famosissimus,
1339 1216 1428 1248 inter
1453 1218 1514 1248 La-

810 1266 910 1297 bores
927 1266 1088 1297 Herculis
1102 1275 1164 1296 non
1181 1271 1385 1306 postremus,
1409 1265 1516 1308 Apol·

809 1316 945 1347 lodorus
976 1316 1128 1347 breviter
1154 1316 1266 1347 onmia
1295 1321 1442 1356 enarrat,
1476 1317 1515 1348 li·

810 1366 872 1397 bro
890 1375 929 1397 11.

853 1420 915 1447 286
953 1416 1095 1448 Arcadiae
1123 1416 1212 1457 aper]
1245 1417 1514 1457 Erymanthaeus.

811 1468 873 1498 Est
898 1473 1012 1498 autem
1042 1477 1135 1498 mons
1162 1467 1321 1498 Arcadiae
1350 1468 1514 1508 Eryman-

811 1518 900 1548 thus.
947 1518 1064 1549 Barth.

852 1571 914 1598 287
941 1569 1120 1608 Compressu
1151 1571 1250 1598 matre
1275 1567 1410 1608 rebellis]
1447 1567 1514 1599 Ra-

810 1619 1008 1659 phelengius
1039 1627 1114 1648 cum
1143 1618 1215 1648 viro
1244 1618 1514 1658 incomparabili,

809 1678 1005 1708 comprensa:
1050 1668 1142 1698 nulla
1180 1677 1264 1707 opus
1300 1668 1511 1698 mutatione:

810 1722 889 1757 post
906 1722 1031 1748 terram
1059 1718 1148 1747 enim
1171 1726 1189 1747 a
1217 1726 1252 1747 se
1276 1721 1404 1747 tactam
1423 1726 1516 1757 pres·

809 1777 947 1808 samque
973 1767 1064 1798 vires
1091 1766 1236 1798 Antaeus
1265 1767 1516 1808 recolligebat:

810 1818 925 1849 obstat
941 1821 1113 1859 praeterea
1139 1817 1408 1848 membranarum
1436 1827 1514 1849 auc-

809 1869 943 1899 toritas.
987 1868 1034 1899 D.
1054 1868 1169 1898 Heius.

854 1919 1034 1958 Compressu
1047 1921 1146 1949 matre
1160 1916 1295 1958 rebellis]
1316 1917 1404 1948 Late
1425 1917 1513 1948 hanc

808 1967 957 1999 fabulam
974 1967 1174 2009 exsequitur
1186 1968 1355 2007 Lucanus,
1367 1971 1404 1998 ut
1418 1967 1514 1999 velut

807 2018 925 2050 dedita
942 2028 1047 2059 opera
1064 2028 1136 2049 eam
1163 2017 1359 2048 describens
1389 2017 1446 2048 lib.
1463 2027 1514 2050 1v.

808 2068 992 2100 Albericus
1009 2068 1153 2099 barbaro
1178 2078 1250 2099 aevo
1274 2068 1357 2099 satis
1373 2071 1514 2108 argutus

809 2119 1051 2159 Mythologus:
1077 2119 1086 2136 ‘
1105 2118 1249 2149 Antaeus
1266 2122 1340 2148 crat
1354 2118 1460 2159 Gigas
1475 2116 1514 2148 fi-

807 2170 872 2200 lins
888 2171 1016 2208 Terrae,
1033 2170 1088 2200 cui
1110 2174 1221 2199 mater
1238 2172 1458 2199 concesserat
1474 2172 1513 2199 ut

807 2221 940 2262 quoties
958 2225 1059 2251 terrae
1075 2223 1266 2260 prostratus
1279 2218 1512 2259 occumberet,

808 2271 937 2301 viribus
963 2269 1148 2310 duplicatis
1174 2273 1382 2309 exsurgeret.
1427 2269 1512 2300 Cum

808 2321 871 2351 hoe
896 2320 1064 2352 Hercules
1082 2329 1237 2360 pugnans
1254 2320 1287 2349 in
1304 2320 1408 2359 lucta,
1424 2328 1513 2350 eum-

808 2380 875 2411 que
901 2369 951 2400 bis
979 2374 1209 2409 prosternens,
1234 2368 1402 2408 comperit
1416 2368 1510 2399 illum

807 2413 991 2460 exsurgere
1003 2418 1193 2450 fortiorem.
1218 2418 1317 2450 Unde
1330 2419 1422 2449 illum
1437 2418 1511 2450 bra·

808 2471 889 2502 chiis
916 2468 1179 2511 apprehendens
1196 2470 1367 2500 elevatum
1385 2479 1404 2499 a
1419 2473 1512 2500 terra

807 2520 1011 2552 constrinxit
1037 2519 1079 2550 ad
1105 2523 1240 2560 pectus,
1263 2524 1298 2550 et
1315 2519 1443 2550 tamdiu
1460 2523 1510 2550 te-

806 2572 880 2603 nuit
904 2580 1102 2612 suspensum
1127 2570 1235 2601 donec
1261 2570 1424 2601 deficiens
1453 2579 1509 2601 ex-

805 2622 974 2663 spiraret!
1018 2621 1135 2654 Barth.

848 2676 912 2704 289
936 2671 1113 2710 Fulmineo]
1147 2670 1346 2711 Ignivomo:
1371 2669 1414 2699 de
1441 2677 1507 2708 quo

805 2723 930 2763 legitur
945 2733 952 2753 :
978 2724 987 2739 ‘
1003 2721 1146 2752 Fulmen
1160 2721 1202 2751 ab
1220 2730 1277 2751 ore
1294 2719 1398 2757 venit,
1415 2717 1507 2750 ssam-

805 2775 935 2816 misque
952 2770 1171 2811 furentibus,’
1185 2773 1249 2801 &c.
1294 2768 1420 2801 Delu-io.
