1852 3182
634 218 1018 250 EP1GRAMMATA.
1441 211 1556 255 1159

102 317 175 360 Sic
199 317 378 358 Geticas
396 312 531 355 ultrix
551 312 676 354 feriat
697 314 950 367 rhomphaea
970 317 1184 364 catervas,

162 386 476 435 Romanasque
497 386 613 432 tegat
636 395 844 435 prospera
865 382 1030 422 Thecla
1052 395 1221 422 manus.
1503 384 1559 425 ’10

103 451 178 493 Sic
199 452 275 493 tibi
295 450 366 489 det
388 461 590 499 magnum
613 450 801 488 moriens
824 450 1015 490 conviva
1034 449 1313 502 triumphum,

160 518 304 570 Atque
326 521 442 556 tuam
467 517 643 556 vincant
665 517 786 557 dolia
804 517 904 557 susa
926 518 1058 558 sitim.

103 586 177 628 Sic
200 597 416 636 nunquam
438 583 580 624 hostili
603 584 840 624 maculetur
865 585 1077 636 sauguine
1098 584 1272 625 dextra.

161 651 231 693 Ne
254 652 423 692 luceres
446 663 614 699 versus,
638 650 729 691 dux
746 650 928 701 Iacobo,
950 663 1085 691 meos.

103 780 200 808 sunt:
223 777 268 807 sic
293 777 418 815 gladius
443 778 557 808 vindex
580 777 736 817 percutiat
763 778 903 809 cohortes
921 777 1087 815 Getarum,
1110 781 1140 808 et
1160 778 1269 808 Thecla
1284 776 1400 814 sarens
1418 782 1567 818 protegat

103 819 273 851 exercitum
291 821 472 850 Romanum.
518 820 572 850 Sic
594 821 720 850 convii-a
746 821 861 851 occisus
875 822 965 851 donet
979 820 1038 851 tibi
1054 821 1217 851 victoriam
1241 822 1406 859 grandem,
1429 825 1458 852 et
1484 821 1567 852 dulia

101 862 201 903 effusa
214 863 402 901 extinguant
424 863 510 892 sitim
527 866 623 894 tuam.
670 863 723 893 Sic
745 865 857 894 dextra
873 867 927 894 tua
947 873 1099 903 uunquam
1115 864 1341 894 contaminetur
1364 873 1471 896 cruore
1499 865 1567 895 hos-

101 905 193 936 tium.
229 905 300 936 Oro
321 910 365 945 te,
380 916 398 937 o
415 906 536 937 Ductor
548 905 674 943 Jucobe,
698 916 735 936 ne
751 907 847 936 lanies
863 916 928 937 mea
944 906 1092 938 carmina.

718 989 952 1002 eeeeeeeeeeee

103 1055 252 1095 rimphaea
270 1055 399 1086 Buslid.
423 1055 542 1095 riphoea
557 1056 635 1086 Vat.
653 1056 759 1096 quint.
778 1054 941 1085 Heinsius
954 1055 1145 1092 metuebat,
1162 1065 1205 1087 ue
1220 1056 1273 1087 hic
1291 1056 1404 1087 Sancti
1423 1056 1568 1096 alicujus

105 1106 226 1128 nomen
243 1098 464 1129 lateret.-—10
501 1098 711 1138 Romanosque
726 1101 812 1136 tegat
828 1108 860 1137 p.
879 1098 969 1128 Tecla
986 1099 1071 1129 Exc.
1097 1099 1218 1130 Petav.
1235 1103 1345 1139 quart.
1369 1102 1458 1138 regat
1478 1100 1570 1130 Tecta

105 1138 184 1171 Put.
215 1141 336 1171 Petav.
366 1150 433 1171 sec.
470 1144 558 1178 regal
591 1141 682 1170 ilzedu
711 1141 794 1171 Exc.
824 1141 966 1171 Lucens.
995 1151 1046 1181 pr.
1085 1142 1282 1181 tegat...teda
1315 1142 1379 1171 inc.
1407 1141 1569 1172 Heinsius

105 1182 226 1213 Petav.
258 1192 306 1223 pr.
334 1183 462 1213 Moret.
483 1192 532 1221 pr.
556 1182 668 1214 Oxou.
698 1193 765 1214 sec.
794 1183 878 1215 Cod.
893 1184 1010 1224 Epigr.
1027 1182 1147 1214 Ambr.
1185 1184 1375 1223 regat...tela
1390 1183 1456 1214 duo
1471 1183 1570 1215 Vatt.

104 1223 179 1255 Pal.
199 1225 265 1256 duo
293 1224 387 1256 Med.
420 1226 635 1265 regant...tela
651 1227 730 1257 Vat.
748 1235 817 1257 sec.
835 1231 871 1257 et
888 1230 969 1257 tert.
999 1226 1092 1258 Prie.
1109 1227 1216 1258 Oisel.
1245 1227 1329 1257 Exc.
1348 1226 1445 1257 Laeti.
1479 1229 1571 1265 regat

105 1267 224 1298 Ambr.
251 1271 332 1299 tert.
365 1277 457 1307 regas
485 1268 613 1299 Buslid.
648 1271 731 1299 tecta
747 1270 829 1299 Var.
846 1269 915 1300 LL.
932 1269 985 1300 ed.
1014 1269 1118 1301 Antv.
1135 1279 1180 1300 m.
1208 1279 1262 1310 pr.
1295 1269 1488 1307 regat...tela
1516 1269 1571 1300 vel

109 1309 223 1340 Thecla
239 1310 339 1341 Rott.
365 1312 499 1341 Deerat
517 1320 597 1340 vero
623 1311 778 1342 similiter
794 1311 856 1342 hoc
874 1311 1041 1343 distichon
1059 1312 1090 1342 in
1106 1313 1186 1344 Vat.
1205 1322 1255 1353 pr.
1283 1316 1317 1342 et
1337 1311 1456 1343 Ambr.
1474 1321 1572 1352 pr.—

107 1354 146 1382 ll
172 1362 317 1391 magnum
331 1354 472 1383 moriens.
487 1364 513 1383 c.
536 1353 728 1393 triumphum
752 1354 902 1386 Florent.
930 1360 999 1386 tres
1027 1354 1123 1385 Med.
1150 1354 1214 1386 inc.
1243 1354 1363 1385 Heius.
1391 1355 1476 1385 Put.
1504 1353 1572 1384 duo

107 1395 231 1425 Petav.
249 1395 381 1426 Bonon.
400 1395 512 1426 Oxou.
530 1405 597 1426 sec.
615 1395 699 1427 Cod.
716 1397 836 1436 Epigr.
851 1396 970 1428 Ambr.
989 1397 1072 1428 Exc.
1090 1397 1210 1428 Petav.
1226 1400 1339 1437 quart.
1356 1397 1499 1428 Lucens.
1516 1405 1569 1436 pr.

109 1437 190 1473 Vaut.
208 1438 276 1468 LL.
307 1447 325 1468 e
343 1447 447 1477 marg.
475 1438 591 1468 Parm.
617 1443 651 1468 et
678 1438 732 1470 ed.
758 1438 864 1469 Autv.
899 1439 1032 1470 moriens
1047 1449 1175 1478 magnos
1189 1450 1216 1470 c.
1233 1438 1406 1478 triumphos
1420 1439 1501 1469 Vat.
1519 1447 1572 1479 pr.

109 1489 236 1518 magnos
253 1481 384 1511 moriens
399 1491 425 1511 c.
442 1480 615 1520 triumphos
642 1481 767 1512 Moret.
785 1491 835 1521 pr.
868 1491 1016 1521 magnum
1041 1483 1203 1520 conjuncta
1228 1481 1418 1521 triumphum
1441 1479 1576 1512 Buslid.

107 1521 150 1552 Τὸ
165 1523 291 1553 convii-a
307 1522 427 1553 deerat
446 1522 478 1552 M
486 1523 539 1552 ed.
558 1526 695 1562 [ηπ-12
720 1523 822 1563 Atque
836 1526 922 1554 tuam
936 1525 1059 1554 vincant
1075 1525 1158 1554 dolia
1167 1523 1243 1562 fusa
1258 1524 1345 1554 sitim
1361 1524 1438 1555 Vat.
1456 1533 1522 1555 sec.
1539 1527 1576 1554 et

110 1569 194 1595 tert.
209 1565 290 1596 Var.
310 1566 376 1595 LL.
406 1575 424 1595 e
442 1575 547 1604 marg.
571 1565 687 1595 Parni.
725 1566 766 1595 Et
791 1565 849 1595 tibi
874 1569 1022 1605 perpetuo
1036 1566 1119 1596 dolia
1134 1567 1320 1606 rinafluant
1339 1566 1414 1597 Pal.
1452 1566 1496 1597 Ut
1520 1569 1577 1597 tua

105 1610 254 1648 perpetuo
269 1609 351 1637 dolia
368 1607 553 1647 rinafluant
569 1607 624 1637 ed.
643 1608 755 1638 Parm.
792 1608 836 1638 Et
861 1611 915 1637 tua
930 1612 1075 1648 perpetuo
1096 1609 1179 1639 doliu
1204 1610 1277 1638 rina
1293 1609 1401 1649 fluant
1424 1609 1503 1639 Vat.
1521 1618 1575 1649 pr.

111 1649 180 1680 duo
198 1650 290 1681 Med.
310 1650 387 1680 Put.
410 1651 541 1680 Bnuon.
577 1651 682 1689 Atque
695 1653 719 1680 t.
736 1651 859 1680 vincant
876 1650 948 1688 d.f.
966 1651 1062 1682 sitim.
1079 1652 1132 1680 vel
1159 1651 1203 1680 Et
1219 1651 1278 1681 tibi
1291 1660 1325 1690 p.
1341 1652 1372 1680 d.
1389 1651 1576 1691 vinafluant

109 1691 234 1723 Petav.
254 1702 305 1732 pr.
323 1693 389 1724 inc.
409 1692 613 1722 Heius—43
637 1692 758 1723 hostilis
772 1692 889 1723 Ambr.
907 1696 1073 1723 tert—14
1100 1694 1166 1723 Nec
1180 1694 1294 1724 luceres
1307 1692 1387 1724 Vat.
1403 1697 1484 1724 tert.
1501 1693 1577 1724 Pal.

112 1734 209 1766 Rott.
227 1735 293 1766 duo
311 1735 404 1766 Med.
421 1735 488 1765 duo
505 1735 627 1765 Petav.
662 1735 740 1765 Dux
756 1735 908 1765 Jacobz'ne
924 1735 1054 1766 Buslid.
1071 1742 1280 1775 postremum
1304 1744 1387 1766 vero
1402 1736 1465 1767 hoc
1481 1735 1578 1767 disti-

112 1777 199 1809 chon
215 1777 250 1809 iu
266 1779 344 1809 Vat.
359 1788 411 1819 pr.
427 1782 463 1809 et
478 1776 595 1809 Ambr.
613 1787 665 1818 pr.
683 1777 805 1809 iterum
822 1777 1094 1810 desiderabatur.

772 1879 917 1912 NOTAE

156 1960 179 1990 9
202 1959 327 2001 Fer-iat]
360 1959 494 1991 Alludit
508 1959 624 1991 forsan
642 1958 684 1990 ad
701 1959 821 1990 Histo-
873 1960 1061 1992 certamine
1078 1963 1278 2002 superatum
1299 1958 1490 2000 extingui⁵;
1516 1958 1579 1992 sic-

115 2010 201 2042 riam
228 2010 364 2051 Angeli,
386 2013 394 2028 ‘
412 2011 469 2051 qui
490 2009 660 2051 percussit
688 2010 722 2040 in
749 2019 820 2040 cas·
874 2021 937 2052 que
954 2010 997 2042 de
1022 2020 1062 2042 eo
1084 2011 1134 2041 his
1160 2011 1291 2054 poculis
1317 2010 1531 2050 immanibus,
1544 2014 1582 2041 et

114 2059 179 2091 tris
219 2060 435 2101 Assyriorum
473 2066 610 2092 centum
648 2060 822 2100 octoginta
875 2061 1078 2102 gladiatoria
1102 2062 1246 2092 laterum
1273 2060 1437 2092 firmitate
1465 2060 1582 2092 trium-

117 2110 264 2152 quinque
283 2111 408 2141 millia!
431 2115 461 2142 4.
479 2112 565 2150 Reg.
875 2112 971 2152 phaS.

161 2160 368 2202 Rhomplzoea]
403 2161 527 2192 Graece
543 2158 691 2200 ῥομφαία,
716 2169 821 2200 genus
924 2165 965 2193 12
988 2161 1098 2201 Dolia]
1117 2162 1173 2193 Sic
1183 2162 1354 2193 hominem
1369 2161 1479 2202 arguit
1492 2160 1585 2192 vino-

116 2215 169 2242 est
185 2212 258 2249 teli,
275 2212 327 2241 vel
346 2211 450 2251 gladii
466 2211 638 2250 longioris,
651 2220 717 2251 quo
733 2219 821 2250 prae·
880 2213 1023 2251 lentum,
1049 2212 1090 2243 ad
1128 2212 1226 2253 cujus
1257 2212 1347 2243 sitim
1381 2212 1586 2252 extinguen-

118 2262 234 2293 sertim
247 2262 393 2292 'Plu-aces
410 2261 605 2291 utebantur.
636 2260 736 2291 Unde
754 2260 821 2290 Au-
880 2262 969 2302 dam,
985 2263 1037 2293 vel
1054 2262 1144 2293 dolia
1158 2262 1422 2303 requirerentur.

120 2312 172 2343 lus
196 2312 348 2344 Gellius:
372 2314 381 2329 ‘
402 2312 608 2351 Rhompliaea
641 2320 747 2351 genus
764 2311 826 2342 teli
924 2315 963 2344 13
988 2311 1183 2352 Maculetur]
1211 2312 1389 2353 Nunquam
1420 2311 1482 2342 tibi
1507 2320 1586 2342 con-

119 2369 173 2396 est
188 2364 344 2395 Thraciae
362 2363 531 2394 nationis!
882 2364 1004 2403 tingat,
1035 2369 1072 2394 ut
1100 2363 1242 2393 dextera
1274 2369 1330 2392 tua
1362 2361 1523 2400 delicata,
1549 2365 1586 2392 et

163 2418 203 2446 10
230 2415 356 2455 Thecla]
380 2415 515 2455 Martyr
531 2414 679 2455 egregia.
824 2423 826 2425 ’
881 2414 1016 2454 scyphis
1032 2413 1220 2444 tractandis
1234 2417 1382 2449 assueta,
1396 2411 1584 2442 maculetur

165 2467 203 2496 11
229 2465 372 2496 Moriens
386 2464 529 2505 convttm]
554 2465 663 2497 Quem
693 2464 828 2505 majori·
881 2463 995 2494 hostili
1012 2462 1187 2503 sanguine.
1222 2463 1277 2493 sic
1293 2462 1357 2503 ipsi
1370 2460 1494 2499 illudit,
1509 2469 1585 2490 nam

121 2513 185 2546 bus
199 2515 328 2556 poculis
345 2516 526 2546 invitatum
537 2521 739 2556 superas,et
756 2521 828 2546 tan·
881 2513 1041 2554 sanguine
1080 2512 1227 2543 hostium
1259 2511 1433 2544 maculata
1469 2518 1584 2543 mauu·

124 2563 202 2596 dem
224 2564 258 2596 in
274 2565 347 2606 ipso
364 2564 494 2597 Bacchi
521 2566 670 2607 theatro,
687 2564 828 2597 bibendi
882 2563 992 2596 Ducis
1008 2562 1136 2595 decora
1152 2566 1215 2595 est.
