1851 3213
295 192 411 235 1406

297 296 517 337 Augustum:
541 297 666 328 ‘Neve
694 301 728 330 te
758 298 886 330 uostris
917 299 1009 331 vitiis

296 347 449 389 iniquum
467 347 575 379 Ocior
601 358 685 379 aura
697 349 831 380 Tollat!
866 351 984 381 Barth.

340 401 405 430 254
429 399 619 441 Exemplum
634 409 777 440 sequerer
807 401 906 440 Tulli]
942 401 1010 432 Res

297 454 395 489 gesta
422 453 515 480 nota.
562 449 653 481 Vide
681 451 830 491 Livium,
859 452 1009 484 Florum.

297 500 413 531 Dumis
439 501 593 531 laniatum
620 502 668 532 ait
696 503 904 535 Claudianus
920 504 1011 546 quod

299 556 419 592 raptus
447 553 543 594 equis
568 564 630 595 per
657 555 732 586 loca
758 561 868 595 senta,
894 555 1011 597 flagris

297 607 378 634 ante
410 613 529 635 caesus.
576 604 748 637 Fufetium
780 607 1010 648 scribendum,

297 662 364 685 non
382 653 560 697 Sufetium,
573 655 765 689 docuerunt
781 658 913 698 pridem
931 658 1011 690 doc-

297 704 325 735 ti
352 705 429 736 viri.
454 707 557 737 Idem.

341 757 403 786 255
428 755 579 795 Aptarem
595 756 730 787 membra
746 758 924 798 quadrigis]
943 757 1012 798 Ap-

297 806 396 836 tandi
424 807 568 837 verbum
598 807 632 838 in
660 806 795 838 deliciis
822 808 1012 839 Claudiano

298 856 397 887 novi:
438 856 491 887 hic
531 861 646 888 tamen
683 861 844 898 raptarent
873 858 1012 890 malim:

299 906 388 947 quod
418 907 568 938 Rubenii
593 913 759 949 excerpta
797 909 1014 950 confirmant,

298 962 335 988 et
352 957 463 998 prima
479 958 600 991 editio.
647 960 770 1000 Virgil.
795 961 804 977 ‘
820 961 1012 1002 Raptabat-

299 1016 365 1048 que
405 1008 469 1039 viri
499 1009 675 1041 mendacis
707 1010 839 1042 viscera
870 1011 1012 1043 Tullus!

298 1057 388 1088 idem
403 1057 446 1089 de
464 1059 620 1091 Hectore
639 1071 647 1091 ε
672 1062 680 1077 ‘
699 1060 868 1101 Raptatus
886 1062 1011 1103 bijugis

298 1118 363 1140 ceu
393 1110 592 1150 quoudam.'
647 1112 758 1142 Vetus
784 1112 887 1152 poeta
920 1113 1010 1153 apud

300 1161 518 1202 Ciceronem,
551 1163 635 1194 libro
667 1173 694 1194 1.
738 1164 840 1196 Tusc.
879 1166 1011 1198 Quaest.

298 1212 415 1252 ‘Vidi‚
444 1213 562 1244 videre
587 1214 678 1254 quod
708 1224 761 1245 me
789 1225 889 1255 passa
905 1226 1012 1255 aeger-

300 1274 411 1305 rume,
449 1266 638 1297 Hectorem
668 1268 871 1309 quadrijugo
909 1279 1012 1300 curru

299 1316 494 1356 raptarier!
527 1322 646 1348 noster
671 1318 730 1348 lib.
761 1327 786 1349 1.
812 1319 845 1349 in
879 1320 1012 1352 Stilicb.

298 1368 374 1398 ‘Tu
405 1377 517 1409 neque
560 1378 686 1399 vesano
715 1373 834 1410 raptas
881 1371 1013 1402 venalia

299 1429 403 1450 curru
420 1419 581 1451 Funera.'
607 1421 652 1452 D.
672 1421 785 1453 Heius.

342 1474 405 1502 257
431 1472 483 1502 En
498 1472 614 1503 iterum
640 1473 755 1513 calcat]
782 1474 872 1504 Nunc
898 1475 1013 1506 iterum

300 1521 396 1562 prim.
434 1522 550 1553 Vatic.
590 1527 625 1553 et
660 1523 774 1563 potior
808 1529 1013 1556 coeterorum

300 1581 390 1612 pars.
420 1573 522 1604 Idem.

346 1623 474 1664 Calcat]
498 1624 679 1664 Responsa
695 1629 734 1656 ut
747 1625 936 1666 Principis,
958 1627 1013 1657 vel

300 1678 337 1704 et
353 1673 430 1704 Dei.
478 1674 601 1713 Calcat,
617 1684 693 1705 cum
711 1677 918 1708 contumelia
933 1687 1014 1717 neg-

303 1723 382 1764 ligit
399 1727 434 1754 et
450 1725 642 1764 proculcat.
668 1726 784 1757 Barth.

344 1776 408 1806 258
445 1774 526 1804 Post
550 1778 675 1815 patrem
695 1775 906 1818 fratremque]
943 1778 1014 1808 De-

301 1829 423 1865 ceptos
443 1830 480 1857 et
506 1825 655 1865 delus0S‚
682 1827 760 1868 quia
777 1828 1014 1861 crediderunt.

302 1874 458 1907 Perfidia
481 1875 640 1907 Gildonis
658 1881 730 1908 toto
746 1878 809 1909 hoc
826 1888 931 1919 opere
949 1884 1015 1911 tra-

303 1925 453 1964 ducitur,
467 1936 542 1958 cum
558 1926 695 1958 infamia
709 1929 832 1968 gentis.
866 1930 1015 1971 Sequen-

303 1977 353 2009 tia
369 1977 462 2008 clare
480 1977 619 2017 docent,
636 1978 787 2010 Arcadio
814 1979 942 2011 addere
959 1991 1016 2012 vo·

305 2027 408 2059 luisse
427 2028 609 2060 Gildonem
637 2029 828 2062 detractam
859 2032 1014 2063 Honorio

305 2083 454 2119 partem.
480 2079 578 2111 Idem.

345 2132 410 2161 259
433 2130 532 2170 Inque
545 2134 631 2162 tuam
643 2131 773 2172 sortem]
790 2132 930 2164 Partem
945 2133 1012 2164 Im-

304 2180 391 2219 perii
420 2180 578 2212 Paterni.
626 2181 681 2212 Ab
709 2183 875 2223 Eutropio
901 2185 1013 2215 Eunu-

303 2231 367 2261 cho
383 2235 494 2262 totum
509 2232 573 2263 hoc
590 2232 709 2272 fuisse,
725 2237 760 2264 et
777 2234 851 2274 ejus
876 2234 1014 2265 instinc-

305 2285 342 2312 tu
356 2281 544 2313 Honorium
560 2283 702 2314 voluisse
716 2282 836 2315 Africa
848 2284 1015 2315 interver-

307 2335 384 2362 tere
422 2331 621 2374 Gildonem,
661 2334 812 2375 scriptor
849 2335 1016 2366 Zosimus.

306 2381 405 2414 Idem.

347 2435 411 2463 260
437 2432 581 2463 Mercede
607 2433 741 2473 placebit
758 2434 922 2474 Proditio]
960 2434 1015 2466 Se-

305 2482 384 2514 ditio
412 2482 510 2523 prim.
538 2483 650 2514 Vatic.
680 2493 741 2525 pro
758 2484 893 2515 diversa
909 2485 1015 2525 scrip-

305 2536 403 2564 tura:
429 2533 597 2574 quomodo
630 2537 665 2564 et
696 2543 756 2564 sex
787 2534 856 2567 alii.
910 2536 1015 2566 Forte

305 2582 460 2614 Deditio:
485 2583 533 2613 sic
551 2587 586 2614 et
602 2588 782 2624 peecatum
799 2583 1014 2617 Praefatione

305 2632 384 2664 libri
412 2642 452 2664 11.
479 2634 512 2664 in
539 2633 752 2674 Eutropium.
777 2635 1015 2675 praecedentia

307 2682 526 2715 confirmant.
570 2684 716 2715 Proditio
745 2685 856 2716 minus
886 2685 941 2716 hic
966 2684 1014 2717 fe-

306 2733 426 2774 renda,
442 2734 522 2775 quia
546 2735 688 2775 proditor
705 2737 807 2776 paulo
832 2741 912 2768 ante
929 2746 1014 2778 prae-

305 2784 421 2817 cessit.
445 2785 489 2816 D.
506 2785 619 2817 Heins.

349 2838 411 2875 261
435 2836 521 2869 Loesi
531 2836 667 2879 fratris]
696 2837 855 2871 Houorii.
901 2839 1014 2873 Quem

542 205 685 236 NOTAE
717 205 984 236 VARIORUM
1019 207 1070 237 IN
1105 207 1178 236 CL.
1212 207 1397 239 CLAUD.
1431 209 1516 239 XV.

1058 300 1102 332 ob
1134 302 1264 333 crimen
1294 301 1425 343 fugisse
1455 302 1542 334 dicit
1573 302 1768 336 Gildonem.

1058 351 1221 393 Intellige
1235 351 1353 383 fratris
1367 353 1493 385 liberos
1507 363 1628 386 caesos,

1106 402 1297 444 Transfuga]
1321 403 1377 435 Ob
1394 403 1428 434 id
1443 404 1578 435 minime
1602 414 1699 436 carus
1710 405 1770 436 ha-

1060 453 1201 485 bendus.
1227 454 1343 485 Barth.

1102 508 1166 537 262
1189 506 1283 537 Leuis
1308 506 1449 548 ingenio]
1502 507 1552 538 Ut
1589 507 1770 548 probatum

1061 558 1190 588 scelere
1218 558 1251 589 in
1283 559 1395 599 ipsum
1435 558 1669 590 Theodosium
1695 559 1771 600 jam

1059 613 1340 640 commemorato.

1104 661 1298 692 Discrimine
1313 662 1443 703 summo]
1482 661 1579 693 Licet
1595 661 1694 701 adeo,
1720 661 1770 692 in-

1062 710 1150 751 quit,
1177 720 1229 741 res
1253 716 1380 742 nostrae
1409 710 1539 742 fuerint
1569 712 1703 751 accisae,
1732 715 1771 743 ut

1063 760 1174 791 dubiis
1190 761 1287 792 uobis
1303 761 1346 792 de
1364 762 1432 792 vita
1444 763 1606 803 periculis
1619 762 1773 794 eximen-

1062 811 1118 849 da,
1130 811 1270 853 jamque
1288 812 1351 843 sub
1366 812 1438 843 ictu
1462 813 1545 844 lethi
1562 812 1774 853 constitutis,

1063 862 1264 893 immineant
1300 867 1456 894 extrema
1492 863 1619 903 omnia,
1657 867 1773 894 tamen

1064 912 1213 954 antiquis
1240 913 1396 944 moribus
1426 914 1516 944 salus
1543 923 1610 944 non
1633 914 1773 954 placeat

1064 973 1161 1005 quam
1180 964 1338 995 attulerit
1354 964 1524 1005 proditor.
1549 965 1668 997 Barth.

1107 1017 1169 1045 263
1194 1014 1351 1056 Suspensa
1364 1017 1476 1057 morte]
1498 1015 1640 1047 Tamdiu
1658 1015 1773 1048 dilata.

1063 1065 1176 1104 Licet,
1204 1065 1326 1106 inquit,
1365 1066 1548 1108 aliquando
1582 1067 1773 1098 necessario

1063 1120 1201 1147 utamur
1216 1117 1408 1156 proditore,
1425 1122 1552 1157 tamen,
1581 1117 1688 1158 pulsis
1705 1127 1774 1148 ma-

1062 1166 1116 1206 lis,
1144 1166 1221 1198 luce
1250 1172 1404 1207 recepta,
1435 1168 1530 1199 illum
1561 1169 1708 1208 odimus,
1738 1172 1775 1199 et

1062 1227 1173 1257 poenae
1191 1218 1294 1248 etiam
1312 1218 1498 1249 subdimus.
1523 1219 1621 1250 Idem.

1105 1266 1260 1308 Suspenso
1276 1272 1374 1299 morte
1399 1269 1547 1309 salutem]
1584 1270 1773 1310 Suspensum

1062 1319 1149 1348 malo
1176 1328 1252 1349 cum
1284 1329 1351 1350 uno
1376 1318 1538 1351 Ambros.
1564 1324 1600 1351 et
1625 1331 1774 1361 nusquam

1062 1379 1124 1410 pro
1151 1380 1309 1410 nunquam
1335 1380 1412 1402 cum
1441 1371 1556 1412 priore
1578 1372 1676 1403 Leid.
1723 1373 1772 1403 D.

1064 1420 1180 1452 Heius.

1106 1473 1169 1502 264
1195 1471 1365 1512 Nunquam
1379 1475 1492 1511 gratus
1507 1473 1584 1513 erit]
1608 1472 1774 1505 Proditor

1064 1521 1136 1562 ipse
1153 1532 1325 1563 nunquam
1340 1524 1468 1564 poterit
1484 1524 1599 1555 amari.

1108 1573 1191 1604 Luce
1206 1572 1344 1613 repertu]
1370 1573 1554 1614 Reparata.
1577 1573 1696 1605 Barth.

1108 1624 1305 1655 Damnamus
1335 1625 1401 1656 luce
1442 1625 1583 1665 reperta]
1628 1625 1773 1666 Gyrald.

1066 1675 1228 1715 Isingrin.
1247 1680 1281 1706 et
1299 1681 1445 1716 quatuor
1461 1677 1532 1716 alii,
1546 1679 1679 1717 recepta.
1715 1686 1775 1707 ne·

1066 1736 1132 1766 que
1161 1726 1263 1756 aliter
1293 1726 1425 1757 diversa
1466 1727 1636 1767 scriptura
1674 1727 1773 1767 prim.

1066 1775 1247 1806 Vaticani:
1288 1775 1377 1816 quod
1408 1782 1543 1807 secutus
1584 1777 1777 1817 Raphelen-

1067 1825 1151 1865 gius.
1175 1826 1258 1856 nihil
1275 1830 1402 1857 temere
1419 1832 1559 1859 mutem.
1574 1827 1671 1868 Virg.
1694 1827 1772 1861 AEn.

1068 1885 1118 1908 lv.
1137 1886 1184 1908 vs.
1214 1879 1265 1908 14.
1292 1887 1312 1907 a
1339 1877 1427 1909 fine:
1460 1880 1468 1896 ‘
1485 1878 1656 1912 Quaesivit
1685 1879 1771 1909 coelo

1067 1927 1193 1968 lucem,
1231 1928 1465 1969 ingemuitque
1510 1928 1684 1969 reperta?
1722 1929 1773 1960 sic

1066 1977 1208 2009 ‘fraude
1225 1979 1375 2019 reperta’
1409 1979 1497 2011 libro
1526 1989 1550 2011 1.
1581 1979 1776 2019 inEutrop.

1066 2028 1150 2060 ‘nec
1175 2028 1298 2060 fraude
1329 2035 1469 2070 reperta
1506 2030 1650 2062 Cautior
1689 2029 1775 2061 elusi

1067 2079 1222 2110 fremitus
1255 2081 1364 2111 vitare
1393 2080 1528 2112 mariti.’
1559 2085 1596 2112 et
1619 2080 1708 2112 libro
1733 2088 1774 2112 11.

1066 2141 1115 2162 vs.
1145 2134 1219 2162 589.
1258 2131 1344 2162 ‘hac
1374 2130 1494 2162 fraude
1522 2131 1685 2172 reperta,’
1708 2139 1775 2162 non

1066 2184 1157 2213 arte:
1181 2192 1222 2211 ex
1237 2181 1385 2222 antiquis
1396 2181 1610 2214 membranis.
1633 2181 1776 2223 Statius,

1066 2232 1170 2263 Theb.
1203 2241 1238 2263 x.
1278 2232 1434 2264 ‘subitus
1465 2242 1543 2263 mox
1570 2231 1689 2263 fraude
1720 2242 1774 2263 re-

1069 2289 1169 2323 perta
1196 2284 1397 2315 Exclamat!
1421 2284 1533 2316 Theb.
1548 2293 1598 2315 vr.
1625 2283 1773 2315 ‘fraude

1068 2339 1207 2374 reperta
1223 2334 1354 2374 Raptus
1371 2335 1403 2365 in
1430 2334 1623 2366 excelsum.'
1648 2335 1690 2366 de
1705 2334 1773 2366 An-

1068 2388 1147 2415 taeo.
1171 2384 1216 2414 D.
1235 2384 1348 2415 Heius.

1109 2436 1172 2464 265
1197 2435 1265 2464 Nec
1280 2444 1334 2464 uos
1356 2434 1496 2474 patimur
1509 2435 1701 2466 committere
1715 2435 1774 2467 tali

1068 2483 1139 2514 Hoc
1156 2493 1253 2522 genus
1268 2485 1412 2524 emptori]
1437 2485 1505 2515 Nec
1521 2494 1571 2514 tos
1595 2495 1670 2516 curn
1695 2486 1772 2518 Cla-

1066 2534 1207 2564 veriana
1222 2533 1374 2565 editione
1395 2535 1576 2566 Bai-thius:
1602 2536 1772 2577 quomodo

1067 2588 1146 2615 tert.
1174 2584 1290 2615 vatic.
1318 2594 1386 2616 sec.
1413 2585 1572 2617 Ambros.
1599 2591 1635 2617 et
1657 2587 1772 2617 Maza-

1068 2635 1131 2667 rin.
1155 2636 1251 2667 Idem.

1111 2687 1178 2717 Nec
1204 2697 1257 2717 nos
1282 2687 1437 2728 patimur]
1468 2687 1544 2720 Hoc
1561 2693 1627 2729 est,
1655 2692 1772 2721 nostro

1065 2736 1190 2777 lubitu,
1219 2745 1404 2780 nostroque
1432 2749 1569 2771 assensu
1598 2749 1772 2781 nunquam

1065 2787 1294 2828 Imperatorio
1321 2789 1438 2830 generi
1464 2794 1580 2822 vestro
1601 2800 1677 2822 eam
1701 2799 1774 2822 ma-

1066 2839 1176 2871 culam
1205 2839 1364 2882 inuretis,
1386 2844 1426 2874 ut
1456 2841 1653 2883 proditione
1683 2841 1784 2873 atter*
1810 2851 1815 2860 ·
