1852 3182
356 221 533 255 PANEG.
564 220 613 250 ΙΝ
650 219 787 249 PROB.
821 218 878 247 ΕΤ
912 217 1057 247 OLYB.
1093 216 1230 247 CONS.

62 322 131 353 imo
159 320 280 352 Albam
304 315 452 349 crinibus
478 312 662 353 infulisque
690 321 763 342 cer-

62 381 105 401 uo
119 371 140 400 ?’
178 370 233 409 qui
261 369 352 398 locus
381 363 600 395 Bartbianam
629 361 765 401 conjec-

65 425 174 452 turam
191 419 272 449 satis
289 420 428 447 enervat
445 413 644 453 acjugulat.
680 412 766 442 Imus

54 472 134 512 finis
152 480 211 510 pro
224 474 374 499 extremo
389 464 536 505 ponitur,
549 462 716 503 quomodo
730 466 765 492 et

62 523 142 552 imus
167 520 296 558 angulus
321 525 424 555 sai-pe.
481 514 578 545 Idem
607 514 765 544 Bartliius

64 570 162 611 paulo
184 574 260 609 post
288 565 429 607 praefert
455 565 659 604 scriptorum
684 572 764 604 quo-

63 620 202 651 rundam
228 618 419 655 lectionem,
444 616 593 646 Crescunt
615 614 646 644 in
663 617 763 643 tumu-

61 670 122 701 lum
136 672 273 707 strages:
307 666 433 705 vulgati
458 665 492 695 in
507 664 680 698 cumulum,·
703 662 762 692 sed

60 719 161 749 acervi
175 721 314 756 stragum
332 716 453 757 passim
471 718 655 745 occurrunt
673 713 761 754 apud

60 769 189 812 poetas.
244 768 343 799 Bello
371 767 564 805 Gildonico‚
586 776 633 796 vs·
651 768 702 796 39.
720 775 762 795 ex

60 820 207 861 antiquis
242 819 416 850 codicibus
459 819 592 848 cumulos
631 817 763 857 repletos

56 870 212 908 stragibus
228 869 344 900 habes.
372 870 415 900 D.
434 868 546 898 mins.

103 920 183 951 Fine
206 920 261 950 sub
287 919 362 959 imo]
397 918 554 948 Burtliius
582 917 678 957 legit,
703 926 762 956 qua

50 970 118 1012 fine
130 972 250 1010 supino,
273 971 324 1007 ἃς.
350 969 761 1009 Quasisupiniillicmon-

60 1027 111 1052 tes
129 1021 363 1062 procumbant.

103 1075 164 1102 106
190 1072 343 1110 conjectis
357 1070 504 1110 scopulis]
530 1068 690 1098 Bartliius
714 1068 760 1098 le-

58 1121 109 1161 git
124 1121 287 1159 congestis,
303 1120 334 1150 id
354 1125 419 1157 est,
436 1126 532 1150 arcte
545 1118 686 1158 junctis.

102 1173 162 1201 107
188 1171 366 1201 Reseranda
390 1169 496 1208 manu]
524 1169 612 1200 Quia
627 1168 761 1198 claustra

57 1226 137 1252 ante
154 1221 263 1258 dixit3
288 1229 429 1262 quorum
455 1224 507 1249 est
533 1219 655 1259 injecta
673 1218 761 1249 clavi

58 1271 212 1303 reserari.

101 1325 162 1353 108
188 1321 390 1361 Geminisque
403 1320 502 1361 fidem
524 1318 670 1358 mentitu]
695 1318 760 1348 Eu-

57 1374 158 1412 genio
175 1378 302 1402 etcum
319 1371 457 1401 ducenti
476 1370 645 1409 Magistro
663 1368 763 1408 Equi—

58 1428 128 1454 tum
148 1422 350 1462 Arbogasti:
376 1422 435 1451 lios
450 1421 539 1451 enim
556 1420 764 1450 admiserunt

57 1474 177 1514 Alpes,
203 1482 269 1503 non
287 1471 557 1508 transmiserunt,
585 1472 762 1508 superatos

58 1523 243 1563 occupanti
257 1521 445 1553 Theodosio
461 1520 651 1550 transitum.
683 1518 764 1548 Pos-

58 1574 101 1604 sis
131 1578 166 1604 et
192 1573 235 1603 de
260 1572 412 1602 Maximo
439 1579 575 1610 capere,
603 1578 701 1610 quem
730 1574 764 1598 et

57 1623 138 1654 alibi
160 1623 300 1653 incessit
313 1622 344 1651 in
360 1621 502 1661 gratiam
516 1628 650 1650 suorum
669 1618 763 1648 Prin-

58 1674 172 1715 cipum
190 1672 410 1704 Claudianus.

103 1723 256 1765 Tyranni]
274 1723 503 1762 Usurpatorcs
516 1719 684 1759 illegitimi
698 1719 764 1749 Im-

57 1775 142 1817 perii
156 1775 218 1806 hoc
232 1773 366 1804 nomine
381 1776 578 1803 censentur.
602 1770 718 1800 Barth.

101 1828 162 1857 109
186 1825 306 1856 Moenia
326 1821 471 1861 sumant]
508 1820 658 1851 Urbibus
687 1829 763 1860 pes-

55 1877 219 1909 sumdatis
235 1875 407 1907 incendio.
429 1875 526 1904 Idem.

102 1931 160 1959 111
185 1924 466 1967 AEquaverejugis]
481 1924 646 1964 Expletas
658 1920 762 1953 fuisse

56 1978 160 2009 valles
177 1976 409 2014 cadaveribus,
424 1975 483 2006 ait.

103 2028 258 2066 Stagnant
272 2028 414 2056 immersa
426 2023 546 2063 cruore]
570 2024 625 2055 Ita
638 2027 675 2054 ut
689 2032 762 2054 san-

59 2078 132 2119 guis
157 2077 284 2108 texerit
307 2082 343 2106 et
362 2084 449 2116 pene
466 2073 642 2105 abstulerit
659 2073 760 2104 cada-

59 2138 150 2159 vera.
195 2128 282 2158 Sunt
300 2127 357 2167 qui
381 2127 447 2165 leg.
465 2125 623 2163 immensa,
646 2124 680 2154 id
697 2128 762 2163 est,

58 2179 148 2211 ultra
159 2179 293 2209 modum
305 2182 339 2208 et
352 2177 453 2208 fidem
468 2177 572 2207 multa
584 2181 618 2207 et
628 2184 760 2216 magna.

57 2229 173 2261 Barth.

102 2283 163 2311 112
190 2279 368 2311 Turbuntur
388 2277 546 2319 permixto
564 2276 679 2315 funere
700 2286 762 2307 ma-

57 2330 125 2370 nes]
158 2330 215 2362 Sic
233 2330 419 2371 Isingriuus
436 2334 473 2359 et
495 2327 614 2368 scripti
631 2326 761 2367 aliquot

58 2382 101 2414 ex
115 2382 252 2413 nostris.
299 2381 424 2412 Primae
445 2379 613 2411 editiones
631 2380 760 2409 trudun-

58 2436 130 2463 tur.-
153 2431 319 2474 quomodo
343 2441 386 2462 ex
409 2431 610 2471 conjectura
634 2429 698 2460 viri
723 2430 760 2459 il-

59 2483 172 2514 lustris
198 2482 463 2523 Raphelengius,
489 2491 566 2512 cum
591 2481 761 2511 traduntur

60 2534 93 2564 in
121 2533 266 2574 vulgatis
291 2533 386 2563 libris
414 2532 586 2572 legeretur
618 2530 757 2561 insulse.

61 2583 164 2614 Libro
179 2593 203 2615 1.
219 2584 253 2614 in
271 2582 430 2614 Rufinum
447 2582 509 2613 sub
525 2581 639 2621 finem,
667 2583 674 2596 ‘
693 2581 759 2611 imo

60 2633 209 2664 barathri
224 2634 360 2666 trudere
382 2642 520 2665 recessu
535 2632 555 2664 :'
580 2634 628 2664 ita
642 2641 758 2663 secun-

62 2682 124 2714 dus
139 2683 341 2715 Vaticanus:
366 2693 432 2715 non
454 2685 596 2716 claudere
616 2688 674 2714 aut
690 2693 759 2715 con-

62 2733 143 2766 dere.
158 2741 207 2765 ιν.
220 2733 319 2767 Cous.
333 2734 491 2776 Honorii‚
508 2734 518 2753 ⁶
535 2734 648 2777 patria
663 2742 760 2766 mues-

1404 207 1516 248 1221

815 315 867 341 tus
884 319 949 340 non
967 309 1115 340 truditur
1133 308 1233 339 exul.5
1260 309 1368 348 Epist.
1385 311 1426 341 ad
1445 311 1515 342 Ha.

815 361 981 400 drianum,
1005 362 1013 378 ‘
1033 361 1087 391 liic
1115 360 1264 401 undique
1290 361 1438 390 truditur
1462 372 1518 393 ex-

817 411 871 443 ul.’

861 459 1172 499 Teaerbanturfunere]
1189 459 1393 490 Permistum
1407 458 1519 499 funus,

816 512 1035 542 tumultuaria
1074 512 1262 550 sepultura,
1304 514 1426 549 raptim
1458 518 1520 548 per

815 559 1520 599 acervumcongestiscadaveribus.Barth.

859 616 919 643 114
957 613 1080 652 Cespite
1104 612 1277 649 gramineo,
1307 610 1377 650 isc]
1420 610 1518 640 More

814 664 952 694 heroum
970 669 1123 693 veterum
1151 672 1313 702 spernens
1339 662 1437 691 sellus
1454 660 1521 690 Im-

815 714 1018 755 peratorias,
1063 722 1287 753 pompamque
1326 710 1521 750 magnifico·

815 775 887 795 rum
903 770 1099 795 stratorum.
1147 762 1400 793 Continentiam
1413 760 1521 791 Theo-

815 815 899 846 dosii
917 814 1132 845 commendat
1148 814 1282 843 Victor.
1310 813 1403 842 [dem.

859 869 917 897 115
944 866 1084 896 Act-lines
1113 863 1268 902 humeros]
1314 863 1368 893 Sic
1398 861 1519 902 optimi

816 917 970 948 Codices.
1015 915 1164 954 AccHnis,
1189 914 1237 944 rei
1254 913 1401 953 cuipiam
1421 911 1521 943 accli-

813 976 895 996 nans
912 976 997 996 sese.

860 1016 1027 1046 Dominum
1039 1015 1146 1053 gavisa
1159 1012 1298 1052 coronal]
1325 1012 1520 1051 Agnoscens

813 1067 1002 1106 legitimum
1016 1065 1224 1104 Principem,
1237 1063 1341 1103 pulsis
1355 1060 1519 1102 tyrannis.

813 1117 891 1147 Deo
915 1115 1069 1155 acceptis
1095 1114 1290 1153 sanctisque
1317 1110 1519 1141 mortalibus

813 1167 998 1198 Coronatio
1024 1170 1083 1196 aut
1108 1165 1221 1195 cultus
1249 1163 1326 1193 tulis
1351 1160 1520 1191 aTellure

813 1217 1029 1248 adscribitur.
1054 1214 1214 1245 Persius:
1239 1214 1247 1229 ‘
1263 1210 1437 1251 Quicquid
1452 1209 1521 1241 cal-

814 1268 941 1299 caverit
957 1267 1024 1305 luc,
1044 1275 1119 1296 rosa
1134 1263 1216 1294 fiet!
1259 1262 1384 1292 Tacite
1403 1264 1518 1291 autem

813 1320 980 1350 universae
1014 1322 1115 1348 terrae¹
1151 1316 1401 1355 Imperatorem
1433 1312 1519 1344 facit

813 1367 1054 1398 Theodosium.
1080 1365 1196 1396 Barth.

859 1420 919 1448 117
947 1416 1122 1456 Crebroque
1138 1414 1272 1445 recurrit
1292 1412 1422 1452 halitus]
1447 1413 1522 1443 Cre-

815 1468 924 1507 ber-que
950 1466 1057 1497 Aldus
1084 1470 1118 1496 et
1146 1464 1287 1504 scripti:
1315 1463 1454 1501 rectius,
1483 1466 1521 1492 ut

816 1519 874 1550 lib.
889 1528 927 1549 11.
942 1519 975 1548 in
989 1519 1132 1557 Eutrop.
1150 1518 1158 1533 ‘
1173 1515 1360 1555 creberque
1377 1513 1522 1545 recurrit

816 1569 970 1601 Nuucius
1001 1566 1192 1599 incassum!
1218 1567 1260 1597 D.
1277 1566 1389 1596 Heius.

860 1622 921 1650 118
948 1619 1069 1649 Placidi
1093 1618 1230 1656 rudiunt,
1252 1616 1318 1655 δικ]
1351 1615 1460 1646 Etiam
1486 1615 1522 1645 in

815 1670 926 1700 medio
943 1668 1079 1699 fervore
1104 1667 1182 1697 belli
1206 1666 1385 1696 clementia
1402 1665 1519 1696 dulces

816 1720 926 1750 radios
943 1720 974 1749 in
994 1719 1089 1749 vultu
1106 1717 1245 1747 victoris
1262 1715 1426 1755 agnoscit.
1453 1715 1519 1745 Pa-

815 1772 885 1812 pin.
920 1772 928 1787 ‘
954 1771 1058 1810 juvat
1085 1777 1145 1799 ora
1173 1766 1262 1797 tueri
1290 1765 1403 1795 Mixta
1430 1764 1520 1794 notis

816 1823 908 1862 belli,
934 1820 1170 1862 placidamque
1196 1816 1351 1857 gerentia
1378 1814 1521 1855 pacem!

812 1873 930 1904 Barth.

857 1925 920 1954 119
946 1922 1056 1958 Qualis
1070 1919 1208 1960 letifera]
1241 1919 1329 1950 Haec
1345 1926 1519 1958 compara-

813 1974 861 2005 tio
878 1973 912 2004 in
935 1973 1068 2003 landem
1090 1969 1270 2002 Theodosii
1284 1968 1393 1999 adhuc
1408 1967 1523 1998 viven-

812 2024 868 2062 tis,
887 2022 1016 2054 recenti
1035 2021 1178 2052 victoria
1194 2020 1237 2051 de
1254 2018 1422 2060 Eugenio.
1449 2019 1522 2049 Cla-

812 2084 877 2106 ver.

857 2126 919 2155 120
944 2121 1100 2153 Procubat
1119 2121 1289 2151 horrendus
1307 2119 1419 2150 Getico
1436 2119 1520 2149 Gra·

812 2175 902 2205 dicus
916 2172 1092 2211 inHoemo]
1125 2171 1180 2202 Sic
1206 2169 1320 2201 Delrii
1350 2169 1458 2200 codex
1483 2172 1520 2200 et

814 2232 883 2256 tres
900 2235 941 2255 ex
959 2224 1106 2255 nostris:
1143 2231 1208 2252 non
1235 2222 1268 2252 in
1291 2230 1387 2258 arco;
1412 2224 1519 2251 recte.

814 2276 878 2306 Illa
894 2275 996 2306 Statii
1014 2273 1166 2314 respexit
1186 2271 1292 2302 Theb.
1310 2280 1359 2302 xx.
1383 2271 1392 2288 ‘
1411 2270 1519 2311 qualis

814 2325 941 2356 Getico
970 2322 1163 2364 procumbit
1199 2322 1233 2352 in
1270 2321 1394 2352 Haemo
1424 2321 1519 2352 Coelo

812 2376 918 2418 mixta
934 2384 1046 2406 comas
1062 2372 1227 2414 quercus!
1273 2373 1403 2404 Noster
1418 2372 1475 2403 lib.
1493 2380 1518 2403 1.

813 2427 846 2457 in
874 2425 985 2458 Rufin.
1008 2427 1017 2441 ‘
1035 2426 1185 2465 Mavors,
1210 2423 1368 2455 nubifero
1396 2432 1455 2455 seu
1480 2426 1517 2453 tu

813 2476 1004 2518 procumbis
1021 2476 1053 2506 in
1068 2475 1216 2506 Haemo.'
1263 2474 1404 2505 Haemus
1421 2476 1516 2504 certe

811 2528 916 2558 Marti
932 2536 1041 2565 sacer,
1058 2525 1146 2556 unde
1164 2525 1340 2556 Mavortius
1351 2523 1434 2554 Silio
1451 2522 1519 2553 dic-

811 2583 875 2609 tus.
910 2577 1053 2616 Statius,
1063 2576 1169 2607 Theb.
1187 2585 1235 2606 vr.
1260 2576 1268 2591 ‘
1285 2574 1427 2604 adverso
1443 2571 1517 2602 risit

811 2627 983 2659 Gradivus
997 2626 1040 2658 ab
1054 2626 1175 2657 Haemo
1187 2624 1209 2656 :’
1226 2629 1260 2656 et
1271 2625 1330 2655 lib.
1345 2632 1408 2654 vn.
1425 2622 1517 2652 Mar-

811 2678 855 2709 tis
882 2678 1064 2718 hospitium
1091 2676 1301 2714 describens,
1336 2675 1345 2691 ⁴
1369 2671 1514 2702 adverso

810 2728 931 2761 domus
946 2728 1171 2760 immansueta
1187 2725 1250 2757 sub
1266 2721 1408 2757 Haemo:
1437 2719 1512 2752 Cal-
