1852 3182
524 209 575 239 IN
611 209 903 244 EUTROPIUM
939 215 1034 244 [ΑΒ.
1067 217 1097 245 l.

82 309 147 333 nec
163 310 226 342 per
241 302 404 333 somnium
417 302 630 342 cogitaram!
667 305 782 338 Barth.

129 353 218 389 Quod
232 363 286 384 nec
300 357 370 384 vota
384 354 468 394 pati]
498 355 626 385 Tullius
653 357 685 387 in
712 359 783 389 Ma-

83 403 208 434 niliana
223 414 289 434 non
304 405 403 444 longe
425 415 445 435 a
458 404 544 435 fine:
570 407 578 422 ‘
593 408 650 447 qni
668 418 686 438 a
707 409 783 440 Diis

84 454 330 485 immortalibus
348 460 398 486 tot
414 465 452 486 ac
465 460 576 487 tantas
594 467 646 488 res
662 460 785 490 tacitns

84 503 227 534 auderet
244 510 377 545 optare,
405 509 509 546 quot,’
535 509 598 538 διε.
642 509 784 540 Terent.

84 553 221 585 Phorm.
235 561 302 586 act.
316 565 349 586 v.
367 566 412 587 sc.
432 559 459 586 1.
478 556 566 588 fine:
592 558 688 590 Cim.
703 561 710 575 ‘
730 560 786 590 Dii

84 610 233 636 vostram
256 604 372 636 fidem!
397 616 497 647 quam
522 617 613 648 s‘aepe
629 608 719 640 forte
737 614 788 640 te·

84 664 177 686 mere
201 656 382 694 Eveniunt,
398 667 474 697 quae
493 667 556 689 uon
583 659 709 690 audeas
730 670 787 699 op-

85 710 159 736 tare
176 705 196 735 l'
230 706 361 737 AEneid.
390 716 440 738 1x.
458 711 488 738 6.
512 709 520 725 ⁴
538 709 627 749 quod
655 710 787 748 optanti

85 756 200 787 divum
237 758 440 797 promittere
478 768 574 790 nemo
613 759 789 791 Anderet:

87 806 162 838 Val.
191 807 214 838 l.
245 815 281 839 v.
305 817 337 838 c.
367 812 398 839 5.
431 810 439 825 ‘
455 809 658 849 legationem
687 820 789 851 snpra

85 862 165 889 vota
181 858 339 890 felicem:
362 859 539 901 Dempster.

128 908 255 940 Somnia
293 911 437 951 possunt]
477 912 570 942 Unus
610 911 788 944 Medicens

86 967 162 989 cum
176 959 356 991 Pricaeano
370 964 501 1000 possent.
526 961 568 992 D.
588 962 709 993 Heius.

130 1011 191 1039 173
215 1008 280 1040 Sub
294 1010 422 1049 pedibus
439 1010 535 1051 leges]
568 1012 655 1042 Sane
683 1012 711 1042 si
736 1022 791 1043 vo-

86 1059 220 1090 luntate
238 1069 298 1090 sua
316 1060 426 1100 potuit
443 1061 633 1100 propellere
651 1062 791 1101 quemli-

87 1108 147 1139 bet
164 1109 315 1149 impurus
331 1109 457 1149 Spado.
498 1111 677 1141 Restitisse
692 1121 789 1141 cona-

87 1157 179 1189 tibus
203 1159 274 1199 ejus
291 1160 399 1190 solum
421 1159 645 1192 Stilichonem
669 1160 794 1192 scribit

88 1211 256 1243 Zosimus.
284 1212 398 1242 Barth.

132 1263 195 1292 176
217 1261 292 1291 Jam
320 1261 391 1300 jam
425 1261 599 1292 dissimulat
643 1262 794 1303 dominos]

91 1310 176 1343 Quae
189 1310 297 1351 prima
310 1311 452 1342 audacia
466 1317 550 1343 erat.
576 1313 792 1344 Libertatem

90 1361 178 1391 enim
195 1361 361 1402 principio
377 1372 437 1402 pro
451 1362 596 1393 maxima
608 1373 645 1393 re
661 1363 794 1394 habuis-

91 1420 127 1441 se
157 1415 353 1451 portentum
380 1411 476 1451 dicit,
501 1422 599 1453 quam
628 1417 662 1442 et
686 1413 794 1453 ipsam

92 1459 297 1501 adepturum
309 1461 382 1501 jam
398 1462 653 1503 desperaverat.
678 1464 795 1494 Domi-

91 1519 153 1550 nos
167 1511 324 1551 Eutropii
337 1520 377 1542 eo
391 1511 535 1543 Consule
548 1513 657 1543 adhuc
672 1514 796 1544 vixisse

90 1561 201 1593 videri
218 1562 304 1602 vult,
329 1566 366 1593 ut
393 1563 483 1593 clare
500 1563 702 1603 praefatione
719 1564 796 1595 libri

92 1620 135 1642 11.
159 1612 256 1643 Idem.

136 1662 271 1702 Alteque
300 1665 472 1694 tumescunt
513 1663 646 1694 serviles
683 1663 796 1702 animi]

94 1713 146 1744 Ex
162 1713 237 1744 imis
254 1723 357 1754 usque
371 1713 529 1745 sordibus
542 1713 623 1752 suis,
635 1723 710 1754 quae
728 1722 798 1743 ser-

93 1763 178 1794 viles
193 1773 268 1795 suas
283 1763 422 1804 injurias
440 1763 544 1794 ulturi
562 1764 595 1793 in
613 1763 725 1794 omnia
742 1772 799 1793 ex-

95 1813 186 1844 celsa
217 1823 379 1845 exercere
418 1818 626 1855 potestatem
657 1819 800 1844 conten-

95 1862 195 1895 dunt.
219 1863 316 1894 Idem.

140 1915 203 1944 178
226 1913 339 1943 Meroe
376 1913 548 1953 campique]
578 1913 728 1946 Pacatus
759 1914 800 1944 de

96 1963 192 1995 Max.
223 1968 388 2004 tyranno:
427 1963 610 2004 ‘Impletae
648 1964 801 2005 fugitivis

96 2013 267 2046 nobilibus
282 2013 494 2051 solitudines,
511 2014 598 2044 bona
616 2015 804 2055 publicata,

97 2065 213 2105 capita
237 2064 423 2102 deminuta,
450 2064 544 2095 exuti
574 2065 700 2095 trabeis
727 2075 802 2096 con-

98 2115 245 2146 salares:
292 2114 357 2144 Hic
381 2124 463 2145 vero
488 2115 670 2145 Eunuchus
687 2125 802 2146 omnes

98 2166 241 2206 alicujus
268 2165 428 2196 momenti
444 2165 633 2202 submovet,
657 2170 692 2196 et
709 2166 803 2206 qnasi

99 2216 144 2248 de
159 2216 266 2257 gradu
279 2215 420 2256 dejicit;
444 2217 617 2256 praecipue
635 2216 803 2256 insignem

100 2266 209 2297 virum
239 2275 278 2296 ac
308 2271 482 2296 strenuum
518 2265 716 2303 Timauum,
748 2265 804 2305 qui

102 2325 180 2348 cum
211 2316 374 2346 Promoto
405 2315 530 2346 Consul
561 2314 674 2346 fuerat
705 2315 804 2347 Anno

102 2370 176 2400 389.
202 2367 324 2398 Claver.

146 2420 209 2449 180
235 2415 460 2455 Marmaricus]
494 2417 586 2448 Quos
603 2416 636 2446 in
651 2417 805 2447 exsilium

104 2471 312 2506 extruserat,
329 2467 362 2497 in
376 2476 415 2497 eo
437 2465 646 2497 interfecisse
665 2467 710 2497 ait
727 2465 806 2498 suri-

104 2526 200 2548 osum
229 2518 445 2555 nebulonem,
476 2526 542 2556 quo
574 2526 697 2556 genere
735 2517 807 2557 ipse

105 2566 210 2598 etiam
227 2573 349 2606 postea
366 2575 480 2605 poenas
497 2565 603 2596 dedit.
630 2566 743 2597 Barth.

150 2618 211 2647 181
235 2616 384 2655 Asperius
409 2616 489 2647 nihil
514 2620 559 2646 est
584 2617 708 2657 humili]
729 2617 810 2647 Sen-

108 2666 219 2698 tentia
235 2666 368 2706 nobilis,
393 2671 426 2696 et
453 2669 594 2698 multum
621 2668 809 2698 celebrata.

108 2718 208 2750 Idem.

154 2770 216 2800 183
243 2766 287 2800 Ut
309 2777 343 2800 se
365 2777 453 2810 posse
473 2768 601 2811 putent]
619 2769 812 2812 ‘Insperata

425 2912 441 2929 Q

1423 210 1441 250 1
1451 209 1533 251 459

835 308 923 339 enim
940 308 1087 341 felicitas
1104 314 1162 341 ant
1175 312 1328 350 potentia
1343 322 1407 343 non
1423 315 1535 346 credit

837 370 932 399 posse
950 371 1116 401 premere,
1133 372 1216 402 qnos
1233 373 1298 394 non
1316 365 1458 404 premit;
1477 375 1534 397 ne-

838 421 901 450 que
919 412 1077 442 aestimari
1105 418 1220 444 censet
1244 423 1306 453 pro
1333 419 1473 454 potente
1492 415 1534 447 ab

836 461 1037 502 hominibus,
1063 463 1126 493 nisi
1153 464 1319 495 violenter
1346 469 1461 496 utatur
1477 475 1535 506 po-

839 515 973 541 testate.

883 562 949 592 Nec
965 563 1062 592 bellna
1080 564 1205 603 tetrior]
1240 565 1472 597 I'roverbialis
1493 568 1539 597 lo-

839 611 943 642 cutio.
990 612 1176 643 Horatius:
1203 615 1211 630 ‘
1227 615 1344 646 Bellua
1357 616 1538 647 multorum

839 671 874 692 es
892 662 1065 702 capitnm.’

883 716 942 744 184
969 714 1084 744 Libera
1121 716 1195 745 colla
1229 715 1385 755 furentis]
1439 717 1539 756 Terga

839 762 963 803 Isingr.
987 768 1021 794 et
1039 764 1191 805 plerique
1209 775 1251 795 ex
1268 766 1412 797 nostris:
1438 776 1539 805 vere;

839 812 880 843 de
906 813 1102 844 verberibus
1129 814 1231 852 enim,
1258 824 1323 845 non
1348 815 1390 846 de
1417 821 1540 855 morte,

839 863 951 901 agitur
966 874 973 893 :
1011 864 1188 904 sequentia
1229 864 1439 897 confirmant.
1497 867 1541 898 D.

841 912 953 944 Heius.

887 966 944 993 185
971 963 1128 1003 Gemitus]
1152 965 1279 997 Quales
1296 965 1358 1005 ipsi
1376 975 1468 1006 saepe
1484 974 1539 996 ex-

843 1013 924 1043 torti
940 1018 1029 1044 sunt.
1053 1014 1168 1044 Barth.

887 1066 948 1093 186
974 1063 1071 1097 Quem
1081 1064 1233 1103 verberat,
1244 1064 1326 1103 odit]
1349 1065 1542 1096 Generosns

843 1121 923 1142 vero
941 1113 1070 1142 animus
1087 1113 1174 1152 fugit
1195 1115 1449 1153 crudelitatem,
1465 1116 1543 1156 qnia

844 1171 909 1192 non
925 1162 988 1192 sibi
1007 1163 1102 1202 punit
1119 1163 1176 1193 sed
1196 1164 1339 1201 legibus.
1365 1165 1461 1196 Idem.

889 1214 949 1242 187
975 1213 1071 1242 Nulla
1098 1213 1229 1252 pietate]
1268 1214 1416 1245 Pietatis
1444 1224 1541 1246 voca-

844 1261 923 1292 bulo
954 1262 1061 1293 utitur
1091 1263 1309 1302 Claudianus,
1339 1273 1401 1304 pro
1431 1274 1542 1295 amore

846 1322 979 1343 suorum
1006 1313 1187 1344 liberorum
1215 1319 1274 1344 ant
1302 1318 1541 1354 cognatorum:

844 1371 943 1402 quam
957 1362 1004 1393 ait
1016 1362 1048 1392 in
1064 1362 1228 1394 Eunucho
1239 1364 1360 1394 nullum
1371 1374 1456 1404 esse,
1468 1375 1544 1396 cnm

847 1411 959 1442 omnia
972 1412 1151 1451 agentibus
1168 1413 1259 1443 nulla
1276 1418 1388 1445 tamen
1411 1414 1544 1446 soboles

845 1462 975 1501 sperari
993 1461 1114 1493 valeat.
1138 1462 1232 1493 Idem.

891 1514 953 1543 189
977 1512 1161 1552 Animosque
1178 1513 1278 1552 ligant
1294 1515 1446 1546 consortia
1461 1516 1545 1546 dam-

845 1561 894 1601 ni]
918 1561 1060 1593 Didonis
1089 1563 1178 1602 apud
1210 1564 1407 1595 Maronem:
1445 1566 1453 1582 ‘
1468 1565 1545 1596 Non

847 1610 964 1650 ignara
982 1611 1058 1642 mali
1072 1612 1203 1643 miseris
1219 1623 1416 1645 succurrere
1428 1614 1546 1646 disco!

848 1662 946 1692 Idem.

894 1715 954 1742 190
979 1712 1036 1742 Ille
1060 1721 1114 1742 nec
1138 1711 1297 1751 eunuchis]
1335 1713 1399 1743 Iste
1427 1712 1547 1753 scripti

850 1761 976 1792 rectius
993 1772 1001 1791 ι
1026 1761 1114 1802 quod
1146 1766 1379 1801 contemptum
1410 1771 1480 1802 prae
1512 1772 1548 1793 se
1590 1794 1592 1797 ,

850 1811 929 1843 fert.
972 1812 1029 1842 Sic
1053 1812 1141 1851 Ajax
1165 1811 1254 1851 apud
1272 1811 1445 1850 Ovidium,
1472 1821 1551 1852 quo-

851 1862 915 1892 ties
932 1861 973 1891 de
990 1861 1110 1900 Ulysse
1138 1861 1299 1902 loquitur,
1314 1861 1387 1893 t'erc
1404 1870 1548 1902 semper.

851 1911 895 1941 D.
914 1911 1027 1941 Heius.

895 1962 953 1993 Ille
964 1973 1018 1993 nec
1030 1963 1174 1994 eunuchis
1186 1965 1342 2005 placidus]
1364 1965 1449 1996 Erat
1461 1964 1550 1996 enim

852 2021 952 2044 mauu
968 2011 1090 2051 factm,
1107 2022 1170 2043 non
1195 2018 1338 2052 uatura;
1364 2013 1452 2055 quod
1469 2023 1549 2055 quo·

853 2063 952 2093 modo
967 2062 1114 2094 fecerint
1138 2064 1260 2094 collisis
1277 2063 1455 2095 infantium
1478 2074 1554 2104 pro-

853 2113 952 2151 libus,
969 2117 1027 2144 ant
1044 2123 1180 2153 prorsus
1197 2114 1299 2145 etiam
1316 2114 1478 2154 exsectis,
1492 2115 1550 2146 do-

853 2168 909 2194 cet
927 2163 1052 2194 Paulus
1075 2162 1243 2203 AEgineta‚
1259 2164 1316 2194 lib.
1332 2173 1381 2194 vr.

898 2213 988 2251 Pejus
1003 2213 1036 2244 in
1051 2223 1158 2243 aarum
1173 2213 1313 2253 AEstuae]
1340 2214 1393 2244 De
1409 2213 1554 2245 avaritia

838 2263 1032 2293 monstrosi
1057 2263 1283 2293 semihominis
1312 2264 1477 2303 Zosimus,
1493 2263 1551 2295 lib.

854 2322 888 2343 v.
907 2313 961 2343 ubi
987 2313 1080 2344 vides
1103 2318 1209 2344 totum
1235 2313 1412 2344 Orientem
1429 2313 1553 2354 impuri

855 2363 951 2394 nnius
967 2364 1142 2395 nebulonis
1159 2364 1312 2395 avaritiae
1337 2364 1552 2396 servientem.

856 2414 971 2445 Barth.

902 2468 958 2496 191
987 2465 1113 2504 Libido]
1136 2464 1273 2496 Succisa
1295 2464 1400 2495 libido
1415 2463 1554 2496 fruitur.

858 2515 947 2546 Mira
964 2516 1183 2556 locutio,qua2
1201 2525 1267 2545 non
1284 2520 1371 2552 erat,
1389 2515 1466 2554 quia
1482 2520 1556 2546 erat

860 2567 999 2603 succisa,
1027 2567 1194 2607 quomodo
1211 2570 1347 2605 poterat
1368 2564 1459 2595 t'rui?
1499 2565 1555 2597 Sic

858 2618 979 2656 eaepius
995 2616 1113 2647 Po'etae
1132 2626 1139 2645 :
1164 2620 1199 2645 ut
1215 2624 1288 2645 cum
1305 2619 1418 2644 noster
1437 2614 1557 2645 Eutro-

862 2667 951 2708 pium
970 2668 1180 2703 Eunuchum,
1195 2671 1228 2695 et
1250 2665 1328 2694 nihil
1353 2664 1450 2694 simul
1467 2673 1556 2703 esse,

861 2716 950 2748 infra
980 2722 1143 2755 autumat,
1166 2715 1297 2746 scilicet
1322 2714 1400 2755 quia
1430 2718 1558 2754 praeter

860 2776 988 2800 marem
1003 2771 1039 2799 et
1053 2765 1225 2798 foeminam
1235 2764 1317 2796 nihil
1332 2764 1387 2798 sit.
1432 2763 1558 2798 Libido
