1851 3213
324 208 439 252 1298

326 315 455 346 undare
482 313 635 355 penates'
663 318 780 346 noster
808 323 912 354 supra
938 313 1032 344 dixe-

326 370 390 406 rat,
405 370 444 396 ut
465 366 474 382 ‘
490 364 614 395 undam
628 364 846 396 salutantum’
858 364 1034 404 Virgilius,

326 420 362 448 et
386 417 395 433 ‘
412 414 538 446 flumen
565 415 720 446 militum'
756 415 858 446 Silius
887 415 946 445 lib.
965 423 1033 446 ΧΠ.

325 467 335 484 ‘
353 468 478 499 Fertur
500 467 624 498 acerba
649 467 721 497 lues
747 466 901 506 disjectis
929 466 1034 496 incita

325 517 415 556 telis,
446 515 643 557 Effusaeque
672 521 774 547 ruunt
804 516 943 556 inopino
972 515 1034 547 flu-

325 568 416 598 mine
434 567 564 597 turbae!
612 566 667 597 Ita
694 575 773 597 vere
799 566 875 597 libri
900 566 1033 606 scripti.

326 617 450 657 Vulgo,
467 616 589 656 inopino
606 615 739 646 turbine.
763 617 808 647 D.
828 616 947 646 Heius.

329 687 335 692 -
369 667 433 698 428
455 667 529 696 Janz
544 676 663 705 secura,
688 666 767 706 ruit]
797 666 970 697 Praedone
989 666 1033 696 vi-

327 715 456 747 delicet
473 716 609 756 publivo
628 722 795 755 peremto,
823 717 936 747 Barth.

370 768 433 797 431
458 766 691 803 Lacerosjumt
708 767 753 796 ire
773 776 828 805 per
843 765 946 804 artas]
971 766 1035 796 Co-

328 815 422 847 dices
447 815 583 856 quidam
611 825 738 845 vacuos:
777 815 869 855 quod
896 815 1036 845 Delrius

328 875 510 907 perperam
541 864 677 906 probat,
707 875 781 896 cum
809 865 913 895 vacuis
937 866 1036 896 muris

327 917 430 956 paulo
442 920 520 946 ante
531 915 755 955 praecesserit.
780 915 908 946 Lucan.
923 915 983 945 lib.
994 923 1036 946 11.

328 967 337 983 ‘
358 965 443 996 Cum
466 965 596 996 laceros
620 969 713 996 artus
740 969 942 1006 aequataque
965 966 1037 997 vul-

327 1025 412 1047 nera
427 1015 587 1046 membris
603 1015 781 1045 Vidimus!
805 1016 849 1046 D.
866 1015 980 1046 Heins.

371 1067 504 1097 Laceros
518 1075 572 1106 per
595 1065 698 1104 artus]
733 1065 803 1096 Alii
831 1066 958 1097 habent
984 1076 1036 1096 ra-

327 1127 411 1156 caos,
437 1116 471 1146 id
496 1121 558 1155 est,
581 1125 770 1155 exsangues
796 1121 832 1148 et
857 1116 1033 1147 inanimes.

328 1168 385 1198 Sic
401 1167 532 1198 Statius
549 1167 606 1198 lib.
623 1175 674 1198 rx.
689 1167 857 1199 Thebaid.
881 1169 890 1184 ‘
906 1168 1036 1198 Vacuo-

329 1228 404 1249 rum
422 1222 516 1258 terga
533 1217 687 1248 leonum!
711 1217 834 1247 Schott.

371 1271 436 1299 432
461 1268 630 1306 Pressaque
641 1267 758 1297 calcato
773 1266 920 1305 vestigia]
946 1266 1039 1297 Alibi

330 1318 418 1349 dixit
452 1318 460 1335 ‘
477 1318 607 1349 truncis
638 1319 842 1358 immergere
879 1317 1036 1358 plantas?

331 1368 432 1401 Quod
450 1369 551 1398 etiam
564 1368 792 1408 Papiniauam
809 1368 1038 1409 granditatem

330 1417 476 1449 redolet.
500 1418 617 1449 Barth.

374 1470 436 1500 433
464 1470 596 1499 Certant
620 1468 733 1499 elidere
756 1467 858 1507 saxis]
883 1468 1040 1507 flagrant

331 1519 616 1559 Luceus.1singr.
635 1519 734 1559 prim.
748 1519 828 1550 Vat.
842 1524 877 1550 et
891 1519 1040 1559 quinque

329 1570 408 1601 alii:
434 1570 570 1600 omnino
595 1569 732 1600 rectius.
767 1569 912 1607 Statius,
929 1568 1035 1599 Theb.

330 1630 386 1652 111.
410 1621 418 1637 ‘
438 1630 516 1661 pars
532 1620 642 1651 visere
658 1619 807 1660 flagrant
831 1619 941 1650 Unius
961 1624 1039 1650 acta

330 1670 416 1701 viri!
461 1669 537 1701 Lib.
556 1679 591 1701 x.
616 1671 625 1686 ‘
642 1669 790 1709 flagrant
815 1671 972 1700 comitari
1000 1674 1035 1701 et

324 1719 471 1760 jungere
502 1719 624 1750 casus!
683 1720 737 1750 Sic
757 1719 897 1757 fervent,
925 1721 1038 1759 calent,

331 1771 457 1807 ardent,
481 1773 628 1809 oestuant,
655 1775 772 1800 noster
797 1770 962 1801 subinde:
997 1770 1039 1802 de

332 1820 454 1861 quibus
470 1820 559 1850 libro
577 1829 602 1851 1.
628 1830 676 1850 vs.
693 1823 767 1850 311.
794 1821 836 1850 D.
854 1820 967 1851 Heius.

374 1872 438 1901 434
464 1869 647 1908 prodigiale
670 1873 773 1909 capnt,
796 1870 864 1910 &ej
889 1871 1040 1902 Immane

331 1921 407 1961 hoc,
428 1921 487 1952 sed
505 1926 617 1953 tamen
636 1920 805 1962 frequens,
831 1922 920 1962 quod
947 1932 1041 1953 exer-

333 1973 403 2004 cuit
421 1973 603 2004 Dolabella
619 1973 652 2003 in
667 1973 703 2004 C.
716 1973 931 2004 Trebonium.
944 1974 1037 2004 Tull.

331 2024 485 2064 Philipp.
505 2032 555 2055 ιι.
601 2023 775 2063 Angustus
805 2029 910 2064 caput
943 2025 1042 2055 Bruti

333 2073 476 2104 Romam
493 2073 594 2112 misit,
611 2077 649 2103 ut
666 2078 787 2104 statuae
802 2073 947 2104 Caesaris
965 2074 1042 2105 sub-

332 2123 543 2154 mitteretur.
578 2123 671 2154 Suet.
700 2124 732 2153 iu
750 2133 789 2154 eo
816 2133 891 2164 cap.
911 2127 962 2156 13.
989 2135 1041 2156 ca·

334 2178 398 2214 put
414 2173 536 2205 Galbae
552 2173 638 2215 Aug.
654 2174 728 2204 lixis
742 2174 985 2216 calonibusque
1000 2176 1042 2207 ab

335 2224 473 2255 Othone
489 2225 663 2264 donatum,
683 2225 789 2255 hastae
805 2224 955 2265 affixum,
976 2235 1043 2256 non

335 2274 407 2305 sine
423 2275 567 2305 ludibrio
582 2275 712 2305 circum
729 2280 840 2305 castra
858 2280 1043 2315 portatum.

334 2324 433 2355 Suet.
461 2325 495 2354 in
522 2325 646 2364 Galba,
675 2335 749 2365 cap.
766 2328 819 2356 20.
845 2326 959 2366 Silius,
985 2326 1043 2357 lib.

336 2383 431 2406 xvn.
454 2375 462 2391 ί
482 2374 603 2405 Servili
628 2374 696 2405 fers
721 2385 782 2406 ora
808 2376 904 2407 ducis
923 2376 1044 2407 suffixa

335 2424 479 2456 veruto.'
517 2426 639 2455 Lucan.
657 2425 713 2456 lib.
729 2435 770 2456 11.
788 2426 830 2457 de
846 2426 950 2467 Syllae
968 2436 1043 2457 cru-

336 2474 503 2506 delitate:
541 2475 550 2491 ‘
568 2475 666 2506 Colla
694 2475 816 2507 dueum
843 2476 912 2516 pilo
940 2477 1043 2516 trepi-

336 2525 415 2557 dam
432 2528 564 2566 gestata
579 2534 640 2565 per
657 2525 795 2557 urbem.'
821 2527 913 2566 Lege
925 2527 1044 2557 Senec.

335 2576 394 2609 lib.
411 2585 467 2607 111.
493 2577 654 2607 Controv.
673 2579 725 2607 17.
742 2581 778 2607 et
804 2578 1043 2618 antiquitatem

336 2625 437 2666 hujus
460 2628 545 2657 ritus
562 2626 653 2656 disce
672 2636 714 2656 ex
729 2626 873 2657 Marone
894 2628 969 2658 AEn.
989 2636 1042 2659 lx.

340 2677 383 2708 (le
400 2678 538 2718 Euryali
557 2682 592 2708 et
607 2678 680 2707 Nisi
694 2683 824 2708 morte:
851 2681 858 2694 ‘
875 2678 965 2710 Quin
979 2679 1044 2719 ipsi

338 2729 495 2768 arrectis,
507 2729 579 2760 visu
592 2729 757 2769 mirabile,
769 2730 799 2759 iu
811 2730 915 2760 hastis
930 2730 1045 2761 Praefi-

338 2784 425 2823 gunt
440 2780 576 2823 capita!
621 2780 677 2814 Sic
694 2781 806 2814 saeviit
825 2781 860 2813 in
877 2781 1046 2823 Hippolo-

595 218 739 250 NOTAE
771 218 1042 250 VARIORUM
1076 218 1128 248 IN
1163 218 1236 248 CL.
1268 216 1453 249 CLAUD.
1482 218 1525 248 V.

1085 313 1182 344 chum
1195 314 1374 354 Trojanum
1388 312 1635 352 Agamemnon.
1658 311 1790 353 Victor,

1086 373 1220 395 xxvm.
1238 368 1268 395 8.
1286 365 1377 394 Flor.
1396 373 1452 395 111.
1470 366 1522 394 10.
1547 363 1692 403 Dempst.

1130 415 1219 449 Quod
1229 415 1294 453 jam
1309 415 1346 444 de
1360 414 1485 453 cuspide
1500 422 1619 443 summa
1634 411 1791 453 Nutabat]

1088 464 1185 494 More
1211 464 1441 494 vetustissimo
1468 462 1561 493 velut
1587 462 1794 503 triumphan-

1085 513 1170 544 tium
1187 514 1229 544 de
1246 514 1412 551 hostibus,
1440 522 1580 554 quorum
1599 512 1792 552 principum

1085 564 1199 605 capita
1211 565 1317 596 hastis
1331 564 1474 605 praefixa
1487 564 1518 595 in
1536 563 1636 594 urbes
1650 562 1793 594 reduce-

1085 613 1220 645 bantur.
1248 615 1362 646 Barth.

1127 669 1192 697 436
1214 666 1375 706 Dextera]
1399 666 1541 697 Manum
1567 665 1683 696 Rufini
1711 664 1793 696 dex-

1087 720 1172 746 tram
1202 726 1280 756 pop.
1306 717 1517 756 Byzantinus
1544 714 1655 746 fertur
1686 714 1793 745 absci-

1086 765 1187 802 disse,
1203 776 1242 796 ac
1261 775 1321 805 per
1336 767 1404 796 vias
1422 767 1514 797 urbis
1531 765 1794 805 circumtulisse,

1087 819 1125 844 ut
1149 815 1295 845 ostiatim
1313 815 1526 845 mendicaret
1543 819 1622 855 post
1638 819 1796 855 mortem,

1087 865 1144 905 qui
1171 865 1268 895 vivus
1299 865 1448 905 singulos
1478 870 1622 904 argento
1654 874 1794 895 emunx-

1087 919 1173 953 erat,
1189 914 1279 955 quod
1291 915 1432 954 pulchre
1450 914 1559 945 Poeta
1573 915 1793 945 enunciavit:

1087 965 1234 1006 quivero
1245 974 1380 996 manum
1391 965 1483 995 illam
1495 964 1709 1004 ostentabat,
1720 964 1796 996 haec

1087 1025 1243 1046 sermone
1262 1016 1385 1056 patrio,
1404 1015 1500 1056 quasi
1517 1014 1710 1056 perjocum
1728 1015 1796 1045 cla-

1086 1066 1249 1098 mitabat:
1275 1070 1380 1097 ΔΟΤΕ
1402 1070 1606 1104 ΑΠΛΗΚΤΩ,
1623 1066 1731 1106 iisque
1748 1065 1796 1097 sic

1087 1119 1232 1149 multum
1250 1119 1404 1159 pecuniae
1429 1129 1469 1148 vx
1495 1129 1531 1149 re
1555 1118 1688 1149 ludicra
1709 1117 1797 1148 obti-

1089 1169 1149 1209 git.
1195 1169 1237 1199 B.
1255 1169 1484 1209 Hieronymus
1501 1179 1508 1199 :
1534 1170 1543 1185 ‘
1562 1167 1676 1198 Rufini
1692 1171 1798 1207 caput

1089 1220 1160 1259 pilo
1185 1224 1370 1259 gestatum,
1397 1219 1549 1250 abscissa
1572 1228 1692 1249 manus
1717 1217 1798 1248 dex-

1089 1273 1153 1306 tra,
1171 1269 1212 1299 ad
1238 1269 1385 1300 dedecus
1402 1268 1602 1299 insatiabilis
1627 1267 1797 1309 avaritiae,

1089 1319 1238 1349 ostiatim
1256 1319 1383 1358 scipem
1401 1318 1628 1350 mendicavit!
1654 1319 1776 1349 Claver.

1133 1372 1194 1399 437
1220 1369 1389 1409 Poenasqne
1405 1370 1502 1400 animi
1521 1369 1670 1409 persolin't
1693 1368 1797 1409 avare]

1090 1419 1302 1460 Fraudesque,
1327 1420 1471 1450 Lucens.
1490 1419 1613 1459 Isingr.
1641 1423 1677 1449 et
1702 1419 1799 1460 quin-

1091 1479 1156 1510 que
1174 1469 1230 1500 alii
1248 1479 1290 1500 ex
1314 1469 1524 1500 melioribus.
1570 1469 1640 1499 Pro
1655 1469 1798 1509 vivosque

1089 1521 1216 1551 imitata
1240 1524 1388 1559 retentus,
1412 1520 1509 1550 multi
1538 1525 1672 1551 veteres
1695 1529 1799 1559 recep-

1090 1574 1166 1609 tus;
1190 1581 1209 1602 a
1227 1570 1433 1611 recipiendis
1458 1569 1673 1600 muneribus:
1709 1569 1798 1610 quod

1091 1621 1219 1660 nescio,
1246 1631 1287 1651 au
1313 1621 1394 1651 satis
1421 1620 1465 1651 sit
1492 1620 1666 1650 Latinum.
1713 1620 1799 1650 Mox

1090 1672 1237 1702 adductos
1253 1671 1365 1710 digitis
1377 1671 1535 1711 inflectere
1548 1679 1657 1700 nervos
1670 1670 1799 1709 primus

1090 1722 1280 1753 Vaticanus
1309 1727 1344 1752 et
1381 1721 1589 1759 Oiselianus‚
1625 1730 1691 1751 non
1721 1731 1798 1752 cum

1090 1773 1239 1812 vulgatis
1269 1772 1413 1804 adductis
1441 1771 1558 1810 digitos
1585 1771 1700 1801 nervis.
1750 1773 1798 1803 D.

1091 1823 1211 1853 Heius.
1531 1827 1534 1832 ’

1133 1877 1196 1905 438
1218 1874 1368 1914 Vtrosque
1380 1874 1533 1914 retentus]
1555 1873 1711 1904 Hominis
1723 1881 1800 1904 ava-

1093 1924 1121 1954 ri
1137 1929 1240 1965 atque
1258 1924 1390 1964 rapacis
1415 1933 1530 1954 manus
1555 1929 1799 1964 comparantur

1093 1974 1259 2013 unguibus
1275 1972 1405 2012 ferinis,
1433 1974 1510 2013 quia
1533 1972 1618 2003 ferae
1643 1974 1797 2004 volucres

1094 2033 1151 2055 eos
1167 2023 1328 2064 injiciunt
1344 2023 1530 2053 retinendis
1547 2022 1727 2063 unguibus.

1135 2078 1200 2105 440
1224 2074 1358 2106 Desinat
1370 2074 1460 2105 elatis
1473 2075 1631 2114 qaisquam
1647 2073 1800 2115 confidere

1093 2125 1197 2165 rebus]
1222 2126 1300 2158 Jam
1318 2125 1361 2155 ad
1385 2124 1678 2155 confirmationem
1699 2133 1799 2165 argu-

1094 2176 1200 2206 menti
1218 2175 1387 2216 principio
1403 2175 1504 2215 primi
1528 2174 1607 2205 libri
1632 2174 1799 2214 propositi

1095 2227 1156 2257 sub
1173 2226 1332 2266 exemplo
1350 2225 1473 2256 Rufini.
1519 2225 1597 2255 Huc
1620 2224 1668 2254 ait
1695 2224 1801 2264 respi-

1095 2276 1238 2314 cientes,
1264 2275 1322 2316 qui
1350 2275 1445 2305 malis
1473 2273 1602 2304 artibus
1627 2273 1670 2303 ad
1695 2272 1799 2314 insig-
1850 2307 1851 2314 ἵ

1094 2336 1171 2357 nem
1185 2326 1330 2366 aliquam
1343 2324 1530 2365 potentiam
1542 2323 1696 2364 provecti
1709 2329 1800 2364 sunt,
1832 2329 1838 2335 ·

1095 2375 1252 2406 desinant
1268 2375 1336 2405 alta
1353 2374 1490 2405 cervice
1505 2373 1651 2413 ingredi,
1667 2377 1703 2404 et
1719 2374 1799 2404 For-

1094 2431 1187 2458 tunae
1212 2425 1361 2456 faventis
1389 2424 1619 2455 lubricitatem
1645 2423 1799 2455 conside-

1094 2481 1182 2507 rent.

1135 2529 1197 2558 441
1223 2525 1443 2564 Instabilesque
1469 2522 1568 2562 Deos]
1615 2523 1797 2560 Fortunam,

1094 2587 1192 2618 quam
1218 2576 1368 2607 Deorum
1395 2574 1543 2605 omnium
1569 2573 1704 2603 nomine
1734 2573 1799 2605 cir·

1095 2629 1354 2668 cumloquuntur
1370 2625 1568 2665 scriptores,
1595 2624 1729 2665 quoties
1753 2624 1798 2656 de

1093 2677 1317 2710 instabilitate
1332 2685 1443 2706 rerum
1460 2683 1568 2705 sermo
1587 2674 1744 2705 vertitur.

1137 2729 1217 2759 Inst.
1234 2728 1329 2766 Deos,
1353 2736 1389 2757 ac
1412 2725 1530 2756 lubrica
1553 2723 1695 2763 numina]
1717 2723 1797 2755 Non

1093 2779 1166 2811 sine
1202 2776 1431 2810 reconditiore
1467 2774 1623 2808 doctrina
1657 2772 1798 2807 numina
