1851 3213
298 208 414 250 1248

344 315 406 345 193
425 311 579 353 Orbisque
588 312 712 352 ruinas]
728 311 938 343 Divitiarum
951 319 1007 341 ex-

299 363 472 396 suetiones
505 368 540 394 et
560 363 857 394 'conturbationes
890 371 1007 402 opum,

299 413 390 445 unde
401 413 614 445 Conturbare
630 422 763 454 quoqne
774 413 934 443 dicuntur
950 411 1008 452 qui

299 455 396 496 bofiis
412 463 627 494 exciderunt.
651 462 768 493 Barth.

344 513 499 554 Orbisque
512 512 635 552 ruiruas]
661 513 784 552 Isingr.
799 516 834 543 et
849 511 1009 543 Patavin.

297 564 426 605 rapinas
437 574 447 594 ε
471 568 579 603 recte,
592 563 656 594 nisi
669 562 793 593 ruinam
805 563 922 594 mavis.
937 562 1008 593 Pro

299 616 407 646 domus
423 616 527 646 etiam
550 623 658 645 manus
673 617 818 655 quatuor
834 614 891 644 alii
906 625 913 644 :
939 614 1009 654 pla-

300 671 370 697 cet:
385 666 441 697 lib.
460 674 484 696 1.
502 667 535 696 iu
555 665 701 705 Eutrop.
724 665 733 681 ‘
748 673 836 694 nunc
853 663 1010 694 uberiore

300 716 422 756 rapina
448 716 579 747 Peccat
605 715 639 746 in
667 714 750 746 orbe
784 713 925 745 manus!
964 714 1009 745 D.

302 767 418 798 Heius.

347 819 408 847 194
431 816 558 856 Acc1'pit
575 825 636 845 uua
656 813 779 852 domus]
811 811 925 843 Rufini
953 811 1011 842 do-

301 876 376 898 mus
393 870 466 897 erat
483 864 578 905 quasi
594 863 757 903 spelunca
771 862 956 893 latrocinii.

346 916 462 957 Populi
476 915 594 946 servire
609 913 722 953 coacti]
747 913 916 944 Venditos
939 912 1012 942 vult

302 967 436 1009 pretio;
461 975 581 1007 parum
610 964 759 996 sollicito
781 962 906 994 Rufino
930 972 1012 1003 quo-

301 1017 402 1049 modo
434 1016 620 1058 provinciae
658 1019 872 1055 regerentur,
909 1014 1011 1045 modo

301 1068 449 1109 pretium
463 1077 482 1098 a
493 1065 703 1098 Praesidibus
716 1070 794 1096 ante
806 1066 1011 1106 ingressum,

302 1123 446 1160 postque
470 1116 813 1155 administrationem,
841 1120 877 1146 et
898 1116 933 1146 in
960 1125 1012 1156 ea,

301 1170 430 1210 grande
447 1168 489 1199 ad
512 1178 547 1199 se
572 1167 712 1199 rediret.
757 1167 835 1198 Hoc
857 1175 937 1197 vere
960 1170 1012 1197 est

301 1219 490 1260 deglubere
507 1227 599 1249 oves.
623 1217 740 1248 Barth.

346 1273 408 1301 197
436 1268 608 1307 Oceanum]
643 1268 786 1298 Limites
812 1267 872 1298 lios
897 1267 1011 1298 crede-

300 1321 385 1353 bant
400 1322 456 1357 τῆς
472 1318 660 1359 οἰκουμένης,
683 1323 752 1350 tam
768 1319 876 1358 inepti
894 1319 1012 1350 talium

302 1381 414 1402 rerum
455 1369 687 1410 indagatione,
724 1372 762 1398 nt
799 1367 1013 1398 Britanniam

303 1431 380 1462 qua:
398 1430 441 1451 ex
456 1420 577 1451 Galliae
595 1418 750 1450 confiniis
766 1418 919 1459 conspici
933 1418 1013 1449 emi-

303 1481 366 1502 nus
392 1470 559 1512 potuerit,
581 1470 683 1501 alium
706 1469 822 1501 orbem
848 1470 1012 1510 putarint.

302 1521 429 1563 Itaque
446 1521 624 1552 Oceanum
638 1520 942 1561 navigaturosjam
956 1521 1013 1551 So-

303 1572 370 1604 lem
402 1572 606 1613 relinquere,
633 1576 669 1602 et
697 1572 730 1602 in
760 1572 914 1602 Deorum
945 1581 1014 1602 non

302 1622 474 1653 hominum
492 1622 591 1652 sedes
615 1622 665 1652 ire
687 1621 858 1652 dicebaut.
904 1621 1014 1652 Pedo.

303 1673 428 1713 Itaque
445 1673 487 1702 ad
505 1672 683 1703 Oceanum
700 1672 830 1712 venire,
845 1676 919 1703 erat
935 1669 1015 1703 u‘lti-

304 1733 375 1754 mas
390 1724 447 1759 τῆς
462 1721 639 1761 οἰκουμένης
657 1732 731 1754 oras
747 1728 878 1762 tenere,
897 1733 964 1764 quo
980 1727 1015 1754 et

305 1773 460 1806 fabulosa
477 1784 621 1815 quaeque
640 1774 916 1805 removebantur.

349 1825 475 1855 Rutilos
502 1824 561 1855 tibi
591 1823 709 1865 Lydia]
746 1824 803 1855 Ob
832 1825 1015 1856 Pactolum

305 1873 501 1915 Χρυσόρῤοαν
540 1874 826 1914 cognominatum.
887 1875 1015 1906 Similia

306 1934 356 1957 lv.
381 1926 481 1956 Cous.
510 1926 601 1956 Hon.
631 1927 640 1941 ‘
659 1925 710 1955 Tu
739 1925 819 1955 licet
844 1929 1015 1956 extremos

304 1976 375 2007 late
392 1976 569 2006 dominere
587 1984 647 2016 per
674 1975 790 2014 Indos,
816 1977 863 2006 Te
881 1977 1017 2016 Medus,

306 2031 340 2056 te
358 2026 467 2057 mollis
484 2026 608 2064 Arabs,
634 2030 668 2056 te
683 2028 782 2056 Seres
800 2027 957 2065 adorent,
982 2027 1016 2057 Si

304 2076 443 2115 metuis,
460 2077 486 2108 si
503 2087 610 2117 prava
626 2077 734 2117 cupis,
757 2078 783 2108 si
801 2078 913 2108 ducor·
953 2080 1016 2118 ira,

305 2126 445 2157 Servitii
464 2129 594 2167 patiere
604 2128 748 2168 jugum,'
766 2131 829 2160 ἃς..
857 2130 973 2160 Barth.

351 2182 413 2210 198
446 2181 582 2221 Cyrique
612 2180 711 2220 tiara]
748 2180 878 2221 Scripti
909 2182 1017 2212 salium

310 2229 386 2269 Cyri
405 2230 564 2270 Croesz'que
588 2231 684 2268 tiara,
709 2232 762 2262 vel
788 2232 901 2263 tiaroe:
934 2233 1018 2263 nihil

307 2284 414 2319 muto,
441 2281 505 2310 nisi
525 2282 613 2322 quod
630 2284 729 2312 tiaras
746 2283 858 2313 malim
875 2295 881 2314 :
910 2289 949 2315 ut
966 2293 1016 2315 ιν.

309 2331 410 2362 Cons.
438 2332 529 2363 Hon.
551 2333 559 2347 ‘
581 2333 750 2363 Barbarus
778 2333 921 2365 Arsacio
938 2344 1016 2365 con-

308 2386 466 2422 surgeret
483 2392 540 2413 ore
558 2383 884 2424 tiaras.’Vulgatam
900 2385 933 2415 in
951 2394 1017 2415 cao-

308 2433 393 2464 teris
419 2433 623 2473 scripturam
645 2435 726 2474 jure
749 2436 909 2466 Bai-thius
933 2445 1018 2476 prae-

309 2482 390 2514 fert.
417 2484 459 2513 D.
479 2483 592 2514 Heius.

354 2536 418 2564 199
442 2534 609 2574 Nunquam
626 2536 710 2566 dives
730 2536 806 2575 eris]
831 2537 957 2568 Pulcre
974 2547 1018 2567 ex

311 2584 442 2615 Rutilio
460 2585 568 2624 Lupo,
595 2585 655 2616 lib.
674 2594 714 2616 11.
758 2587 767 2602 ‘
789 2587 1016 2628 Nequaquam

310 2634 393 2666 mihi
410 2635 505 2666 dives
522 2640 587 2675 est,
610 2636 763 2677 quamvis
788 2638 895 2667 multa
912 2638 1017 2676 possi-

310 2686 406 2726 deat,
423 2686 480 2728 qni
498 2696 609 2726 neque
621 2686 720 2717 finem
734 2687 838 2717 habet
855 2688 1016 2728 cupiendi

310 2745 423 2777 neque
439 2736 573 2767 niodum
599 2737 721 2768 statuit
746 2737 877 2768 utendi.
927 2738 1017 2769 Nam

311 2790 348 2818 et
362 2786 504 2819 multum
519 2787 715 2819 desiderare
732 2792 786 2820 est
803 2788 936 2829 egentis
953 2789 1018 2830 sig-

549 218 694 249 NOTAE
726 216 992 248 VARIORUM
1027 216 1079 246 ΙΝ
1113 216 1189 246 CL.
1221 215 1405 246 CLAUD.
1440 215 1514 244 111.

1057 319 1148 349 num,
1175 314 1212 340 et
1238 309 1321 340 nibil
1350 317 1492 350 parcere
1518 308 1683 349 egestatis
1711 313 1765 342 est

1058 360 1214 391 initium!
1274 360 1366 391 Hinc
1390 359 1515 390 Horat.
1544 363 1641 390 recte
1667 358 1769 400 dicit,

1056 411 1118 442 lib.
1145 419 1201 442 ιιι.
1237 411 1293 442 od.
1322 414 1354 442 9.
1395 411 1403 427 ‘
1421 409 1500 440 Non
1528 408 1764 449 possidentem

1058 461 1165 492 multa
1182 462 1359 493 vocaveris
1377 462 1485 492 Recte
1502 459 1661 491 beatum:
1693 469 1768 492 rec-

1059 511 1128 542 tius
1145 517 1291 552 occupat
1316 512 1450 543 Nomen
1470 509 1575 551 beati,
1601 510 1660 551 qui
1688 509 1768 542 deo·

1060 571 1132 592 rum
1146 562 1347 593 Muneribus
1361 561 1535 602 sapienter
1547 560 1612 599 uti,
1624 560 1770 591 Duram-

1061 622 1125 653 que
1142 612 1245 643 callet
1260 613 1460 654 pauperiem
1477 611 1564 652 pati,
1590 611 1768 652 Pejusque

1060 662 1152 693 letho
1169 661 1335 701 flagitium
1352 662 1472 702 timet,’
1488 664 1552 693 &c.
1576 661 1694 694 Barth.

1104 714 1167 742 200
1202 711 1329 752 Semper
1354 711 1443 752 inops
1472 711 1643 752 quicunque
1669 709 1771 751 cupit]

1061 762 1108 792 Et
1133 761 1207 792 liaec
1231 761 1391 793 traducta
1415 762 1575 793 videntur
1600 762 1712 793 omnia
1727 770 1770 801 ex

1061 810 1184 841 divinis
1210 811 1345 842 monitis
1369 813 1525 852 Senecae,
1553 813 1662 853 Epist.
1689 820 1770 844 xvx.

1063 861 1072 878 ί
1091 860 1146 892 Ab
1164 862 1312 902 Epicuro
1330 863 1459 894 dictum
1485 868 1560 895 est:
1587 864 1621 895 Si
1644 863 1687 894 ad
1714 873 1771 895 na-

1064 916 1176 943 turam
1201 912 1305 951 vives,
1331 923 1503 955 nunquam
1525 914 1592 944 eris
1618 923 1771 954 pauper;

1063 963 1089 994 si
1107 963 1149 995 ad
1163 963 1551 1005 opinionem,nunquam
1562 963 1666 996 dives.
1691 964 1772 995 Exi-

1064 1024 1166 1055 guum
1197 1019 1321 1047 natura
1348 1015 1533 1055 desiderat,
1569 1014 1685 1056 opinio
1711 1015 1773 1046 im-

1063 1065 1240 1105 mensum,'
1255 1067 1322 1097 Aac.
1357 1065 1525 1107 Apuleius
1540 1065 1686 1106 Apolog.
1710 1067 1719 1083 ‘
1737 1065 1772 1097 Is

1063 1116 1247 1157 plurimum
1263 1116 1406 1148 habebit
1423 1118 1481 1158 qui
1495 1117 1668 1148 minimum
1686 1117 1774 1148 desi-

1064 1166 1200 1196 derabit
1211 1166 1368 1205 ,habebit
1382 1167 1471 1197 enim
1489 1170 1652 1207 quantum
1666 1167 1772 1208 volet,

1064 1215 1121 1257 qui
1140 1216 1231 1246 volet
1248 1215 1445 1247 minimum!
1468 1216 1565 1248 Idem.

1107 1268 1169 1296 201
1204 1266 1367 1297 Fabritius
1394 1267 1506 1307 parvo]
1551 1269 1707 1299 Lucanus
1737 1268 1774 1299 li-

1065 1315 1127 1346 bro
1146 1324 1182 1347 x.
1213 1317 1222 1332 ‘
1239 1316 1335 1346 Pone
1359 1316 1464 1347 duces
1491 1318 1622 1357 priscos
1651 1322 1687 1349 et
1714 1329 1772 1349 nn-

1065 1366 1157 1396 mina
1175 1366 1335 1406 pauperis
1353 1367 1417 1397 aevi
1435 1367 1618 1408 Fabritios,
1638 1367 1776 1400 Curios-

1067 1425 1131 1456 que
1150 1425 1282 1456 graves,
1306 1416 1362 1447 hic
1386 1416 1442 1447 ille
1467 1417 1646 1448 recumbat
1660 1418 1775 1449 Sordi-

1067 1466 1130 1496 dus
1157 1466 1337 1497 Hetruscis
1365 1467 1532 1498 abductus
1550 1468 1676 1499 Consul
1703 1477 1776 1500 ara-

1067 1516 1153 1548 tris.'
1193 1517 1286 1550 Quos
1300 1524 1370 1548 tres
1385 1518 1456 1558 ejus
1471 1518 1662 1550 imitatione
1677 1518 1776 1550 Clau-

1067 1571 1185 1602 dianus
1202 1572 1266 1602 hoe
1283 1572 1357 1603 loco
1374 1572 1529 1613 protulit.

1110 1622 1246 1652 Munera
1261 1623 1397 1663 Regum]
1421 1624 1644 1664 Quaecunque
1670 1633 1689 1654 a
1710 1623 1775 1654 Re-

1067 1672 1167 1712 gibus
1179 1673 1252 1704 dari
1266 1678 1515 1714 poterant,non
1528 1675 1633 1706 solum
1649 1675 1776 1715 Pyrrhi

1067 1723 1168 1764 illius,
1185 1724 1242 1754 sed
1261 1723 1422 1766 quicquid
1440 1725 1546 1766 regali
1564 1726 1693 1757 ambitu
1710 1735 1780 1757 mo-

1067 1784 1139 1804 rum
1172 1775 1300 1814 regulae
1336 1784 1462 1806 nocere
1494 1785 1592 1816 posse
1622 1776 1776 1808 videbat.

1071 1825 1183 1856 Barth.
1514 1852 1518 1857 .

1111 1879 1174 1907 202
1199 1875 1370 1916 Serranus]
1396 1876 1542 1907 Rutilius
1567 1876 1730 1908 Itinerar.
1748 1886 1772 1908 1.

1067 1926 1246 1966 ‘Exiguus
1286 1927 1419 1966 Regum
1457 1926 1625 1958 Rectores
1656 1936 1777 1968 cespes

1069 1975 1195 2015 alebat,
1222 1977 1268 2006 Et
1290 1975 1510 2007 Cincinnatos
1527 1977 1651 2017 jugera
1668 1986 1779 2018 pauca

1068 2025 1208 2056 dabant.
1254 2025 1342 2056 Haec
1360 2026 1463 2056 etiam
1488 2026 1585 2057 nobis
1601 2036 1668 2057 non
1692 2026 1777 2059 infe-

1070 2076 1158 2106 riora
1175 2075 1333 2107 feruntur
1344 2077 1492 2107 Vomere
1508 2076 1645 2108 Serrani
1661 2078 1780 2109 Fabri-

1070 2127 1176 2168 tiique
1194 2126 1293 2158 foco.y
1337 2127 1479 2159 Suaabat
1496 2127 1597 2168 dixit,
1613 2132 1650 2159 ut
1665 2129 1777 2170 ipsum

1069 2187 1206 2209 manum
1245 2178 1341 2218 operi
1379 2178 1572 2210 admovisse
1609 2179 1776 2212 declaret.

1070 2229 1170 2260 Idem.

1113 2281 1175 2309 203
1203 2278 1298 2318 Casa]
1323 2278 1420 2318 Vilis,
1446 2280 1597 2320 plebeia,
1623 2280 1665 2312 de
1689 2280 1778 2312 ruris

1069 2329 1305 2370 similitudine,
1323 2330 1389 2360 imo
1402 2331 1435 2361 in
1450 2331 1526 2371 ipso
1542 2340 1620 2362 rure
1636 2330 1777 2362 domun-

1070 2380 1158 2411 cula.

1112 2431 1278 2469 Pugnaces
1294 2431 1421 2472 Curios]
1451 2432 1565 2462 Mares
1582 2437 1681 2464 vocat
1696 2432 1776 2465 inde

1072 2481 1254 2512 Horatius:
1278 2482 1287 2498 ‘
1305 2483 1350 2512 Et
1373 2483 1521 2513 maribus
1539 2482 1651 2514 Curiis
1668 2489 1704 2515 et
1719 2484 1777 2514 de-

1070 2537 1210 2563 cantata
1247 2533 1398 2563 Camillis
1413 2532 1436 2563 τ’
1482 2532 1517 2563 in
1552 2534 1776 2574 opprobrium

1069 2583 1175 2614 seculi
1191 2583 1251 2614 sui.
1297 2584 1404 2614 Erant
1427 2583 1515 2614 enim
1540 2584 1597 2624 qui
1622 2584 1718 2616 vultu
1741 2589 1778 2616 et

1071 2635 1204 2665 incessu
1220 2633 1377 2664 foeminas
1393 2633 1627 2674 morbumque,
1655 2638 1694 2665 ut
1715 2634 1777 2667 Ju-

1069 2686 1197 2717 venalis
1213 2685 1378 2726 appellat,
1395 2684 1608 2715 fatebantur.
1630 2685 1748 2717 Barth.

1112 2739 1175 2767 204
1201 2737 1280 2767 Haec
1302 2736 1382 2767 mihi
1404 2739 1573 2776 paupertas
1594 2735 1776 2777 augustior]

1072 2788 1257 2830 Opulentior
1274 2788 1436 2829 Isingrin.
1461 2788 1607 2820 Lucens.
1629 2786 1774 2829 Gyrald.

1838 1464 1845 1676 -›.-...-—x.--..-—..
1840 1404 1845 1455 *affl
1840 1341 1845 1374 >u
1842 1300 1845 1310 Α
