1851 3213
311 191 426 233 1266

313 297 322 314 ‘
342 300 478 337 pontem
494 296 687 335 indignatus
702 294 856 325 Araxes!
899 293 1020 324 Araxis

315 351 428 377 autem
446 346 579 377 nomine
603 345 784 385 postremis
801 344 922 374 seculis
941 344 1019 372 Par-

313 397 380 428 thia
410 407 469 428 seu
502 397 611 427 Persia
652 395 760 426 omnis
799 394 1018 425 censebatur.

316 448 415 479 Idem.

359 502 421 530 377
448 499 605 529 Graribus
613 497 714 538 ferri]
747 496 845 528 Idem
861 505 900 526 ae
917 494 1021 533 sifer-

314 560 349 580 ro
376 550 529 580 dixisset.
589 549 645 579 Sic
672 548 850 586 Horatius,
877 546 936 578 lib.
963 555 1020 576 111.

313 601 425 631 Carni.
443 603 494 630 27.
531 600 539 616 ‘
554 599 736 636 abstineto,
753 598 867 637 Dixit,
894 597 1020 627 irarum

316 650 501 691 calidaeque
516 650 619 680 rixa.y
643 650 772 680 Statius
784 657 815 679 v.
830 648 1020 678 Silvarum:

315 703 324 717 ‘
340 700 479 731 lauduni
499 699 643 730 festinus
660 705 694 730 et
709 699 818 729 audax
834 696 992 738 Ingenii.’

361 751 513 789 Religata
529 750 660 789 catenis]
678 750 847 788 Exemplo
864 747 1021 786 Virgilii:

315 801 324 818 ‘
340 800 434 832 furor
452 801 574 840 impius
593 801 683 829 intus
699 800 797 830 Saeva
823 798 946 827 sedens
970 806 1023 826 su-

319 861 381 891 per
405 861 499 881 arma
522 854 557 880 et
582 853 719 879 centum
748 848 881 877 vinctus
911 846 1023 876 ahenis

317 901 402 932 Post
429 906 563 940 tergum
589 899 684 929 nodis
711 897 836 928 fremet
866 896 1023 926 horridus

318 961 376 982 ore
394 950 563 982 cruent‹›.’
611 949 780 989 Intelligit
797 952 912 978 autem
931 947 1023 978 altis-

316 1002 434 1032 simam
448 1011 568 1041 pacem
583 1009 683 1039 qnam
699 998 911 1029 Theodosius
928 998 1023 1037 Mag-

317 1062 380 1083 nus
398 1050 549 1083 confecit
569 1050 718 1090 Imperio
743 1049 940 1090 priusquam
967 1058 1023 1078 ex-

321 1103 444 1133 cessit:
480 1102 521 1131 de
540 1111 606 1142 qua
621 1100 777 1138 Orosius,
794 1099 851 1130 lib.
865 1108 930 1129 vu.
947 1108 1022 1139 cap.

322 1155 373 1183 34.
399 1152 514 1183 Barth.

361 1205 424 1233 ³78
449 1201 644 1241 Draconum]
665 1202 881 1241 Serpentum.
899 1200 996 1231 Idem.

363 1255 425 1283 379
447 1253 547 1283 Tuum
563 1251 678 1290 comas]
702 1251 801 1281 Jubas
817 1251 929 1281 Oxon.
947 1251 1025 1280 Pla-

324 1307 404 1333 cet:
443 1303 490 1331 sie
512 1308 545 1331 et
565 1302 762 1340 anguineam
786 1301 941 1331 Medusae
969 1310 1024 1330 co-

320 1363 409 1383 mam
419 1352 512 1390 jubas
530 1352 675 1382 Ovidius
695 1355 813 1381 vocat:
838 1351 1026 1389 sanguineas

313 1403 407 1442 jubas
422 1402 582 1442 anguium
600 1402 704 1432 habes
729 1401 819 1441 apud
834 1400 1025 1440 Virgilium,

321 1458 357 1485 et
384 1453 474 1492 apud
503 1452 663 1482 Plautum
686 1450 948 1491 Amphitryone,
972 1460 1025 1480 αη-

321 1514 397 1544 gues
411 1503 559 1542 jubatos.-
583 1503 711 1533 condere
727 1502 831 1532 etiam
858 1511 919 1541 pro
943 1502 1026 1531 clau-

321 1559 393 1588 dere
418 1555 714 1597 quatuowseripti:
741 1564 807 1584 non
829 1554 937 1584 male:
964 1553 1026 1584 nisi

324 1608 412 1649 quod
430 1609 577 1637 condetur
590 1617 682 1637 uuna
696 1608 920 1646 praecesserat
935 1614 941 1634 ε
959 1607 1026 1635 tru-

323 1660 394 1689 dere
411 1667 478 1688 see.
495 1657 654 1687 Vatican.
673 1656 715 1686 de
739 1665 804 1696 quo
825 1654 926 1685 Cous.
944 1654 1027 1694 Oly-

323 1709 402 1747 bril,
420 1718 469 1738 vs.
488 1711 518 1738 3.
544 1708 588 1738 D.
604 1707 718 1737 Heius.

368 1759 467 1789 Tonsa
483 1757 599 1797 comas]
624 1757 804 1787 Victarum
816 1756 965 1795 gentium
978 1755 1027 1787 ef-

324 1808 422 1849 figies
447 1809 480 1838 in
504 1808 843 1838 dehonestamentum
874 1807 1026 1838 detonsae

325 1858 359 1889 in
376 1857 584 1897 triumphum
611 1857 842 1896 dueebantur3
866 1858 944 1888 hinc
961 1861 1028 1888 ton-

324 1919 375 1940 sus
401 1909 544 1945 vietum,
568 1907 884 1947 triumphatumque
916 1907 1024 1947 desig-

326 1964 398 1991 nat.
416 1958 616 1998 propa-uus
635 1969 641 1989 :
666 1959 673 1974 ‘
694 1957 845 1989 Quorum
859 1957 920 1988 sub
948 1957 1028 1988 titu-

324 2009 365 2040 lis
396 2008 515 2040 Africa
532 2014 631 2038 tonsa
654 2007 775 2047 jacet!
802 2008 918 2039 Barth.

371 2063 434 2091 380
461 2060 562 2089 Tellus
578 2057 744 2088 communis
760 2057 836 2097 erit]
860 2058 908 2088 Ut
924 2057 1029 2088 fuisse

328 2120 430 2141 aureo
457 2111 570 2141 seculo
597 2109 737 2139 tradunt
762 2109 964 2150 quicumque
992 2110 1030 2140 il—

328 2161 386 2192 lud
401 2161 519 2192 Poeta¹
539 2160 810 2200 descripserunt.
834 2160 932 2190 Idem.

376 2211 452 2241 Tum
470 2210 574 2249 tellus]
601 2209 726 2240 Omnia
748 2208 822 2240 haec
846 2209 888 2240 de
914 2210 1030 2241 saeculi

330 2262 423 2292 aurei
442 2260 610 2291 felicitate
639 2261 805 2291 translata
821 2266 898 2291 sunt
915 2271 955 2292 ex
974 2261 1030 2292 lib.

329 2321 353 2343 1.
377 2312 520 2342 Metam.
537 2312 618 2341 Fal).
638 2311 801 2342 3.Tibull.
818 2311 874 2342 lib.
892 2321 916 2342 1.
935 2313 1029 2342 El.3.

330 2363 451 2394 Senec.
481 2362 604 2393 Oetav.
634 2367 701 2393 act.
725 2371 765 2392 11.
790 2365 926 2393 scen.1.
950 2362 1031 2392 Vul-

330 2417 410 2454 gata
426 2417 503 2443 snnt
519 2413 641 2442 omnia.
667 2413 810 2452 Dempst.

374 2466 435 2494 381
467 2463 672 2493 Disco—netur
707 2463 798 2502 ager]
846 2463 1004 2494 Sidonius
1021 2474 1029 2494 :

329 2513 651 2553 ‘indescriptosque
682 2523 742 2553 per
770 2524 868 2554 agros
886 2515 1031 2555 Fragrat

332 2563 440 2596 odor.'
464 2564 581 2594 Barth.

380 2614 507 2646 Vomere
520 2615 620 2644 sulcus
632 2614 763 2653 adunco]
804 2614 928 2645 Obunco
951 2615 1032 2645 Del-

333 2664 374 2696 rii
398 2664 508 2695 codex
522 2670 556 2695 et
570 2674 613 2695 ex
629 2664 754 2694 nostris
770 2665 934 2703 nonnulli,
957 2675 1032 2695 cum

332 2714 441 2756 primo
457 2715 627 2745 Vaticano
645 2720 680 2745 et
697 2715 876 2755 Pomponii
893 2725 1034 2756 excerp-

332 2766 387 2797 tis.
448 2765 626 2806 Frangetur
652 2766 756 2797 etiam
785 2775 848 2807 pro
880 2765 1035 2797 Findetur

557 199 700 231 No'rAE
734 197 999 230 VARIORUM
1036 196 1086 225 IN
1121 194 1196 225 Ch.
1229 195 1412 225 CLAUD.
1447 195 1521 227 111.

1071 291 1136 322 duo
1154 291 1294 332 scripti:
1321 295 1357 322 ut
1386 290 1477 330 apud
1504 288 1674 320 Alcimum
1693 287 1771 320 Avi-

1072 348 1156 381 tum,
1182 343 1238 373 lib.
1263 351 1318 372 ιιι.
1344 344 1352 358 ‘
1371 340 1441 371 Aut
1471 340 1496 370 si
1521 338 1694 380 frangenti
1718 348 1773 369 ce-

1072 392 1154 423 dens
1179 393 1377 422 succumbet
1403 388 1537 420 aratro.⁷
1569 389 1682 428 Maro,
1706 388 1773 419 Ge.

1073 452 1098 473 1.
1119 444 1127 459 ‘
1145 443 1261 474 rastris
1277 442 1393 483 glebas
1411 441 1468 482 qui
1482 439 1607 479 frangit
1621 437 1774 470 inertes!

1073 495 1139 526 Ge.
1156 504 1212 525 m.
1236 496 1244 511 ‘
1256 496 1301 526 Et
1314 503 1468 534 campum
1481 493 1675 523 horrentem
1688 490 1775 523 frac-

1073 545 1115 576 tis
1130 545 1303 576 invertere
1319 543 1449 585 glebis?
1472 543 1516 574 D.
1532 542 1646 573 Heius.

1115 598 1177 626 383
1205 595 1367 626 Rorahunt
1384 597 1526 634 querceta
1544 591 1649 632 savis]
1674 591 1778 623 Fauo-s

1074 645 1253 686 eleganter
1269 655 1353 674 unus
1369 644 1563 681 Medicem,
1589 648 1623 674 et
1649 652 1711 683 pro
1727 641 1777 672 di-

1073 704 1170 725 versa
1186 695 1332 725 lectione
1346 695 1471 734 primus
1481 694 1684 724 Vaticanus.
1710 691 1780 722 Pli-

1075 744 1161 783 nius,
1186 744 1244 774 lib.
1257 753 1348 774 xvn.
1367 754 1445 783 cap.
1465 746 1516 774 10.
1540 744 1549 759 ‘
1562 743 1597 774 Si
1615 741 1781 774 roraverit

1076 796 1345 835 qualemcunque
1371 794 1511 825 imbrem
1530 794 1549 825 ι’
1572 794 1619 824 sic
1637 794 1645 810 ‘
1665 802 1779 824 roran-

1076 850 1143 874 tem
1162 854 1243 874 saxa
1266 844 1397 875 cruore'
1437 844 1536 875 Silius
1553 844 1610 876 lib.
1627 853 1662 876 x.
1679 843 1780 875 modo

1076 899 1189 925 tamen
1218 895 1365 926 diverso.
1411 895 1487 925 Val.
1515 895 1630 925 Flacc.
1656 894 1715 925 lib.
1744 903 1778 925 v.

1075 945 1282 986 ‘densaeque
1309 949 1498 985 sequuntur
1529 943 1703 982 Pleiades,
1745 948 1781 974 et

1074 996 1220 1026 madidis
1241 1000 1359 1027 rorant
1377 1006 1395 1026 e
1413 995 1559 1026 crinibus
1577 994 1697 1034 ignes.'
1723 993 1782 1035 qui

1075 1048 1168 1077 locus
1185 1047 1284 1086 vulgo
1311 1046 1493 1077 mendosus
1518 1044 1781 1076 circumfertur:

1077 1105 1264 1137 quanquam
1282 1095 1319 1126 τὸ
1336 1097 1423 1135 ignes
1453 1096 1553 1136 primi
1586 1104 1682 1125 casus
1707 1103 1782 1125 esse

1075 1147 1144 1177 illic
1177 1151 1302 1186 potest.
1371 1146 1536 1186 Apuleius
1567 1146 1710 1175 Metam.
1742 1153 1783 1175 11.

1076 1197 1084 1213 ‘
1103 1197 1199 1228 Licet
1218 1198 1333 1228 Venus
1350 1197 1422 1236 ipsa
1437 1196 1556 1234 fuerit,
1572 1200 1607 1225 et
1626 1201 1698 1226 toto
1716 1195 1782 1225 Cu-

1077 1248 1229 1288 pidinum
1244 1248 1368 1287 populo
1380 1247 1519 1286 stipata,
1530 1252 1565 1277 et
1579 1247 1713 1277 baltheo
1723 1254 1781 1276 suo

1078 1298 1204 1335 cincta,
1221 1302 1256 1328 et
1270 1298 1427 1327 cinnama
1440 1296 1610 1337 fragrans,
1623 1302 1659 1327 et
1674 1296 1782 1327 balsa-

1078 1358 1133 1378 ma
1155 1357 1286 1385 rorans,
1313 1348 1410 1377 calva
1437 1346 1672 1387 processerit.'
1705 1348 1786 1378 Ful·

1080 1399 1213 1438 gentius
1253 1398 1351 1428 initio
1390 1397 1640 1437 Mytliologiae:
1679 1397 1688 1414 ‘
1711 1397 1782 1428 Ubi

1079 1455 1195 1490 guttas
1222 1449 1412 1481 florulentae
1439 1460 1535 1480 mane
1564 1453 1680 1480 rorant
1706 1459 1785 1489 pnr-

1079 1511 1185 1541 purae.
1224 1502 1357 1531 Humor
1381 1501 1508 1541 algens,
1534 1510 1634 1541 quem
1656 1500 1784 1531 serenis

1079 1556 1169 1581 astra
1192 1551 1316 1582 sudant
1333 1551 1522 1582 noctibus:'
1545 1551 1600 1592 qui
1617 1551 1786 1591 posterior

1080 1612 1195 1632 versus
1206 1602 1248 1632 ad
1262 1601 1400 1632 verbum
1414 1611 1509 1641 pa‘ue
1525 1601 1721 1641 desumptus
1733 1605 1785 1632 est

1079 1662 1120 1683 ex
1136 1652 1287 1684 Auctore
1303 1652 1479 1693 Pervigilii
1496 1652 1658 1683 Veneris:
1683 1652 1692 1668 ⁶
1711 1651 1785 1682 Hu-

1078 1712 1150 1733 mor
1181 1703 1249 1741 ille,
1273 1713 1373 1743 quem
1401 1703 1528 1733 serenis
1551 1707 1644 1733 astra
1670 1706 1787 1732 rorant

1078 1753 1258 1784 noctibus!
1272 1753 1481 1784 Ausoniusin
1491 1753 1640 1792 Eclogis:
1654 1754 1662 1768 ‘
1673 1753 1784 1785 Quem

1080 1805 1233 1846 sequitur
1259 1804 1399 1834 nebulas
1426 1813 1541 1834 rorans
1567 1804 1677 1843 liquor
1695 1804 1784 1833 altus

1080 1854 1236 1896 Aquari:'
1262 1864 1322 1895 pro
1341 1844 1554 1884 irrorante-nr.
1584 1853 1631 1883 sic
1650 1858 1683 1883 et
1700 1853 1785 1883 Pro-

1080 1906 1225 1945 pertius,
1242 1906 1264 1935 l.
1282 1914 1329 1935 iv.
1347 1905 1399 1935 El.
1418 1907 1446 1934 l.
1469 1906 1478 1919 ⁴
1498 1906 1606 1935 Quam
1623 1903 1787 1934 nebulosa

1081 1964 1163 1985 cavo
1181 1960 1274 1985 rorat
1291 1955 1451 1985 Mevania
1472 1953 1613 1993 campo.'
1659 1954 1714 1984 Ita
1732 1963 1786 1984 ve-

1081 2010 1134 2036 tus
1159 2006 1269 2036 codex
1297 2015 1410 2035 meus:
1437 2005 1484 2034 sic
1507 2010 1542 2034 et
1568 2013 1693 2034 manare
1709 2013 1787 2035 cum

1080 2061 1203 2097 quarto
1238 2066 1317 2086 casu
1342 2055 1548 2095 jungebant,
1577 2053 1619 2084 de
1648 2064 1714 2095 quo
1743 2053 1786 2085 ad

1082 2107 1265 2144 Nasonem,
1283 2106 1368 2137 Met.
1386 2114 1436 2136 vr.
1452 2115 1500 2135 vs.
1517 2107 1591 2136 312.

1126 2156 1320 2195 Stagnantia
1341 2156 1456 2196 passim
1475 2155 1555 2187 Vina
1568 2155 1687 2196 fluent]
1711 2156 1789 2186 Ele-

1084 2208 1282 2247 gantissime
1307 2207 1371 2237 hoc
1403 2207 1575 2245 expressit
1607 2205 1785 2236 Sidonius:

1083 2258 1151 2288 ‘Et
1183 2257 1255 2287 sine
1283 2266 1318 2287 se
1347 2257 1436 2286 natis
1462 2255 1584 2286 invidit
1608 2256 1788 2295 pampinus

1085 2305 1178 2337 uvis?
1224 2306 1360 2337 Pariter
1391 2315 1471 2335 vero
1500 2305 1595 2335 Deus
1626 2304 1788 2345 Optimus

1084 2358 1253 2388 Maximus
1271 2358 1393 2397 populo
1407 2367 1467 2388 suo
1481 2356 1635 2396 promisit
1646 2356 1788 2387 Terram

1084 2409 1175 2440 lacte
1190 2414 1224 2438 et
1241 2408 1340 2438 melle
1351 2406 1527 2446 fluentem,
1540 2408 1601 2437 hoc
1615 2412 1678 2446 est,
1689 2413 1785 2438 natu-

1084 2461 1146 2491 rali
1161 2460 1317 2491 ubertate
1335 2461 1692 2500 praecellentissimam.
1733 2462 1786 2491 Ex

1084 2521 1125 2542 ea
1142 2521 1221 2542 vero
1239 2511 1457 2551 promissione
1476 2511 1549 2551 quis
1574 2511 1714 2550 negabit
1740 2511 1788 2542 0-

1083 2562 1209 2593 vidium
1233 2571 1327 2591 suum
1356 2561 1586 2591 suavissimum
1604 2560 1697 2590 illum
1715 2569 1790 2590 ver-

1085 2613 1227 2643 siculum
1245 2611 1403 2641 duxisse?
1426 2613 1434 2627 ⁴
1457 2611 1606 2642 Flumina
1626 2611 1700 2651 jam
1724 2611 1791 2641 lac-

1086 2664 1142 2703 tis,
1166 2663 1239 2703 jam
1255 2660 1393 2692 flumina
1409 2661 1556 2692 nectaris
1581 2659 1701 2701 ibant,’
1724 2661 1790 2692 &c-

1085 2715 1203 2745 Barth.

1129 2767 1192 2796 384
1217 2764 1345 2805 Oleique
1360 2762 1458 2803 lacus]
1489 2760 1658 2803 Apposite
1673 2760 1716 2792 ad
1731 2770 1790 2792 na-
