1852 3182
338 232 428 261 t‘AN
443 231 514 260 EG.
549 230 599 259 IN
638 230 775 259 PROB-

52 326 139 357 toria
159 326 384 366 Epitlialamio
404 324 561 361 Honorii,
591 326 599 340 ‘
616 322 753 363 fastigia

49 378 194 417 supplex·
228 377 392 417 Deposui,
416 374 571 415 gessique
591 373 752 414 procum.’

51 428 100 458 D.
119 429 228 458 Heius.

95 481 114 507 8
139 478 207 507 Scis
237 486 334 514 genus
362 475 566 514 Aut-lunium]
614 475 752 513 Mirum,

53 538 151 570 quam
180 526 374 557 exercuerit
392 526 445 556 hic
462 527 555 555 loeus
573 526 661 555 viros
679 535 752 555 eru-

51 579 154 610 ditos.
198 578 267 608 Nos
297 581 450 607 veterum
478 577 663 607 editionum
686 577 752 606 lec-

53 630 177 660 tionem
212 627 462 658 revocavimus:
499 636 598 667 quam
639 631 674 657 et
712 635 752 656 ex

50 678 186 718 scriptis
221 677 356 718 quidam
399 681 549 707 tuentur.
609 676 753 717 Gyraldi

51 729 279 760 vetustissima
293 733 329 759 et
354 728 514 759 Medicea
531 727 605 757 libri
627 727 755 757 Lucen-

51 778 94 809 sis
105 783 282 818 excerpta,
296 778 489 809 Alcheuium.
538 777 603 808 Atii
618 777 754 807 codices

50 829 263 866 Aucliemium,
307 829 510 866 Anthemium,
548 828 753 864 Ambonium,

48 880 232 917 Achem‘um,
270 880 471 910 Aucherium.
518 879 690 909 Panuinus
723 878 754 907 iu

51 930 164 961 Fastis
190 931 392 961 Anthemium
411 930 493 966 legit
512 940 518 958 ;
553 928 643 969 quod
661 937 755 957 secu-

50 986 103 1013 tus
119 982 380 1022 Rapltelengius.
428 981 581 1017 Deli-ius,
594 980 757 1010 Anicium.-

50 1033 219 1073 quomodo
237 1038 306 1063 tam
334 1033 388 1063 liic
409 1041 507 1073 qnam
530 1030 619 1061 iufra
646 1031 676 1059 in
702 1039 756 1059 ve-

55 1088 148 1114 tusto
165 1084 281 1113 codice
305 1083 370 1121 legi
404 1087 551 1113 testatur
568 1081 756 1117 Cluverius,

52 1133 143 1174 quod
171 1139 205 1163 et
238 1134 270 1162 in
299 1132 449 1162 editione
475 1141 534 1161 sua
566 1131 757 1170 exprimen-

51 1182 129 1213 dum
148 1183 254 1213 duxit.
299 1182 367 1212 Sed
395 1192 469 1212 cum
493 1182 603 1212 nullos
624 1181 678 1211 ille
703 1191 758 1210 ve-

52 1237 142 1264 teres
159 1233 262 1263 libros
279 1232 480 1273 inspexerit,
504 1236 631 1272 proetcr
648 1241 759 1262 esem-

53 1283 127 1324 plar
143 1293 218 1313 cum
236 1283 329 1313 libris
345 1292 444 1313 manu
462 1283 609 1313 exaratis
628 1294 646 1313 a
667 1293 758 1322 mag-

53 1344 96 1366 no
114 1335 254 1375 Cujacio
271 1335 446 1373 collatum,
468 1335 530 1365 viri
547 1335 666 1365 summi
681 1344 759 1365 con-

46 1386 217 1426 jecturam
242 1395 302 1425 pro
320 1385 447 1415 veteris
465 1386 670 1416 membrana:
693 1386 760 1415 lec-

54 1437 147 1466 tione
179 1436 221 1465 ab
249 1436 306 1465 illo
336 1440 508 1475 arreptam
534 1436 588 1465 vix
618 1436 759 1474 ‹lubit03

55 1486 103 1517 ita
132 1486 220 1516 enim
247 1490 280 1516 et
310 1485 388 1515 alibi
417 1485 606 1525 deceptus:
633 1486 759 1516 namin

56 1537 181 1567 nostris
208 1537 290 1566 nihil
313 1537 420 1567 simile
449 1537 611 1567 invenias.
669 1537 759 1569 Quid

59 1587 147 1628 quod
167 1588 274 1627 prima
299 1587 329 1616 in
349 1587 459 1618 Anicio
475 1587 605 1627 syllaba
623 1587 761 1627 corripi-

56 1643 123 1676 tur,
154 1637 355 1678 producitur
388 1638 550 1676 secunda,
578 1638 665 1678 apud
697 1638 760 1668 aevi

57 1688 156 1728 hujus
170 1688 368 1728 scriptores,
385 1697 448 1718 nec
462 1689 566 1718 solum
581 1689 611 1718 in
626 1693 761 1718 eontra-

56 1738 106 1768 ria
133 1738 234 1768 ivisse
263 1737 485 1768 Claudianum
503 1737 542 1769 fit
559 1737 759 1768 verisimile:

57 1788 120 1819 etsi
136 1798 201 1819 non
219 1789 336 1828 ignoro
362 1789 602 1829 inscriptiones
627 1794 761 1827 extare,

57 1839 89 1868 in
109 1839 232 1879 quibus
251 1839 433 1869 Aniciorum
461 1849 583 1870 nomen
615 1850 676 1880 per
703 1840 760 1870 ‹lu-

58 1889 137 1928 plex
150 1899 169 1919 n
186 1888 374 1921 scribatur:
393 1900 468 1921 raro
486 1891 517 1920 id
537 1895 660 1922 tamen.
683 1891 762 1922 Jam

59 1938 148 1978 quod
165 1943 291 1978 negant
305 1944 441 1979 gentem
465 1940 653 1971 Aua-lienium
676 1941 763 1971 exti-

62 1989 144 2019 tisse
162 1989 224 2019 viri
252 1989 358 2027 docti,
386 2000 451 2031 quo
473 1991 505 2021 id
527 1991 606 2031 jure
633 1991 762 2030 (licant,

62 2040 126 2079 ipsi
144 2039 304 2070 viderint.
350 2041 500 2071 Eandem
525 2042 612 2071 enim
634 2046 667 2071 et
686 2041 764 2071 Ani-

63 2089 126 2119 ciae
150 2099 225 2119 esse
241 2099 283 2119 ex
301 2089 415 2130 lapide
430 2091 566 2131 antiqno
585 2095 693 2130 patet,
708 2101 764 2121 cu-

52 2140 109 2181 jus
140 2140 393 2180 inscriptionem
423 2141 560 2181 primus,
585 2142 674 2181 quod
702 2142 763 2172 sci·

62 2199 128 2229 arn,
151 2190 184 2220 in
211 2191 325 2220 Variis
343 2191 560 2221 Lectionibus
578 2192 766 2232 publicavit

61 2241 228 2281 ,Iosephus
253 2242 416 2279 Castalio,
445 2247 479 2273 et
505 2249 581 2283 post
607 2244 697 2273 illum
716 2244 766 2274 vir

63 2291 305 2322 celeberrimus
321 2293 471 2324 Jacobus
483 2293 676 2323 Sit-mondus
691 2295 766 2324 Dis·

65 2341 249 2372 sertatione
266 2342 308 2373 ‹le
329 2343 578 2375 Suburbicariis
607 2345 766 2385 Regioni-

67 2391 146 2422 bus:
172 2401 247 2423 eam
265 2402 365 2424 ecee:

223 2444 276 2476 Ad
295 2445 409 2476 Forum
427 2446 601 2485 Trajamum.

327 2503 509 2527 AUCHENH

109 2551 250 2574 Ameto.
273 2552 472 2576 AUC‘HENIO.
498 2555 614 2577 BASSO.
639 2556 673 2578 v.
692 2555 724 2578 c.

195 2601 411 2627 QUAESToRi.
428 2606 639 2628 e-xnmnxro

148 2651 230 2675 υΝο.
255 2653 472 2679 EODEMQL'E.
496 2657 682 2681 TEMPORE.

213 2702 407 2728 PRAETom.
429 2707 624 2731 TU'rELARt.

308 2754 532 2779 PROCONSULI

124 2801 352 2827 (AMPANJAE.
377 2806 599 2832 PRAEFECTO.
620 2810 721 2833 tRm.

812 230 868 258 ΕΤ
901 230 1045 259 οωή.
1078 233 1218 261 eoNs.
1393 224 1505 264 1218

960 333 1066 355 ‘rium
1093 333 1345 356 Mixois'rua'rrs

857 382 1023 404 letGNtA
1055 383 1281 406 ιτΑσυΝιηΛῐῑ.
1310 385 1361 406 ET.
1392 385 1453 406 nx-

918 434 1069 456 TMJUM.
1094 434 1274 456 spumosa.
1301 434 1391 455 Lucu

961 485 1137 507 vinru'ris.
1162 485 1340 506 ouNANTt.

804 525 953 556 Videtur
967 532 1078 556 autem
1102 527 1128 556 is
1147 526 1236 566 ipsus
1254 536 1341 565 esse,
1357 527 1412 567 qui
1431 536 1507 557 cum

806 575 965 616 Philippo
986 577 1190 607 Honorianis
1208 576 1417 616 temporibus
1431 588 1509 608 con-

805 626 950 656 sulatum
983 627 1145 661 obtinuit,
1174 631 1208 656 et
1234 627 1305 666 pari
1337 627 1508 658 nominum

806 678 895 716 triga
913 678 944 707 in
964 678 1110 718 antiquis
1128 677 1292 707 fastorum
1308 678 1510 708 membranis

806 728 997 767 insignitur.
1047 728 1137 759 Mhi!
1156 728 1261 767 igitur
1274 728 1306 758 in
1325 729 1511 759 Claudiano

806 778 1017 808 mutandum.
1066 779 1147 808 Mox
1183 781 1323 817 potentes
1357 780 1511 809 Anniadoe

808 839 869 869 pro
911 832 1056 869 parentes
1099 828 1267 858 edendum
1312 829 1514 870 curavimus,

807 880 954 918 scriptos
966 879 1089 918 secuti,
1108 883 1273 919 quotquot
1291 879 1512 919 inspeximus,

808 931 833 960 si
853 940 953 959 unum
976 930 1171 960 Palatinum
1200 930 1397 960 recentioris
1423 936 1511 962 notae

808 980 960 1020 excipis:
987 981 1071 1009 male
1090 990 1162 1009 eam
1182 980 1360 1010 lectionem
1376 981 1514 1012 damnat

809 1030 981 1060 Bartliius.
1028 1030 1078 1059 De
1106 1029 1227 1059 Anniis
1245 1036 1279 1060 et
1297 1030 1426 1060 Aniciis
1444 1031 1514 1061 Au-

810 1080 924 1110 sonius
940 1080 1100 1110 nonnulla
1113 1080 1223 1120 Epist.
1235 1089 1289 1111 ιιι.
1307 1087 1341 1110 et
1363 1081 1514 1112 Pruden-

810 1131 953 1161 tiusnon
971 1140 1036 1161 uno
1054 1131 1142 1161 loeo.
1188 1130 1298 1161 Anicii
1326 1132 1515 1162 Quaestoris

809 1182 870 1211 sub
888 1181 1100 1220 Constantio,
1116 1181 1258 1211 bominis
1276 1181 1518 1221 potentissimi,

810 1233 963 1263 meminit
982 1232 1177 1262 Ammianus
1188 1233 1424 1271 Marcellinus,
1437 1233 1515 1265 libr.

811 1293 886 1314 ΧΠ.
912 1285 919 1299 ‘
936 1286 1097 1316 Quaestor
1120 1283 1152 1313 iu
1180 1283 1273 1313 Urbe
1293 1283 1442 1323 Anicius,
1459 1284 1516 1324 qui

812 1335 845 1364 in
877 1335 1003 1375 regiam
1035 1334 1285 1365 :emulationem
1314 1335 1517 1374 posteritate

812 1385 968 1421 tendens,
982 1385 1101 1415 satiari
1116 1394 1297 1424 numquam
1315 1385 1427 1423 potuit
1441 1394 1516 1415 cum

813 1436 1023 1475 possessione
1056 1435 1162 1464 multo
1190 1434 1319 1473 majore
1335 1434 1354 1464 τ’
1377 1439 1411 1464 et
1436 1443 1517 1465 sane

812 1486 883 1516 lure
902 1485 1031 1516 familia
1048 1485 1088 1515 ad
1104 1485 1356 1525 imperatoriam
1375 1485 1518 1525 dignita-

812 1541 880 1566 tem
901 1540 977 1575 post
991 1540 1112 1565 evecta
1127 1540 1189 1565 cst.
1227 1535 1270 1565 D.
1289 1535 1398 1565 Heius.

855 1590 874 1616 9
898 1585 1068 1624 Annimloe]
1085 1585 1122 1614 ln
1138 1595 1168 1615 v,
1185 1584 1333 1615 codicib.
1349 1586 1393 1615 ita
1412 1586 1518 1626 scrip·

815 1642 884 1666 tum
899 1646 906 1673 3
933 1635 990 1665 sed
1008 1634 1147 1665 Ausonii
1163 1639 1260 1665 vetus
1277 1634 1361 1665 liber
1375 1635 1415 1664 de
1434 1636 1518 1666 Pro-

813 1688 874 1718 bo:
901 1689 909 1703 ‘
928 1687 1050 1726 Stirpis
1063 1690 1205 1715 novator
1223 1684 1353 1715 Amnia*
1369 1685 1388 1715 :'
1412 1691 1447 1716 et
1465 1696 1519 1716 ve-

814 1743 868 1769 tus
884 1747 1032 1768 marmor
1050 1736 1175 1766 habet:
1203 1736 1212 1751 ‘
1231 1734 1370 1765 Aninios
1400 1735 1440 1766 de
1466 1746 1520 1766 ea-

813 1789 891 1819 dem
909 1792 1008 1827 gente
1021 1787 1042 1818 ε’
1067 1791 1101 1817 at
1115 1786 1177 1816 fuit
1191 1795 1312 1816 nomen
1328 1786 1426 1816 Annii
1439 1787 1518 1818 olim

813 1839 1039 1877 celebratum⁷
1061 1842 1096 1868 et
1120 1840 1233 1867 exstat
1258 1835 1360 1866 Annii
1384 1836 1520 1867 Paulini

814 1894 1067 1921 monumentum
1084 1888 1229 1927 insigne,
1251 1896 1351 1927 quem
1368 1887 1521 1927 suspicor

815 1940 948 1972 affinem
975 1940 1050 1970 huic
1079 1938 1211 1969 domui:
1238 1937 1295 1968 sed
1326 1938 1412 1978 lapis
1437 1938 1522 1968 anti-

817 2001 900 2033 quus
934 1991 1056 2021 ideone
1095 1993 1256 2029 arguetur
1291 1987 1391 2018 falsi?
1430 1988 1520 2020 forte

816 2043 1003 2082 sculptoris
1020 2041 1139 2071 vitium
1154 2038 1219 2078 est,
1237 2040 1378 2079 autej11s
1396 2040 1450 2080 qui
1464 2040 1522 2072 de-

817 2093 964 2133 scripsit.
989 2090 1221 2122 Prudentius:
1238 2091 1246 2106 ‘
1261 2088 1456 2119 Anniadum
1473 2099 1522 2120 so-

818 2143 924 2183 boles,
957 2147 992 2173 et
1023 2141 1151 2172 semina
1183 2140 1277 2170 clara
1308 2139 1522 2172 Proborum.'

820 2193 989 2224 Cim-erius.

863 2243 1066 2284 Ductoribus]
1098 2241 1311 2281 Consulibus,
1337 2241 1395 2283 qui
1420 2241 1523 2273 duces

818 2296 906 2326 anni.
935 2295 1059 2335 Papin.
1086 2303 1134 2325 lv.
1164 2293 1285 2323 Silvar.
1314 2296 1342 2324 l.
1370 2293 1378 2309 ‘
1396 2293 1522 2324 lucem-

818 2356 882 2387 que
903 2357 922 2377 a
951 2345 1097 2376 Consule
1125 2344 1221 2374 (lucit
1252 2343 1372 2373 Omnis
1400 2343 1523 2374 bonos!

819 2397 936 2428 Barth.

863 2451 902 2478 10
927 2448 1107 2477 Instaurare
1132 2445 1213 2485 vius]
1247 2446 1439 2476 Recentare
1469 2455 1524 2475 an-

818 2508 891 2536 nos,
907 2503 942 2529 et
955 2497 1112 2528 felicibus
1129 2497 1236 2527 titulis
1250 2502 1409 2527 mactare.
1458 2496 1522 2526 Pa-

818 2549 991 2590 pinianum
1002 2553 1109 2579 estex
1121 2547 1239 2579 eodem
1257 2547 1419 2585 carmine,
1434 2546 1522 2578 Jano

820 2600 988 2631 Ca¹sarem
1007 2599 1221 2639 alloquente:
1247 2601 1255 2614 ‘
1273 2597 1384 2633 Salve,
1402 2602 1520 2633 magne

819 2660 944 2691 parens
960 2650 1087 2687 mundi,
1111 2649 1167 2689 qui
1182 2648 1304 2678 smcula
1321 2655 1450 2676 mecum
1466 2643 1520 2673 In-

820 2706 973 2731 staurare
989 2699 1111 2740 paras.'
1150 2699 1265 2729 Barth.

833 2749 1093 2789 >.›1‹Merenom.]
1132 2748 1279 2779 Honoris
1309 2745 1412 2785 ipsius
1442 2742 1523 2774 anni

820 2801 940 2842 gratia.
977 2801 1104 2832 Noster
1128 2798 1223 2838 alibi,
1247 2799 1410 2827 ‘ornatur
1441 2795 1521 2826 For-
