1852 3182
515 200 566 228 ΙΝ
606 199 832 228 RUFINUM
869 198 1026 228 L18.1.

52 294 378 330 Holmaxstmliensis,
394 297 428 322 et
444 291 636 322 Puteaueus
653 302 660 321 ι
676 292 747 331 pla-

51 350 117 376 cet.
134 347 308 383 Augustum
320 341 453 383 proprie
466 347 636 371 sanctum:
653 342 742 381 quod

48 394 102 425 hic
120 396 228 425 locum
246 402 308 423 non
325 391 438 427 habet,
461 391 524 421 etsi
543 390 681 420 Bartliio
696 391 742 421 sic

49 444 182 474 volente
198 455 204 473 z
230 446 346 472 auctor
362 440 564 478 panegyrici
588 440 629 470 ad
648 440 742 471 Piso-

47 502 135 531 nem,
150 496 157 509 ‘
173 493 317 532 Ipsaque
330 498 482 529 possesso
494 499 586 519 mens
599 494 651 520 est
663 500 743 530 opu-

44 543 167 573 lentior
178 540 281 572 auro.'
296 539 427 570 Tenebat
441 549 501 579 pro
511 540 633 578 tegebat
642 541 741 580 paulo

46 597 125 622 aute
152 590 248 620 multi
274 595 407 620 veteres
439 599 481 620 cx
514 591 634 621 nostris
665 600 740 621 eum

46 640 133 671 Aldo
148 644 181 670 et
196 639 372 679 Isingrino.
400 640 439 671 D.
457 640 569 671 Huius.

87 690 167 722 Haec
191 689 266 720 mila·
290 694 456 730 paupertas
475 691 654 732 angustior]
675 692 740 722 Ve-

42 740 522 780 tustissimnPliilosoplniabaec
532 741 741 781 est‚Sapieu-

41 791 121 821 tiam
146 799 284 821 censere
310 792 452 822 Naturae
481 791 574 822 bonis
599 796 738 822 conten-

44 845 114 871 tum
130 849 215 878 esse,
239 850 301 871 nec
327 839 410 870 tiues
427 840 614 871 Felicitatis
640 847 740 872 extra

41 900 115 922 eam
145 891 178 921 iu
210 891 337 922 divitiis
367 897 425 922 aut
457 893 562 932 gloria
601 902 738 932 ponere.

40 940 265 972 Prudentius:
285 943 293 958 ‘
308 942 337 971 Ο
351 941 431 972 t'elix
443 942 581 972 ninnium
595 943 737 982 Sapiens

38 996 72 1022 et
87 991 246 1022 Rusticus
259 992 359 1030 idem,
377 993 443 1024 Qui
460 998 567 1023 terras
579 993 739 1023 animum-

39 1050 104 1081 que
122 1042 248 1080 colens,
263 1042 430 1081 impendit
447 1042 598 1082 utrisque
613 1042 736 1073 Curam

38 1091 250 1131 pervigilem,
264 1092 379 1132 quales
391 1101 473 1132 quos
486 1091 605 1122 imbuit
619 1097 738 1122 auctor

37 1140 200 1179 Christus,
227 1147 262 1172 et
277 1142 434 1172 assumtis
449 1141 544 1172 dedit
559 1141 632 1171 lime
650 1151 736 1181 prae-

36 1197 139 1230 cepta
157 1191 304 1222 colonis.'
327 1191 448 1231 Virgil.
477 1193 485 1208 ‘
499 1191 530 1221 O
545 1190 737 1223 fortunatos

35 1240 172 1272 nimium
185 1250 246 1271 sua
260 1241 286 1271 si
303 1241 391 1271 bona
407 1241 519 1272 norint
535 1241 738 1281 Agricolas!

74 1289 262 1332 Augitstior]
283 1290 500 1331 splendidior
523 1301 597 1323 meo
613 1293 736 1324 animo.

34 1340 151 1372 Barth.

78 1393 139 1423 205
166 1390 374 1430 Culminibus]
399 1391 545 1422 Diversa
571 1391 637 1422 duo
663 1391 735 1422 liaec

34 1450 100 1472 vox
132 1446 250 1472 notat:
290 1442 443 1481 ingentia
473 1446 508 1471 et
538 1441 734 1481 splendida3

31 1492 120 1529 τίΙία,
138 1492 328 1532 pastoralia,
341 1491 537 1522 humillima.

79 1541 149 1572 Tibi
172 1541 298 1582 quoerit]
330 1542 435 1571 Terra
461 1541 612 1582 marique
638 1541 733 1571 luxu-

31 1591 96 1623 ries
113 1591 267 1622 Romana
283 1591 432 1621 ciborum
456 1600 582 1631 genera
597 1591 734 1631 conqui-

34 1641 100 1679 rit;
135 1650 200 1671 non
217 1639 310 1679 fami,
339 1640 398 1672 sed
423 1642 531 1679 gulae:
566 1650 669 1682 quare
688 1642 732 1672 in-

32 1701 104 1723 anes
118 1691 201 1722 cibos
219 1691 307 1722 dixit
323 1691 538 1723 Claudianus.

77 1740 215 1781 Quoerit]
253 1741 308 1772 Ob
336 1741 485 1771 laborem
513 1750 552 1772 ea
579 1741 731 1781 placent.

31 1790 235 1822 Petronius:
274 1792 284 1808 ‘
301 1790 382 1821 Ales
415 1790 589 1822 Phasiacis
624 1791 733 1831 petita

33 1843 165 1875 Colchis
180 1842 296 1884 Atque
315 1841 407 1873 Afrae
424 1843 577 1874 volucres
594 1843 732 1882 placent

31 1894 160 1934 palato,
193 1893 293 1926 Quod
320 1902 385 1924 non
409 1898 487 1924 sunt
513 1891 652 1932 faciles‚’
668 1896 731 1924 &a

32 1943 201 1982 Lucanus,
231 1943 290 1975 lib.
318 1952 366 1974 iv.
402 1944 411 1959 ⁴
438 1944 482 1973 Et
513 1943 731 1984 quaesitorum

29 2000 123 2025 terra
145 1994 336 2034 pelagoque
365 1993 516 2024 ciborum
543 1992 732 2024 Ambitiosa

29 2044 157 2076 fames:
181 2044 297 2075 Barth.

73 2100 137 2129 206
152 2097 312 2128 Luxuries
319 2096 475 2136 nocitura]
492 2096 561 2127 Pro
575 2095 731 2128 confesso

29 2146 122 2179 inter
137 2155 193 2178 eos
209 2147 265 2187 qui
291 2147 425 2177 humani
450 2152 558 2177 status
575 2152 729 2178 naturam

29 2199 215 2241 inquirunt,
243 2199 435 2230 morborum
464 2203 531 2229 tam
555 2199 649 2229 varia
675 2208 730 2238 ge-

30 2259 113 2282 nera
138 2259 202 2280 non
229 2249 364 2280 aliunde
390 2259 489 2290 quam
505 2249 548 2279 ab
574 2249 729 2280 ciborum

30 2299 193 2332 varietate
218 2305 253 2330 ct
281 2300 367 2340 gulae
393 2300 657 2339 intemperantia
673 2309 728 2330 ve·

29 2350 112 2382 nire.
155 2350 514 2390 Senec.Epist.xx1v.
539 2351 548 2367 ‘
568 2349 650 2389 ipsae
674 2359 729 2380 vo-

31 2401 177 2441 luptates
192 2401 225 2431 in
241 2405 410 2431 tormenta
423 2404 614 2431 vertuntur.
638 2400 729 2439 Epu-

29 2451 70 2482 1ae
101 2451 304 2482 cruditatem
336 2449 496 2489 afferunt,
531 2449 727 2480 Ebrietates

28 2510 205 2533 nervorum
222 2507 394 2542 torporem
410 2506 676 2542 tremoremque,
693 2502 728 2532 li-

27 2549 334 2590 bidines‚-pedum‚
359 2560 532 2587 manuum,
568 2551 727 2582 articulo-

28 2609 100 2631 rum
118 2601 262 2631 omnium
279 2601 567 2642 depravatione&
583 2604 647 2633 ἃς.

73 2650 209 2680 Inemtas
223 2651 318 2681 Terra
340 2651 448 2691 dapes]
476 2652 595 2683 Prisca
611 2651 725 2692 fruga-

26 2698 138 2737 litate,
163 2707 268 2738 eaqne
291 2699 494 2732 beatissima.
540 2701 722 2732 Horatius:

27 2748 38 2765 ‘
53 2748 99 2780 Et
127 2747 231 2778 horna
247 2747 337 2778 dulci
354 2750 431 2780 vina
446 2760 602 2790 promens
621 2751 726 2790 dolio,

115 2799 231 2841 Delph.
247 2804 277 2832 et
296 2801 370 2832 Var.
389 2803 472 2834 Clas.

695 2803 806 2833 Claud.

1383 192 1494 233 1249

799 292 917 330 Dapcs
937 291 1103 330 inemptas
1119 290 1288 330 apparet)

838 343 899 371 207
928 340 996 370 Tibi
1023 342 1134 370 vellera
1170 340 1286 379 succos]
1332 340 1380 371 Ibi
1417 353 1490 375 cum

795 392 930 432 scriptis
964 391 1155 431 legendum,
1180 396 1216 422 ut
1230 392 1273 429 τῷ
1292 391 1341 422 hic
1357 401 1495 433 respou-

794 441 886 479 deat,
903 441 990 482 quod
1007 441 1181 481 sequitur:
1215 441 1263 471 sic
1285 445 1320 472 et
1343 441 1431 472 infra
1448 445 1495 473 Ια-

793 495 842 521 tas
858 491 900 522 ibi
920 493 1086 532 perstrepit
1110 493 1201 530 oecleS,
1217 500 1282 522 non
1297 491 1365 523 tibi.
1400 493 1497 524 Fucos

793 542 893 572 ctiam
911 541 1038 581 optime
1065 546 1208 581 quatuor
1232 542 1352 581 scripti
1376 552 1495 581 agnos-

793 595 886 621 cuut.
935 591 1163 631 Tyriossuc08‚
1201 596 1237 622 ut
1270 590 1371 622 Ovid.
1405 592 1493 624 Met.

792 641 851 671 lib.
872 649 920 671 vr.
944 641 953 657 ‘
972 641 1215 671 Conscendunt
1242 642 1276 670 in
1298 650 1412 682 equos,
1430 642 1494 682 Ty-

794 689 911 731 rioque
924 690 1079 720 rubentia
1092 689 1169 721 fuco
1180 690 1293 731 Terga
1305 698 1462 731 premunt
1473 692 1493 723 2'

791 740 837 769 sic
862 740 998 770 omnino
1026 740 1261 770 scribendum:
1293 741 1389 780 plura
1413 741 1491 773 illic.

792 789 832 820 In
866 790 1051 822 Catalectis
1082 790 1229 822 Pitlioei:
1270 792 1278 808 ⁶
1299 791 1493 823 Intertexta

791 849 865 870 rosa
893 841 986 880 Tyrii
1025 841 1216 871 subtemina
1246 840 1315 872 fuci
1344 841 1494 874 Involvit

791 891 923 930 quoties
940 891 1053 922 nobile
1076 900 1159 921 zona
1181 892 1291 923 latus.'
1336 892 1492 923 Lucanus

791 940 894 970 etiam
921 940 979 971 lib.
999 949 1055 971 x.:
1081 941 1197 972 Strata
1220 942 1358 980 micant,
1388 942 1492 983 Tyrio

791 1000 931 1031 quorum
946 1000 1023 1030 pars
1047 991 1190 1022 maxima
1204 990 1282 1022 fuco
1295 993 1402 1023 Cocta
1419 993 1489 1032 (liu,

789 1039 880 1070 virus
897 1049 962 1070 non
979 1050 1045 1071 uno
1060 1032 1156 1071 duxit
1171 1032 1299 1071 alieno?
1333 1042 1388 1072 Ita
1402 1042 1491 1072 euim

789 1089 964 1128 legendus,
982 1091 1047 1128 vel,
1060 1095 1096 1121 ut
1114 1091 1148 1120 in
1166 1091 1240 1121 aliis
1258 1091 1406 1130 scriptis,
1424 1091 1492 1130 pri-

789 1149 826 1170 or
846 1149 973 1179 versus,
996 1143 1005 1158 ‘
1021 1141 1089 1172 Hic
1113 1146 1219 1179 torus,
1239 1141 1380 1182 Assyrio
1396 1142 1492 1182 cujus

788 1199 866 1230 pars
880 1191 1026 1222 maxima
1048 1191 1151 1223 fuco.'
1197 1192 1284 1223 Nam
1303 1196 1338 1223 et
1354 1191 1493 1232 Assyria

788 1250 935 1281 purpura
953 1241 985 1272 in
1003 1241 1132 1281 pretio:
1171 1241 1220 1272 sie
1245 1242 1365 1273 Festus
1391 1241 1492 1273 Avie-

788 1298 850 1320 nus
877 1290 1049 1321 Pbaenom.
1074 1291 1082 1306 ‘
1099 1290 1343 1331 Assyriumque
1370 1291 1491 1322 bibunt

787 1348 875 1369 nova
905 1340 1033 1371 vellera
1063 1339 1212 1371 fucumt’
1245 1346 1280 1371 et
1303 1346 1419 1372 noster
1446 1341 1490 1373 de

788 1390 890 1429 Rapt.
914 1390 923 1405 ⁴
940 1389 1071 1430 Assyrii
1089 1391 1215 1431 spumis
1232 1390 1391 1422 fucantur
1411 1393 1491 1423 ahe-

784 1439 820 1469 ni
835 1439 855 1469 :’
878 1444 912 1470 et
939 1441 1102 1481 Assyrium
1128 1451 1273 1471 venenum
1296 1442 1387 1481 apud
1410 1442 1488 1473 Vir-

785 1489 843 1529 gil.
862 1498 901 1520 ιι.
920 1490 1047 1530 Georg.
1095 1491 1278 1522 Petronius
1295 1502 1302 1522 :
1328 1492 1336 1507 ‘
1350 1491 1490 1533 Assyria

784 1539 947 1570 concham
980 1539 1142 1570 laudabat
1178 1541 1273 1571 miles
1309 1541 1342 1571 in
1369 1542 1483 1574 unda.’

784 1588 947 1628 virgilius
978 1590 1060 1628 Ciri‚
1083 1592 1091 1606 ‘
1109 1590 1183 1620 Nec
1212 1590 1315 1631 Libys
1343 1590 1485 1631 Assyrio

783 1643 954 1671 sternetur
970 1641 1113 1672 lectulus
1127 1641 1242 1672 ostro!
1288 1642 1327 1672 In
1346 1643 1460 1673 Culice
1476 1654 1485 1674 ε

783 1692 792 1707 ‘
811 1690 844 1720 Si
870 1700 936 1721 non
954 1691 1095 1732 Assyrio
1112 1691 1239 1722 fuerint
1254 1692 1304 1722 bis
1320 1692 1413 1723 lauta
1431 1702 1484 1723 co-

782 1740 854 1771 lore
871 1741 1030 1772 Vellera.'
1053 1742 1061 1757 ‘
1081 1741 1210 1782 Assyrii
1228 1743 1321 1773 succi
1336 1752 1488 1783 unguen-

784 1792 879 1831 tum‚’
902 1793 1026 1832 Statio,
1050 1792 1158 1824 Theb.
1177 1802 1225 1825 VI.
1263 1793 1366 1825 Ovid.
1384 1793 1441 1825 lib.
1460 1803 1486 1825 1.

783 1842 835 1872 El.
867 1845 896 1873 l.
924 1843 1027 1873 Trist.
1042 1852 1232 1882 purpureum
1247 1842 1358 1882 fucum
1375 1843 1484 1874 dixit:

782 1893 790 1909 ‘
806 1892 881 1923 Nec
899 1897 933 1923 te
948 1901 1119 1933 purpureo
1134 1893 1249 1923 velent
1272 1893 1422 1924 vaccinia
1436 1891 1488 1923 fn-

782 1942 846 1973 co.’
875 1942 930 1973 Sic
948 1943 1033 1973 bene
1056 1948 1188 1974 veteres
1204 1943 1292 1974 libri.
1327 1943 1485 1974 Sidonius

785 1991 970 2032 Apollinar.
999 1992 1041 2023 ad
1069 1993 1309 2032 Majoranum:
1342 1995 1351 2010 ⁴
1370 1993 1426 2025 Sic
1449 1998 1485 2024 te

782 2052 952 2082 purpureo
975 2047 1112 2073 recocta
1123 2041 1342 2074 fuco'Multos
1360 2052 1487 2083 purpu-

781 2101 818 2122 ra
836 2092 959 2123 vestiat
984 2101 1047 2132 per
1063 2092 1190 2123 annos.'
1235 2092 1485 2128 Roseumsucum

781 2141 868 2172 dixit
898 2142 1026 2173 Catull.
1067 2143 1194 2182 nuptiis
1222 2143 1342 2174 Pelei:
1372 2143 1485 2174 rubens

782 2193 912 2223 Seneca
950 2192 1092 2232 Hippol.
1129 2193 1138 2208 ‘
1158 2193 1310 2233 Longum
1348 2192 1485 2224 rubenti

779 2242 952 2282 spargitur
980 2241 1057 2272 fuco
1093 2242 1211 2272 lacus!
1268 2242 1335 2273 Ubi
1366 2241 1483 2274 fucum

781 2298 879 2323 tauro
910 2293 1038 2323 marino
1079 2292 1212 2323 erudite
1242 2292 1312 2324 dat.
1373 2293 1483 2324 Fueus

780 2342 867 2373 enini
897 2343 1033 2383 proprie
1063 2341 1168 2373 herba
1190 2342 1329 2381 marina,
1351 2342 1483 2374 Graecis

779 2391 874 2432 φύκος
897 2391 1078 2432 θαλάσσιον,
1094 2398 1183 2423 teste
1197 2393 1321 2423 Plinio.
1361 2393 1481 2423 Petro-

778 2444 873 2474 nius:
897 2445 907 2461 ‘
922 2443 1097 2476 Quaesitus
1123 2443 1246 2473 tellure
1264 2442 1354 2473 nitor
1370 2447 1481 2473 certa-

779 2498 877 2525 verat
905 2493 1020 2525 ostro.’
1066 2493 1216 2523 Avienus
1246 2494 1318 2524 Ora
1346 2492 1481 2524 Mariti-

778 2555 849 2576 ma:
873 2546 883 2563 ‘
901 2544 1034 2585 Adjicit
1060 2550 1094 2574 et
1120 2544 1212 2581 illud,
1235 2544 1414 2584 plurimum
1432 2543 1480 2573 in-

778 2603 831 2627 ter
848 2596 999 2637 gurgites
1018 2596 1162 2626 Exstare
1180 2594 1306 2633 fucum,
1330 2599 1365 2624 et
1387 2602 1478 2632 sa‘pe

779 2649 917 2689 virgulti
933 2648 1186 2679 vice-Retinere
1212 2645 1374 2686 puppini.’
1396 2644 1476 2675 San-

773 2700 923 2739 guineum
950 2699 1070 2739 Virgil.
1093 2698 1162 2728 Ciri
1180 2708 1188 2728 :
1211 2698 1219 2713 ‘
1240 2695 1387 2727 Horrida
1401 2702 1476 2723 san-

777 2750 900 2789 guineo
926 2750 1112 2791 pinguntur
1138 2743 1374 2789 praeliafucoss
1417 2743 1475 2774 Sic

1318 2799 1337 2827 4
1356 2795 1388 2826 K
