1851 3213
323 229 436 272 1172

783 242 856 273 CL.
887 240 1170 272 CLAUmANl
1207 240 1323 269 XCV.

962 489 1131 536 XCV.

655 668 725 709 45.

788 665 1061 708 CARMEN
1093 664 1445 707 PASCHALE.

319 785 546 827 CHRlSTn¹
568 787 726 837 potens
746 796 902 831 rerum,
923 782 1150 822 redeuntis
1168 782 1368 823 conditor
1389 783 1494 832 aevi,

317 853 426 894 Vox
444 852 604 893 summi
624 862 870 903 sensusque
893 849 979 890 Dei
998 863 1007 890 :
1040 862 1169 903 quem
1185 849 1300 890 fudit
1320 851 1375 891 ab
1397 850 1486 891 alta

317 920 468 961 Mente
490 919 636 968 Pater,
656 918 855 972 tantique
877 917 1000 958 dedit
1018 918 1241 958 consortia
1261 918 1395 971 regni.

318 986 468 1040 Impia
488 987 564 1040 qui
583 990 745 1027 nostrae
768 985 981 1026 domuisti
1003 986 1185 1026 crimina
1200 986 1322 1034 vitae,

318 1055 489 1096 Passus
510 1066 722 1106 corporea
744 1053 899 1094 mundi
923 1054 1081 1094 vestire
1101 1053 1251 1104 figura,
1755 1054 1785 1093 5

317 1120 544 1175 Affarique
567 1121 712 1174 palam
732 1122 941 1174 populos,
963 1121 1274 1172 hominemque
1294 1120 1446 1161 fateri:

316 1188 571 1243 [Quemque
591 1193 717 1229 utero
738 1189 957 1229 inclusum
981 1186 1154 1237 Mariae,
1175 1201 1283 1228 mox
1302 1187 1478 1228 numine
1500 1187 1637 1240 viso‚]

360 1299 486 1330 Christe
497 1300 638 1339 princeps
660 1300 777 1336 mundi,
801 1301 964 1338 reparator
978 1297 1083 1328 oetutis
1098 1297 1243 1334 melioris,
1273 1296 1402 1327 Verbum
1418 1300 1447 1327 et
1464 1296 1627 1336 Sapientia
1643 1297 1707 1328 Dei
1729 1307 1780 1328 su-

311 1343 429 1383 premi:
452 1353 540 1381 quenz
561 1343 657 1371 Pater
674 1347 822 1372 amerinis
846 1340 996 1380 produxit
1013 1350 1053 1370 ex
1068 1343 1169 1370 mente
1182 1341 1312 1375 excelsa,
1335 1343 1365 1369 et
1392 1339 1475 1369 dedit
1503 1340 1679 1370 societatem
1695 1340 1780 1370 tanti

315 1384 458 1423 Imperii.
505 1385 652 1423 Christe,
677 1384 728 1423 qui
754 1383 923 1414 extinxisti
950 1383 1063 1412 scelera
1089 1382 1184 1421 impia
1214 1382 1288 1412 vitae
1314 1385 1441 1419 noserae,
1456 1380 1566 1418 serens
1589 1382 1622 1411 in
1645 1381 1716 1413 orbe
1745 1387 1782 1414 te

313 1426 402 1457 indui
417 1436 540 1466 corpore
556 1427 698 1464 humano,
722 1430 751 1456 et
776 1425 888 1466 alloqui
918 1428 1025 1465 aperte
1054 1425 1189 1464 populos,
1215 1428 1246 1455 et
1261 1424 1402 1465 confiteri
1427 1429 1461 1455 te
1478 1434 1540 1454 esse
1555 1424 1727 1455 hominem:
1749 1427 1781 1456 et

315 1478 378 1510 per
394 1479 482 1509 quem
505 1469 538 1499 in
560 1472 666 1500 ventre
684 1469 801 1500 Mariae
814 1470 965 1507 clausum,
989 1468 1111 1507 Angelo
1130 1477 1204 1498 mox
1223 1467 1439 1507 annuntiante,
1460 1467 1544 1498 sinus
1566 1467 1708 1507 Virginis
1732 1467 1784 1498 in-

930 1552 1047 1564 ‘‘‘‘‘‘

1049 1552 1167 1563 cccccc

357 1608 399 1639 In
426 1609 506 1639 Vat.
533 1619 583 1648 pr.
611 1608 678 1640 inc.
704 1608 824 1640 Heius.
859 1609 941 1640 Cod.
968 1609 1085 1649 Epigr.
1112 1608 1232 1639 Ambr.
1252 1608 1379 1639 Moret.
1396 1617 1446 1648 pr.
1465 1607 1549 1638 Exc.
1568 1607 1710 1638 Lueens.
1726 1616 1781 1648 pr.

314 1655 388 1681 erat
411 1652 526 1690 Incipit
557 1653 594 1682 de
620 1651 794 1682 salvatore.
842 1652 882 1682 In
914 1653 993 1683 Put.
1012 1652 1127 1683 Ambr.
1146 1661 1193 1692 pr.
1210 1650 1342 1682 Buslid.
1363 1650 1495 1682 duobus
1518 1651 1641 1682 Petav.
1657 1650 1780 1682 deerat

313 1693 511 1732 Inscriptio.
546 1693 586 1723 In
600 1695 728 1725 Mon-et.
743 1705 811 1725 sec.
829 1695 956 1725 citatur
972 1695 1006 1725 in
1022 1696 1090 1725 vita
1101 1694 1294 1725 Claudiani.

357 1737 373 1766 l
403 1736 552 1765 Conditor
567 1736 648 1765 orbis
664 1737 743 1766 Vat.
762 1747 810 1775 pr.
827 1738 902 1768 Pal.
921 1738 1028 1768 Oisel.
1045 1738 1112 1767 duo
1129 1737 1222 1767 Med.
1240 1736 1356 1767 Ambr.
1383 1745 1435 1776 pr.
1459 1736 1574 1766 Oxon.
1602 1745 1669 1767 sec.
1695 1736 1778 1768 Vat.

313 1777 421 1809 Livin.
461 1778 536 1808 anni
566 1783 635 1809 vet.
666 1778 814 1817 Gyr.-2
830 1779 944 1817 fundit
966 1779 1004 1810 ab
1030 1780 1095 1810 alta
1121 1779 1206 1810 Cod.
1224 1779 1414 1810 Bartholin.
1433 1778 1485 1809 ed.
1502 1779 1616 1810 Parin.
1643 1778 1778 1817 fuderat

312 1821 376 1851 alta
401 1821 475 1851 Pal.
497 1821 562 1850 dno
583 1821 738 1851 Mem—3
769 1822 845 1852 Voce
857 1826 946 1862 pater
962 1823 1087 1853 Moret.
1117 1832 1183 1853 sec.
1201 1823 1320 1860 Magne
1334 1826 1425 1862 puter
1441 1821 1565 1853 Petav.
1585 1824 1701 1860 pin—4
1723 1821 1779 1862 (μα’

311 1866 428 1894 nostra>
458 1868 525 1894 vet.
558 1864 642 1903 Gyr.
679 1867 713 1894 tu
739 1869 852 1895 nostrae
870 1871 939 1895 tres
956 1867 1053 1895 Vatt.
1077 1865 1145 1895 Pal.
1162 1866 1257 1895 Rott.
1275 1864 1382 1895 Oisel.
1420 1864 1472 1904 qui
1487 1861 1538 1893 vel
1556 1868 1590 1894 tu
1608 1865 1688 1895 Vat.
1704 1874 1776 1896 see.

311 1905 444 1936 docuisti
470 1907 550 1937 Var.
582 1907 650 1936 LL.
679 1906 732 1936 ed.
758 1908 857 1938 Antv.
895 1909 1008 1938 saecula
1032 1911 1125 1938 terroe
1142 1918 1202 1945 pro
1218 1907 1349 1938 crimina
1367 1908 1440 1937 υἱέα
1458 1907 1534 1936 Vat.
1549 1916 1601 1946 pr.
1621 1918 1663 1937 m.
1683 1917 1780 1946 pr.—

313 1952 331 1979 5
356 1949 462 1979 mundi
475 1954 545 1978 vet.
561 1949 644 1988 Gyr.
679 1951 826 1980 mundum
843 1951 952 1981 restire
967 1956 1113 1991 quatuor
1131 1950 1225 1980 Vatt.
1251 1951 1324 1980 Pal.
1342 1950 1436 1980 Pric.
1456 1950 1566 1980 Oisel.
1584 1949 1778 1981 Bartholin.

312 1991 395 2022 Exc.
412 1992 513 2022 Laeti.
552 1992 678 2022 vestisse
694 1992 819 2024 Moret.
837 1996 972 2024 see—7
999 1994 1100 2028 Quem
1115 1993 1204 2024 verbo
1221 1993 1305 2023 Exc.
1321 1992 1410 2023 Laeti
1427 2002 1468 2023 m.
1485 2002 1555 2023 sec.
1572 1993 1656 2024 Var.
1676 1993 1742 2023 LL.
1757 2001 1777 2024 e

981 2088 1121 2120 NOTAE

355 2163 433 2194 Hoc
451 2164 608 2201 Carmen,
625 2164 689 2195 etsi
706 2164 858 2205 elegans,
876 2173 917 2194 ex
934 2164 1015 2195 mul·

310 2217 433 2255 torum,
449 2219 484 2244 et
501 2215 692 2253 praesertim
717 2224 759 2244 ex
787 2214 922 2245 Heinsii
946 2214 1016 2254 opi-

311 2264 427 2302 nione,
444 2274 508 2294 non
526 2264 628 2294 habet
646 2265 872 2295 Claudianum
897 2270 1014 2295 aucto-

310 2323 399 2345 rem:
425 2315 532 2344 multo
549 2315 659 2345 minus
674 2325 712 2345 eu
728 2325 801 2355 qnae
816 2319 1015 2354 sequuntur,

311 2363 436 2395 Graeca
467 2369 500 2393 et
527 2365 657 2403 Latina,
675 2366 705 2394 in
724 2365 955 2401 Servatorem,
982 2364 1014 2393 in

311 2414 495 2451 Christum,
512 2414 646 2444 laudem
664 2421 698 2446 et
715 2416 881 2445 miracula
907 2415 1014 2445 Chris—

310 2465 349 2505 ti,
365 2465 398 2495 in
423 2465 567 2502 Sirenas,
593 2466 709 2495 laudes
734 2466 912 2496 Herculis:
939 2476 1013 2506 qnae

309 2515 422 2546 omnia
447 2520 559 2546 tamen
577 2525 681 2556 opera
704 2516 793 2546 notis
812 2517 1014 2557 quibusdam

308 2565 563 2596 illustrabimus.

351 2617 372 2645 2
396 2615 493 2646 Fudit
520 2615 557 2645 ab
582 2615 660 2655 altu]
688 2615 743 2644 Ita
766 2625 888 2655 nempe
914 2615 1016 2654 fudit,

311 2668 350 2695 nt
365 2663 408 2695 ab
426 2669 556 2695 aeterno
583 2664 723 2704 fuderit,
752 2666 907 2705 genuerit
930 2666 1014 2696 Ver-

308 2715 390 2747 bum
406 2715 616 2746 adorandum
632 2716 742 2746 Pater
764 2717 992 2756 omnipotens.

352 2769 371 2797 5
398 2765 567 2807 Cor-porea]
600 2766 651 2797 M.
677 2765 760 2798 Ant.
787 2767 944 2798 Muretus
971 2766 1013 2798 de

1073 2162 1220 2202 Christo,
1255 2163 1264 2180 ‘
1290 2162 1347 2203 qui
1375 2166 1576 2202 corporatus
1606 2171 1646 2192 ac
1674 2171 1778 2193 carne

1071 2218 1197 2252 tectus,
1212 2213 1353 2244 infinitis
1370 2223 1445 2244 sese
1461 2212 1646 2252 laboribus,
1670 2213 1781 2244 cruci-

1072 2264 1196 2302 atibus,
1210 2264 1380 2302 mumius,
1393 2263 1495 2294 morti
1512 2263 1661 2305 denique
1676 2268 1783 2294 teter-

1072 2314 1165 2343 rimze
1204 2318 1305 2353 atque
1336 2313 1566 2343 acerbissimae
1605 2313 1778 2354 exposuit,

1072 2375 1136 2404 qno
1160 2364 1284 2394 sudore
1303 2374 1340 2394 ac
1360 2366 1524 2404 sangnine
1551 2374 1611 2394 sno
1639 2364 1681 2394 ab
1708 2363 1779 2394 ani-

1072 2415 1132 2443 mis
1150 2416 1272 2444 nom-is
1296 2415 1512 2444 durissimum
1531 2414 1653 2454 jugum
1678 2418 1777 2444 aeter-

1070 2474 1122 2494 nae
1141 2464 1331 2502 depelleret
1348 2464 1546 2495 servitutis-J

1113 2517 1131 2544 7
1171 2514 1318 2553 Numine]
1356 2513 1486 2553 Ange-lo
1515 2514 1692 2554 Gabriele,
1718 2514 1781 2555 qui,

1070 2564 1218 2603 supremi
1241 2564 1394 2594 Numinis
1420 2565 1509 2594 vives
1536 2564 1673 2604 agebat,
1698 2574 1777 2595 cum

1070 2615 1112 2645 ad
1130 2614 1354 2644 beatissimam
1371 2614 1544 2653 Virginem
1567 2619 1681 2644 orator
1697 2614 1775 2644 mis-

1069 2675 1124 2696 sus
1139 2675 1233 2696 sacra
1251 2666 1420 2704 legatione
1438 2664 1621 2695 defunctus
1637 2669 1703 2696 est.

1115 2716 1212 2751 Quem
1224 2719 1362 2746 tumuere
1370 2714 1470 2754 sinus]
1483 2714 1524 2745 Id
1535 2719 1600 2755 est,
1610 2714 1654 2745 ob
1661 2724 1774 2756 quem,
1798 2732 1807 2737 -

1069 2775 1133 2807 per
1147 2776 1247 2808 quem
1263 2771 1419 2797 tumuere
1435 2765 1578 2807 virginei
1590 2765 1693 2797 sinus.
