1852 3182
629 235 890 266 ΕιοΥιὼιΑ.
1381 228 1484 267 1091

35 336 223 390 Agmina
242 337 410 378 collatis
433 332 587 374 credas
610 331 841 383 confligere
864 329 1016 382 signis.

34 404 202 445 Tantus
224 406 265 444 in
287 407 471 453 angusto
494 400 704 452 strepitus
727 398 843 438 furit.
903 397 1095 438 Additur
1116 398 1247 438 armis

36 471 280 517 Calliditas‚
300 480 547 522 parcusque
569 469 635 507 sui
657 472 812 516 tumor,
836 467 985 519 iraque
1007 477 1229 518 nunquam

36 539 221 589 Prodiga
244 536 442 584 telorum,
467 539 593 576 caute
617 539 822 576 contenta
843 534 1014 583 minari,
1439 531 1493 570 :30

36 604 132 645 Nec
151 603 237 643 nisi
260 602 487 643 servandae
504 603 650 656 jactus
671 601 918 654 impendere
939 602 1057 641 vitae.

36 671 161 711 Error
181 671 331 720 abest3
364 673 527 710 certum
549 669 725 708 solertia
745 668 937 708 destinat
959 666 1109 715 ictum,

35 738 112 780 Nil
133 738 280 791 spatio
303 737 474 777 fallente
493 736 670 777 modum
690 750 698 776 :
733 740 967 789 servatque
989 740 1183 775 tenorem

34 804 159 846 Mota
180 805 308 854 cutis,
332 805 536 858 doctique
559 805 672 857 regit
693 804 924 845 conamina
946 804 1082 843 nisus.

35 871 151 922 Quid
174 872 300 913 labor
321 873 534 913 humanus
553 876 715 913 tantum
734 873 902 913 ratione
922 871 1073 923 sagaci

33 939 246 981 Proficit?
279 941 471 994 eripiunt
494 941 694 981 trucibus
721 939 937 993 Gortynia
959 939 1108 992 capris

1438 870 1495 910 35

34 1045 131 1075 Putes
156 1048 293 1075 catervas
319 1045 464 1074 incitatas
490 1045 635 1082 clangore
658 1043 800 1074 tubarum
825 1044 981 1073 decertare
1006 1042 1129 1072 vexillis
1146 1040 1325 1072 commissis.
1365 1040 1498 1071 Tantum

33 1097 169 1117 murmur·
185 1088 342 1117 excitatur
355 1088 384 1117 in
396 1087 513 1126 parto!
535 1086 663 1116 Astatia
677 1087 857 1124 adjungitur
873 1085 922 1115 his
935 1085 1016 1123 telis,
1029 1083 1159 1122 etfuror
1174 1092 1302 1122 parcens
1317 1082 1388 1121 sibi,
1402 1086 1431 1112 et
1448 1083 1497 1112 ira

29 1139 181 1169 'autequam
196 1129 384 1169 prqsumlcns
399 1130 485 1159 male
508 1129 640 1168 spicula,
663 1129 740 1159 sutis
756 1128 869 1158 habens
884 1128 1040 1166 sapienter
1056 1126 1210 1163 minitari,
1226 1129 1254 1155 et
1272 1135 1328 1154 non
1344 1125 1496 1155 insumere

23 1171 128 1209 jactus
152 1172 308 1208 telorum,
333 1172 394 1201 nisi
416 1171 456 1201 ad
484 1173 579 1201 vitam
602 1172 850 1201 conseri-andam.
876 1171 976 1200 Error
991 1173 1187 1203 renuat-etum·
1211 1167 1366 1198 industria
1381 1167 1496 1205 dirigit

31 1214 124 1245 telum
139 1217 266 1252 certum,
292 1214 452 1244 intervallo
472 1224 531 1244 uon
552 1214 721 1254 decipiente
743 1215 863 1244 modum
881 1211 1067 1252 dirigendi:
1096 1215 1124 1242 et
1143 1211 1222 1241 cutis
1237 1213 1385 1240 commota
1401 1209 1499 1240 obser-

31 1260 82 1287 vat
97 1257 241 1296 spatium
258 1258 432 1295 tenendum,
444 1260 474 1287 et
486 1258 662 1287 moderatur
673 1256 929 1293 conutumjactus
939 1255 1047 1295 periti.
1074 1254 1158 1288 Quid
1174 1253 1329 1284 industria
1341 1252 1497 1282 hominum

31 1302 151 1330 tantum
162 1300 294 1340 protulit
310 1301 415 1330 solerti
438 1297 588 1338 ingenio?
611 1299 763 1330 homines
784 1297 931 1337 auserunt
944 1298 1046 1338 capris
1064 1296 1238 1327 crudelibus
1252 1304 1365 1326 cornua
1380 1295 1498 1335 Gorty-

642 1392 879 1403 aeaeaeaeaeaeaeaeaeaeaeae

31 1443 174 1473 tubarum
189 1442 270 1473 Put.
292 1443 370 1472 Lov.
389 1442 510 1472 I’etav.
531 1452 598 1473 see.
613 1442 732 1472 deerat
748 1442 801 1472 hic
818 1451 932 1472 versus
952 1442 1077 1472 Moret.
1094 1443 1233 1480 pin—27
1257 1439 1398 1478 cognatis
1416 1438 1498 1469 Pnt.

30 1486 172 1524 cognatis
187 1496 212 1515 c.
229 1495 411 1522 consurgere
429 1485 507 1515 γῆν.
523 1485 589 1515 LL.
605 1484 658 1514 ed.
674 1484 778 1515 Antv.
812 1484 926 1514 castris
941 1485 1021 1514 Vat.
1041 1493 1108 1514 sec.
1147 1483 1218 1513 telis
1244 1482 1311 1512 inc.
1334 1482 1499 1511 Heium—⁴

32 1531 73 1559 28
97 1531 229 1565 ungusta
247 1527 299 1556 ed.
319 1527 433 1557 Pau-m.
472 1528 620 1565 strepitus
638 1526 719 1563 ferit
744 1526 823 1556 l'ut.
847 1526 917 1561 fuit
937 1525 1053 1556 Ambr.
1072 1528 1212 1564 mmmm)
1233 1534 1401 1563 parcusque
1419 1523 1497 1554 ΑΜ.

25 1570 94 1608 suit
111 1579 170 1609 pro
194 1570 243 1599 sui
268 1569 343 1599 Pal.
371 1568 435 1598 duo
460 1568 554 1598 Med.
591 1569 685 1597 timor
708 1567 773 1597 duo
798 1568 891 1598 Vfltt.
908 1568 980 1597 Pal.
999 1567 1105 1597 Oisel.
1139 1571 1241 1596 tumor
1264 1566 1286 1595 i.
1303 1576 1331 1595 e.
1359 1566 1406 1595 ira
1433 1566 1498 1603 leg.

33 1612 151 1643 Heins.
173 1614 265 1651 atque
282 1611 326 1641 ita
344 1620 404 1650 pro
422 1611 527 1649 iraque
543 1610 621 1641 Vat.
645 1612 798 1639 δρα-31
818 1609 925 1645 jactus
939 1610 1021 1640 Var.
1038 1610 1107 1639 LL.
1125 1618 1143 1638 e
1168 1617 1274 1646 marg.
1294 1608 1405 1637 Parm.
1430 1611 1500 1637 tan-

32 1657 82 1685 tus
97 1654 249 1685 Florent.
287 1657 396 1684 cautus
412 1654 492 1683 Vat.
510 1657 589 1683 tert.
624 1655 743 1682 tractus
758 1652 838 1681 Vat.
865 1661 933 1682 sec.
957 1651 1030 1681 Pal.
1058 1652 1153 1681 Rott.
1183 1650 1293 1679 Oisel.
1318 1654 1387 1679 tres
1406 1649 1502 1680 Med.

34 1697 153 1728 Heins.
169 1696 215 1727 H.
233 1700 268 1726 et
283 1696 350 1726 inc.
367 1695 473 1736 ejusd.
490 1695 570 1725 Put.
587 1695 653 1725 duo
669 1695 791 1725 Petav.
810 1695 942 1724 Bonon.
959 1693 1026 1723 duo
1044 1692 1160 1723 Ambr.
1176 1693 1302 1723 Monet,
1320 1701 1369 1730 pr.
1389 1691 1502 1723 Oxon.

33 1748 99 1771 sec.
126 1738 256 1770 Buslid.
283 1738 368 1770 Cod.
397 1738 514 1778 Epigr.
545 1737 662 1768 Ambr.
679 1736 734 1768 ed.
763 1736 878 1767 Parm.
904 1737 988 1766 Var.
1010 1736 1078 1767 LL.
1101 1735 1156 1766 ed.
1174 1734 1364 1765 Antv.—32
1391 1734 1503 1764 Terror

34 1782 115 1813 vat.
132 1791 181 1822 pr.
197 1782 272 1812 Pal.
291 1781 358 1812 duo
373 1780 466 1812 Med.
485 1780 551 1811 duo
570 1780 689 1810 Heius.
712 1780 832 1810 Petav.
856 1789 907 1819 pr.
933 1779 1066 1810 Bonon.
1084 1777 1199 1808 Arubr.
1217 1781 1295 1808 tert.
1309 1777 1434 1807 Moret.
1449 1786 1502 1817 pr.

35 1823 144 1855 Oxon.
161 1834 229 1855 sec.
245 1824 328 1855 Cod.
347 1824 465 1864 Epigr.
486 1823 602 1853 Ambr.
619 1823 700 1853 Var.
718 1823 784 1853 LL.
802 1821 856 1852 ed.
874 1821 977 1852 Antv.
1001 1821 1091 1851 habet
1108 1820 1216 1851 Oisel.
1245 1823 1344 1850 totum
1360 1829 1420 1859 pro
1437 1829 1503 1850 ccr-

33 1869 99 1898 tum
112 1867 176 1898 lnc.
194 1867 314 1898 Heius.
338 1867 452 1897 circum
470 1866 553 1896 Cod.
572 1865 689 1905 Epigr.
706 1864 913 1895 Ambr.—33
930 1864 1089 1903 fallatque
1101 1867 1236 1894 tenorem
1253 1863 1332 1893 Put.
1360 1862 1503 1894 timorem

34 1908 113 1941 Vat.
129 1912 286 1941 sem—34
311 1910 401 1939 Motu
420 1908 527 1940 Oisel.
546 1919 590 1939 m.
605 1918 672 1939 sec.
709 1908 803 1938 Muta
820 1907 887 1937 duo
904 1908 1001 1938 Vatt.
1020 1907 1095 1937 Pal.
1133 1906 1242 1936 Mixta
1257 1905 1338 1935 Var.
1364 1905 1431 1936 LL.
1449 1904 1503 1936 ed.

35 1951 138 1983 Antv.
175 1954 257 1991 regit
282 1952 364 1983 Lov.
392 1951 522 1982 Buslid.
550 1950 629 1982 Ald.
668 1950 750 1981 visus
766 1950 840 1982 Pal.
858 1950 987 1981 Buslid.
1021 1950 1108 1979 nisus
1125 1949 1189 1979 duo
1205 1948 1301 1978 vait.
1320 1947 1416 1978 Med.
1434 1957 1502 1978 sec.

34 1993 101 2025 inc.
121 1994 238 2025 Heius.
253 1994 333 2025 Put.
357 1995 423 2025 duo
451 1993 571 2024 Petav.
595 1994 724 2024 Bonon.
752 1993 877 2023 Moret.
896 2002 945 2033 pr.
964 1992 1079 2023 Oxou.
1096 2001 1165 2021 sec.
1184 1991 1263 2021 Lov.
1281 1990 1364 2020 Cod.
1386 1990 1504 2030 Epigr.

35 2036 156 2067 Anibr.
184 2036 262 2067 Ald.
282 2036 366 2067 Var.
384 2037 454 2068 LL.
483 2046 501 2067 e
525 2046 632 2075 marg.
661 2036 865 2066 Pamin—35
893 2035 977 2070 Quid
1004 2034 1082 2065 Ald.
1110 2034 1224 2075 Parm.
1251 2033 1384 2073 Grypli.
1426 2032 1506 2067 Quis

37 2079 105 2110 duo
121 2079 216 2110 Vatt.
239 2079 319 2109 Pat.
348 2080 441 2110 Rott.
470 2078 577 2109 Oisel.
601 2084 670 2109 tres
694 2079 787 2109 Med.
805 2079 870 2109 inc.
888 2078 1009 2108 Heius.
1028 2077 1107 2108 Put.
1127 2077 1192 2107 duo
1218 2076 1341 2106 Petav.
1371 2076 1506 2107 Bonon.

37 2120 155 2153 Ambr.
183 2131 233 2161 pr.
261 2121 345 2152 Cod.
373 2122 491 2162 Epigr.
516 2121 634 2152 Ambr.
669 2121 811 2152 humanis
842 2120 971 2151 Buslid.
1001 2121 1080 2151 Var.
1099 2119 1170 2151 LL.
1187 2118 1242 2150 ed.
1260 2118 1365 2149 Antv.
1390 2127 1433 2148 m.
1452 2127 1504 2157 pr.

36 2165 156 2195 ratione
169 2164 283 2203 sagaci
300 2164 483 2195 Rott.-36
507 2163 634 2201 Profuit
651 2164 728 2194 Yat.
747 2173 813 2194 sec.
844 2162 976 2206 Perficit
992 2163 1069 2193 Vat.
1086 2166 1168 2193 tert.
1186 2162 1336 2193 Florent.
1370 2160 1508 2192 trac-ibus

696 2269 728 2300 N
735 2269 837 2300 OTAE

81 2335 216 2375 Asperat
231 2334 346 2374 armos]
382 2333 743 2372 Acuitlmmeros‚vel
799 2333 938 2363 durnin
976 2332 1107 2373 spiculo
1146 2330 1322 2362 vibrando.
1382 2329 1505 2372 Sicque

41 2386 153 2428 potius
179 2385 282 2424 acuit,
307 2385 417 2416 exerit
439 2384 570 2424 spicula
595 2393 654 2414 seu
670 2383 743 2414 has-

41 2436 112 2468 tilia
125 2436 158 2466 in
175 2435 323 2466 humeris
340 2435 419 2466 suis.

83 2488 124 2517 28
147 2486 265 2516 Tantus
280 2485 313 2515 in
324 2486 470 2526 angusto]
492 2485 642 2516 Tantum
659 2489 744 2516 stre-

41 2535 131 2577 pitus
146 2535 218 2566 edit
232 2545 373 2576 parvum
396 2535 487 2566 istud
505 2535 629 2566 animal
646 2535 679 2565 in
694 2534 746 2565 his

44 2587 214 2626 angustiis.

87 2639 126 2667 33
151 2637 319 2677 Ser-vaeque
348 2637 500 2677 tenorem]
549 2637 631 2677 Ejus
659 2635 747 2667 cutis

42 2690 136 2717 mota
151 2692 218 2717 tam
234 2692 331 2718 certa
347 2691 397 2718 est
413 2686 456 2717 ad
472 2687 577 2718 ictum
598 2686 746 2726 dirigen-

45 2735 138 2775 dum,
153 2738 191 2765 ut
206 2745 271 2766 uon
285 2735 424 2768 fallatur
435 2737 558 2777 spatio,
569 2741 605 2767 ut
618 2736 747 2777 optime

47 2786 208 2819 observet
230 2787 375 2828 spatium
402 2790 438 2818 et
464 2791 599 2828 tempus
630 2791 749 2818 tenen-

798 2383 931 2424 hystrix
948 2382 1135 2423 symbolum
1160 2385 1211 2412 est
1228 2379 1439 2412 fortitudinis
1456 2389 1507 2410 sa-

801 2434 1032 2474 pientissimae,
1058 2443 1132 2474 quae
1160 2432 1312 2463 cominus
1329 2435 1363 2461 et
1378 2430 1507 2461 eminus

800 2485 931 2515 hostem
957 2483 1145 2524 prudenter
1172 2481 1271 2522 petit.
1318 2480 1425 2511 Aiunt
1443 2481 1508 2511 Lu-

801 2535 959 2566 dovicnm
983 2534 1048 2565 XI.
1075 2533 1262 2564 Gall'1arum
1285 2531 1428 2570 Regem,
1452 2529 1509 2560 de-

802 2586 965 2616 lectatum
982 2594 1054 2615 esse
1079 2582 1191 2622 effigie
1215 2581 1389 2622 Hystricis
1415 2589 1509 2610 coro-

802 2645 876 2666 nam
894 2634 1050 2672 ferenffl,
1068 2643 1143 2665 cum
1162 2635 1223 2664 hoc
1241 2632 1355 2670 titulo,
1374 2632 1382 2647 ‘
1400 2628 1509 2660 Comi-

803 2695 863 2716 nus
880 2690 915 2716 et
932 2684 1084 2716 erninus.’

845 2738 887 2766 36
912 2734 1084 2775 Gortynia]
1115 2734 1250 2772 Gortyn
1267 2735 1319 2762 est
1332 2729 1410 2760 urbs
1426 2727 1508 2758 Cre-

803 2789 861 2826 tae,
877 2784 935 2816 ubi
950 2794 1076 2816 cornua
1092 2791 1271 2824 caprarum
1293 2777 1508 2820 sylvestrium
