1852 3182
515 229 578 259 DE
612 231 675 259 lv.
708 231 845 262 CONS.
879 232 1063 264 HONOR.

108 327 194 358 Auro
216 326 398 368 Squameus]
443 326 598 357 Loricam
627 336 764 358 auream

66 386 164 417 cape.
208 378 318 414 Maro,
334 377 457 407 lib.1u.
480 376 488 391 ‘
506 375 765 417 Dodonaeosque

65 426 209 464 lebetas,
241 426 394 458 Loricam
432 431 621 456 consertam
652 427 768 465 hamis,

60 485 210 517 auroque
230 475 400 507 trilicem.'

110 529 171 557 524
198 527 324 557 Casside
355 526 467 566 mnjor]
490 525 597 556 Solita
624 531 766 557 statura.

67 577 328 616 Elegantissima
380 577 610 608 ostentatione
662 578 767 608 velut.

68 626 183 657 Barth.

109 679 169 706 525
198 676 351 717 Threicia]
383 677 487 707 Marti
504 677 769 717 patriamTlrra-

66 725 151 757 ciam
169 725 335 757 adscribit
352 727 557 768 Antiquitas.
582 728 742 758 Manilius
760 738 766 758 :

63 778 72 794 ‘
91 776 225 808 Thrace
254 778 401 808 Martem
440 779 561 809 sortita
591 778 771 809 colonum.’

67 827 166 858 Idem.

110 880 171 908 527
204 878 294 909 Vires
312 879 444 918 jaculis]
477 879 555 910 Vim
573 889 688 910 eorum
715 879 771 910 ob-

69 927 136 958 iter
152 933 259 959 notes.

114 977 287 1018 Gortynia]
312 978 340 1008 A
369 985 470 1017 geute
496 980 666 1018 Cretensi,
693 989 773 1020 quo-

71 1036 144 1058 rum
161 1038 213 1058 ars
223 1029 396 1068 jaculandi
416 1035 507 1061 nota.
533 1031 648 1061 Barth.

112 1081 175 1108 528
201 1079 290 1109 Certi
311 1080 441 1119 petitor]
468 1081 591 1119 Magna
608 1079 772 1110 industria

71 1126 335 1166 Imperatorum,
347 1129 517 1168 dignaque
532 1134 625 1159 tanto
637 1129 772 1168 fastigio

70 1177 200 1215 habita,
216 1182 310 1208 certo
329 1179 485 1218 jaciendi
508 1179 772 1219 sagittaudique.

71 1227 228 1258 Valerius
246 1228 401 1267 Flaccus,
423 1229 431 1244 ‘
450 1229 639 1259 Deucalion
661 1233 775 1259 certus

65 1277 212 1318 jaculis.y
235 1278 332 1308 Idem.

115 1332 178 1360 529
201 1330 329 1359 Jussnm
358 1329 485 1360 mentiri
515 1329 634 1359 nescius
662 1329 772 1368 ictum]

78 1379 182 1410 Visum
201 1388 242 1409 ex
259 1389 319 1409 suo
341 1379 425 1410 libro
443 1380 591 1418 Delrins,
610 1380 776 1419 quomodo

75 1434 109 1460 et
122 1429 219 1460 multi
234 1429 443 1460 nostrorum':
463 1429 600 1460 frustra.
625 1429 778 1459 0νίιίᾸῖ-

74 1481 155 1521 pist.
174 1481 291 1513 Parid.
314 1482 468 1521 ‘Figitur
494 1483 525 1512 iu
549 1483 642 1522 jusso
665 1486 779 1512 nostra

76 1531 201 1571 sagitta
221 1531 317 1562 loco.’
341 1532 449 1562 Paulo
479 1537 557 1562 ante
588 1532 688 1562 tendis
715 1540 780 1561 nou

75 1581 190 1620 tendit,
207 1581 312 1622 probe
325 1582 444 1621 scripti
461 1592 586 1614 omneS.
611 1583 653 1613 D.
669 1582 780 1612 mins.

121 1634 185 1662 530
212 1632 333 1673 Cydon]
358 1632 444 1663 Urbs
463 1633 576 1663 Cretae
606 1633 676 1673 pari
696 1632 782 1671 peri-

79 1681 129 1713 tia
144 1682 331 1722 sagittandi
350 1693 425 1713 cum
444 1683 613 1722 Gortyna.
639 1683 754 1713 Barth.

120 1735 182 1763 531
200 1732 383 1772 Armenius]
406 1733 552 1763 Parthos
569 1738 603 1763 et
616 1734 707 1772 ipsos
720 1731 782 1762 Ar-

78 1781 208 1813 menios
224 1782 386 1822 intellige.

123 1831 262 1874 Refugo]
287 1833 617 1873 Retrojaculationes
642 1833 785 1863 Partho·

79 1893 164 1922 rum,
182 1883 378 1922 Persarum,
401 1883 569 1924 hodieque
585 1883 786 1920 Turcarum,

80 1934 278 1965 notissimae.
305 1934 419 1965 Barth.

125 1988 187 2015 532
212 1984 422 2024 Arnphionioe]
468 1984 650 2023 Thebrmae,
674 1983 788 2015 condi·

84 2038 158 2066 tore
173 2035 322 2065 civitatis
339 2034 542 2074 Amphione.

131 2085 278 2125 Pulcher]
302 2086 450 2116 Hei-oica
468 2084 612 2126 quadam
632 2083 790 2125 speciosi·

85 2140 169 2167 tate.
188 2135 303 2166 Barth.

127 2189 190 2217 533
215 2184 402 2224 Pharetras]
425 2185 583 2224 Sagittas.
610 2184 706 2215 Idem.

129 2237 320 2275 Dircaeaqae
338 2237 401 2266 tela
417 2235 547 2275 solebat]
577 2234 688 2265 Prisci
714 2243 792 2264 non-

88 2286 170 2317 nulli
187 2286 394 2326 Dictaeaque:
418 2286 505 2325 quod
531 2294 712 2326 perperam
740 2294 791 2314 ar-

87 2336 195 2377 ripuit
234 2337 324 2367 idem
366 2337 516 2367 Delrius.
585 2337 675 2369 Quid
705 2337 792 2367 enim

88 2386 232 2418 Herculi
261 2387 426 2418 Thebano
458 2397 535 2418 cum
572 2387 793 2418 Cretensibus

91 2437 252 2477 sagittis?
276 2447 353 2467 mox
381 2437 540 2476 Gigantas
564 2447 626 2477 pro
647 2438 795 2476 gigantes

89 2496 176 2518 unus
208 2487 330 2519 Petav.
369 2491 405 2518 et
437 2488 568 2519 Bonon.
601 2488 794 2518 accusativo

90 2537 239 2570 Graeco:
262 2543 301 2569 ut
323 2537 414 2578 apud
437 2538 611 2577 Ovidium,
636 2537 796 2575 Statium,

91 2587 176 2620 alios
190 2588 310 2628 poetas
326 2588 402 2618 libri
414 2588 569 2619 meliores
585 2599 591 2618 :
619 2588 659 2618 de
673 2598 738 2628 qno
752 2587 793 2618 ad

93 2637 275 2669 Nasonem.
298 2639 342 2670 D.
366 2639 480 2670 Heius.

136 2690 201 2718 534
227 2689 420 2720 Praetentare
447 2689 546 2728 seris]
590 2687 796 2726 Venatione‚

93 2739 156 2768 aut.
171 2737 320 2776 aiioquin
336 2738 546 2779 configendis
563 2737 654 2768 feris.
678 2738 795 2768 Barth.

139 2789 200 2818 535
225 2787 340 2818 Pacem
362 2787 467 2818 tatum
478 2787 562 2828 polo]
593 2786 794 2818 Exturbatis

1403 228 1516 270 1359

820 327 976 357 monstris
1006 337 1081 368 quae
1110 329 1283 368 negotium
1312 330 1413 362 etiam
1441 333 1518 364 Diis

820 377 936 410 fucere
954 384 1124 419 poterant.

864 430 1048 468 Semperque
1074 430 1231 470 cruentus]
1257 430 1429 469 Perpetuo
1455 434 1519 462 vir-

823 480 905 510 tutis
930 481 1106 510 exercitio.
1152 480 1344 510 Secundum
1371 480 1451 510 illud
1484 490 1520 513 ii.

823 530 932 560 Rutiu.
957 533 964 546 ‘
979 529 1192 560 Inflammata
1208 531 1310 560 semel
1329 530 1437 561 nescit
1463 531 1522 561 mi-

824 585 955 610 tescere
974 580 1104 610 virtus!
1131 581 1246 611 Barth.

866 632 927 659 537
955 631 1126 669 Caerulaasj
1152 631 1268 668 Niger,
1282 630 1445 661 horridus.

869 680 936 709 Tati
952 679 1110 719 Apolline]
1135 682 1287 711 Formam
1312 687 1346 711 et
1363 681 1524 712 virtutem

824 730 969 760 Honorii
986 731 1113 761 Plioebo
1129 731 1314 770 componit.
1339 732 1453 762 Barth.

868 784 930 811 538
956 782 1112 812 Moritura
1128 782 1296 822 volumina]
1324 783 1441 813 Malim
1466 793 1528 813 rno-

822 832 964 862 ribanda.
1000 833 1044 862 l).
1063 832 1182 862 Heins.

875 882 1047 921 l'alwnina]
1075 882 1228 912 Immanes
1255 883 1365 922 spiras.
1399 882 1527 913 Eadem

825 932 856 962 in
884 941 918 961 re
940 932 1116 962 Sidonius:
1151 933 1314 970 ‘Figeret
1341 933 1523 963 innumeris

826 992 1005 1012 numerosa
1022 982 1187 1012 volumina
1206 983 1303 1012 telis!
1329 983 1442 1014 Barth.

868 1036 930 1063 539
956 1035 1033 1063 Cum
1058 1033 1192 1063 vectaris
1214 1033 1302 1072 equo]
1330 1032 1525 1064 Dexterita-

827 1087 895 1113 tem
927 1082 1103 1123 equitandi
1134 1083 1271 1112 laudat:
1311 1088 1345 1113 et
1377 1083 1456 1113 alibi
1485 1083 1528 1113 de

825 1133 1033 1163 Stilichone:
1055 1134 1063 1149 ‘
1084 1132 1252 1162 Flecteuti
1269 1132 1386 1162 faciles
1404 1131 1528 1162 Medus

827 1183 888 1213 tibi
906 1182 1008 1213 cessit
1026 1180 1196 1212 liabenas.’

870 1233 1102 1272 simulacraque
1120 1230 1257 1270 Martia]
1283 1231 1458 1262 Exercitia
1484 1240 1534 1261 ar-

827 1292 957 1312 mornm
979 1281 1172 1319 incruenta,
1201 1285 1419 1312 cruentorum
1448 1291 1534 1321 prae-

828 1332 927 1362 ludia.
981 1331 1167 1370 Imaginem
1199 1330 1277 1360 belli
1304 1335 1408 1361 vocat
1437 1330 1536 1362 Jose-

829 1381 926 1421 phus.

872 1431 987 1470 Ludis]
1011 1431 1088 1461 Non
1105 1430 1193 1461 serio
1217 1431 1287 1469 agis
1305 1430 1365 1461 sed
1383 1430 1532 1461 ostendis

831 1491 891 1522 per
921 1481 1034 1511 ludum
1062 1480 1141 1520 quid
1174 1490 1276 1519 agere
1308 1480 1429 1520 possis,
1456 1490 1534 1510 cum

831 1533 961 1563 veneris
977 1533 1009 1562 in
1027 1542 1182 1572 campum
1210 1531 1345 1563 fortiter
1370 1531 1535 1564 facturus.

833 1583 954 1614 Barth.

876 1636 938 1663 540
963 1633 1071 1663 Molles
1089 1631 1204 1671 sagas]
1237 1632 1314 1663 Non
1342 1636 1535 1671 contentas,

835 1683 947 1723 duras,
978 1692 1125 1723 asperas.
1176 1681 1262 1711 Vide
1296 1682 1473 1712 Maronem
1505 1690 1537 1712 v.

836 1734 936 1764 Idem.

879 1787 941 1814 542
967 1783 1173 1822 Massageta]
1212 1782 1280 1815 Qui
1306 1785 1474 1822 perpetuo
1505 1782 1538 1812 iu

837 1844 944 1876 equis.

882 1885 967 1915 Gens
980 1884 1119 1914 exercita
1132 1893 1236 1922 campo
1255 1883 1414 1923 Thessala]
1436 1881 1543 1912 Thes·
1599 1897 1602 1901 ⁴

839 1935 899 1965 sali
919 1933 1131 1975 equitesjam
1149 1933 1227 1964 iude
1251 1933 1293 1964 ab
1312 1932 1452 1964 Homeri
1469 1941 1542 1962 aevo

838 1984 978 2015 nobiles.
1018 1983 1133 2014 Barth.

883 2037 945 2065 543
973 2035 1036 2074 Ipsi
1062 2033 1256 2073 bimembres]
1281 2035 1471 2065 Centauros
1495 2032 1543 2063 di-

842 2085 898 2115 cit.
932 2085 1028 2114 Idem.

885 2138 947 2165 514
977 2135 1042 2165 Vix
1065 2133 1191 2164 caunites
1217 2132 1288 2172 aloe]
1324 2132 1546 2164 Celei-itatem

843 2186 1059 2217 commendat
1074 2186 1105 2215 in
1124 2185 1246 2226 Equite
1262 2184 1429 2215 Honorio.

887 2235 1053 2276 Suspensa]
1071 2236 1244 2266 Contenta
1260 2243 1359 2265 cursu
1374 2233 1466 2263 velut
1480 2232 1548 2262 ele-

843 2290 937 2323 vata,
959 2285 1082 2325 vixque
1111 2288 1235 2315 terram
1264 2283 1448 2323 tangentia.
1491 2282 1547 2312 Sic

844 2344 944 2366 mox:
980 2337 1076 2366 ‘non
1105 2334 1210 2365 sentit
1243 2342 1360 2364 arenas
1394 2330 1548 2371 Ungula?

845 2378 962 2416 Barth.

889 2438 951 2466 545
976 2435 1158 2476 Fen-entes]
1179 2433 1300 2465 Studio
1316 2442 1443 2464 cursus.
1476 2430 1549 2462 Sin-

847 2486 932 2526 gulis
949 2485 1144 2516 cohortibus
1160 2490 1261 2516 erant
1281 2483 1403 2524 singuli
1419 2483 1550 2513 Draco-

846 2545 916 2566 nes.
955 2535 1053 2566 Idem.

889 2588 953 2617 546
975 2585 1081 2626 Arsit]
1114 2584 1273 2616 Incaluit.
1309 2583 1418 2620 Maro,
1439 2581 1460 2612 1.
1485 2588 1548 2610 vu.

845 2637 854 2653 ‘
874 2637 962 2667 Itala
995 2636 1094 2667 tellus
1125 2635 1244 2676 quibus
1275 2632 1395 2664 arserit
1426 2628 1547 2660 armis!

849 2687 946 2717 Idem.

890 2739 952 2768 547
977 2737 1142 2775 Ignescunt
1170 2733 1284 2773 patatae
1310 2727 1413 2767 nares]
1446 2726 1549 2760 Quod

850 2786 1046 2818 adscribunt
1063 2783 1158 2824 equis
1175 2779 1359 2823 generosis,
1372 2783 1406 2809 et
1423 2777 1549 2809 animos
