1851 3213
278 200 392 243 1358

281 305 426 336 Civilem
438 305 480 337 de
488 306 640 337 Maximo
654 306 833 337 victoriam
844 305 988 335 Romam

281 356 454 396 ingressus
482 357 704 395 Theodosius,
735 358 843 387 multa
874 365 989 386 corum

281 416 356 438 aevo
383 407 538 439 labantia
562 408 777 446 instauravit,
795 407 989 438 Occidente

282 458 479 490 reformato.
504 459 619 490 Barth.

325 508 618 548 Emeudanturqne]
642 507 691 539 At
703 518 768 539 non
782 508 991 539 convalescit

283 559 402 600 planta
433 569 508 600 quae
537 558 662 598 saepius
694 557 913 598 transfertur,
943 559 992 589 ait

284 610 402 640 Senec.
416 614 450 640 et
467 614 545 639 sunt
561 609 617 650 qui
634 614 672 640 ut
688 609 814 650 aliquid
833 609 883 640 sui
900 609 991 640 vide-

285 665 387 690 antur
412 658 562 699 adferre,
588 659 690 690 etiam
723 664 818 690 recta
843 669 990 690 commu-

284 713 382 741 tant:
408 709 597 741 cavendum
615 714 668 740 est
681 710 783 740 etiam
800 719 841 740 ne
859 711 992 750 legibus

283 757 430 791 fundata
468 761 606 800 respub.
643 760 776 799 legibus
806 765 993 791 evertatur.

290 810 413 840 Cim-«er.

328 863 393 890 509
415 859 571 898 Despexit
582 858 700 898 muros]
723 858 903 889 Fortitudo
920 860 994 898 pul-

287 910 380 945 chra,
396 919 463 939 non
480 910 513 939 iu
541 919 712 940 murorum
738 909 798 939 sed
818 909 852 940 in
868 909 994 940 animo-

286 969 361 990 rum
378 960 502 990 robore
520 960 691 990 confidere
709 960 851 991 Ducem.

330 1011 461 1041 IVIunita
483 1011 642 1051 Lycurgo]
666 1012 783 1052 Cujus,
807 1011 866 1051 ait,
882 1012 994 1051 Leges

286 1070 350 1102 pro
367 1070 461 1091 muro
479 1060 588 1092 fuere.
612 1062 728 1093 Barth.

332 1113 396 1141 510
435 1112 514 1146 Quoe
539 1112 594 1142 sub
620 1115 651 1143 te
681 1113 728 1143 rel
753 1123 844 1144 causa
872 1112 997 1154 gravis]

289 1161 406 1192 Brevis
417 1162 571 1192 meliores
584 1163 702 1202 scripti
718 1175 724 1192 :
744 1168 849 1193 recte.
871 1164 997 1195 Quam-

289 1212 339 1242 vis
359 1222 510 1252 parvam,
526 1214 580 1243 vel
598 1214 728 1244 minimi
754 1215 928 1253 momenti,
949 1215 998 1244 in-

291 1262 419 1302 tellige.
447 1263 561 1293 Brevis
578 1263 664 1292 enim
683 1273 749 1293 non
766 1274 919 1303 magum,
936 1265 999 1295 lon-

288 1321 351 1350 gus
367 1321 517 1351 magnus.
557 1311 684 1343 Ovidio
702 1323 835 1354 quoque
855 1315 1002 1354 epistola

291 1362 406 1393 Didus
440 1364 448 1378 ‘
466 1362 579 1393 brevis
606 1363 782 1403 impensa,’
815 1365 849 1394 in
877 1365 1001 1403 Fastis,

293 1412 302 1428 ‘
317 1421 372 1442 rus
385 1411 513 1451 breve‚'
525 1417 561 1443 et
576 1414 585 1429 ‘
599 1412 712 1444 brevis
725 1423 809 1444 urna
823 1414 843 1444 :’
859 1419 895 1444 et
905 1414 1002 1454 hujus

293 1461 486 1493 imitatione
503 1464 705 1504 Symmacho
729 1467 737 1481 ‘
752 1465 865 1495 brevis
891 1475 1004 1506 sump-

293 1513 715 1554 tus.'Lampridi0‚‘breve
725 1515 1004 1555 poculum.'Con-

295 1568 349 1595 tra
365 1565 455 1603 longa
471 1566 524 1595 dos
541 1565 631 1605 apud
650 1565 834 1605 Apuleium
862 1566 895 1596 in
912 1565 1004 1605 Apo-

293 1614 396 1655 logia.
442 1616 487 1646 Et
505 1615 638 1646 Gl'aecis
654 1615 757 1656 μακρὰ
774 1615 874 1655 οὐσία,
889 1615 1006 1657 μακρὸν

294 1663 426 1703 τίμημα.
452 1666 506 1696 Sic
520 1666 575 1696 lib.
587 1675 610 1696 1.
627 1667 668 1696 de
686 1667 777 1697 laud.
789 1667 1004 1698 Stilichonis:

298 1715 384 1746 ‘Nil
414 1716 517 1746 breve
548 1716 684 1747 molirL’
728 1718 805 1748 Hoc
833 1723 897 1756 est,
925 1719 1006 1748 nihil

296 1776 439 1806 parvum
467 1770 526 1797 aut
550 1767 686 1798 humile.
734 1768 920 1807 Negliffl'tur
945 1778 1006 1808 pro

297 1817 366 1848 Nec
381 1817 497 1856 legitur
523 1817 740 1848 scribendum
758 1818 791 1848 in
812 1819 937 1849 Erectis
956 1820 1007 1850 vir

296 1867 521 1907 politissimus
532 1867 712 1907 Phiiippus
725 1869 895 1899 Rubenius
909 1869 1007 1900 vidit:

299 1923 336 1948 et
351 1917 399 1948 sic
417 1917 579 1948 Lucensis
598 1927 673 1947 cum
694 1918 803 1948 tribus
822 1919 906 1950 aliis.
933 1920 1008 1950 Cer-

298 1968 363 2000 tior
377 1968 494 2008 etiam,
517 1978 583 1998 non
610 1968 734 1998 Jnscior
761 1969 855 2008 prior
880 1969 1008 2000 Mon-eti

300 2022 336 2050 et
352 2029 438 2050 unus
455 2019 647 2055 Mediceus,
670 2019 838 2060 quomodo
865 2020 1011 2050 Fescen-

300 2069 402 2109 ninis,
424 2071 433 2086 ‘
449 2070 586 2100 Parthis
610 2070 754 2110 sagittas
773 2070 913 2101 tendere
937 2080 1010 2101 cer-

304 2119 394 2151 tior.'
441 2120 510 2150 Pro
526 2121 614 2159 rigor
631 2120 685 2150 alii
699 2121 799 2159 vigor.
824 2121 869 2150 D.
888 2120 1010 2151 Heius.

343 2173 406 2200 512
436 2170 565 2210 Verum]
601 2170 754 2208 Justum,
786 2170 894 2211 ipsam
928 2171 1012 2201 veri-

301 2221 617 2260 tatem,justitiam.
654 2221 817 2251 Horatius
834 2231 841 2251 :
868 2222 876 2237 ‘
894 2221 1013 2252 Metiri

303 2280 339 2301 se
356 2280 525 2312 quemque
553 2282 612 2303 suo
629 2271 767 2302 modulo
785 2282 823 2302 ac
842 2272 943 2312 pede,
958 2282 1013 2303 ve-

303 2330 377 2350 rum
395 2320 470 2350 est!
493 2322 610 2352 Barth.

347 2373 409 2401 513
437 2371 516 2405 Qnae
548 2372 649 2411 pietas
684 2375 875 2412 quantusque
910 2372 1014 2411 rigor]

306 2421 499 2451 Clementia
522 2425 557 2451 et
579 2422 726 2461 justitia.
773 2422 958 2462 Ignoscere
981 2427 1015 2454 et

306 2471 440 2511 punire.
464 2471 562 2502 Idem.

349 2521 466 2561 Rigor]
480 2521 740 2561 Diclioelegans
750 2532 810 2561 pro
819 2523 1014 2553 severitate.

353 2570 591 2610 Tronqnilluque
612 2571 717 2609 magni
745 2572 800 2601 Vis
812 2571 924 2611 animi]
949 2573 1016 2602 Ex-

312 2621 433 2651 celsior
449 2632 548 2661 quain
574 2632 648 2662 quae
681 2622 816 2652 concuti
841 2623 1014 2652 turbamve

309 2669 488 2701 affectibus
518 2673 641 2702 valeat.
688 2672 787 2702 Unde
818 2671 946 2703 factum
980 2676 1016 2702 nt

308 2721 533 2760 tranquillitas,
562 2731 711 2752 summus
745 2722 865 2753 titulus
899 2726 1015 2754 nostro

310 2779 384 2802 aevo
399 2770 515 2802 habita
527 2770 580 2803 sit.
625 2770 743 2803 Barth.

517 212 660 242 NOTAE
695 210 959 241 vARlORUM
994 208 1045 238 IN
1080 207 1155 239 CL.
1188 206 1373 238 CLAUD.
1407 205 1513 236 VIII.

1081 305 1144 334 514
1170 302 1324 342 Nullaque
1337 302 1413 331 lei-is
1426 300 1561 340 terrore]
1578 301 1744 333 Catonem

1041 353 1185 393 aliquem
1205 353 1402 393 praepingit.
1448 352 1529 382 Vise
1545 351 1692 383 Stoicos.

1082 407 1143 434 515
1170 403 1394 443 Not-amirari]
1435 402 1551 433 Inhoc
1573 403 1746 442 ponebant

1041 454 1243 494 sapientiam
1268 459 1304 484 et
1332 452 1506 484 felicitatis
1535 458 1680 492 partem,
1702 461 1746 483 ne

1041 505 1171 535 animus
1186 514 1351 546 quaquam
1364 514 1398 534 re
1411 514 1473 534 cen
1491 513 1577 534 nova
1593 503 1751 534 extrahe-

1041 560 1148 595 retur,
1164 565 1240 586 cum
1254 556 1362 585 onmia
1376 554 1509 593 eadem,
1520 554 1631 585 onmia
1642 559 1750 585 trans-

1041 607 1140 637 itoria
1157 607 1234 637 sint.
1276 607 1414 637 Marcus
1433 606 1646 637 Antoninus:
1663 604 1751 637 οὐδὲν

1041 657 1157 694 καινὸν,
1173 657 1275 687 πάντα
1291 656 1502 696 ὀλιγοχρόνια.

1086 710 1190 739 Docta
1209 708 1348 746 facultas
1369 708 1507 749 Eloquiz']
1542 707 1656 739 Alibi:
1691 707 1751 739 ‘te

1045 758 1166 788 doctus
1184 759 1297 798 prisca
1325 759 1521 798 loquentem
1548 759 1596 789 Te
1616 762 1753 790 matura

1045 818 1149 839 senex
1163 808 1269 845 audit,
1285 812 1318 838 te
1336 807 1450 846 fortia,
1466 808 1588 839 miles!
1612 809 1732 840 Barth.

1091 857 1192 891 Quam
1208 858 1297 887 docta
1311 857 1470 897 facultas]
1498 858 1574 888 Non
1600 868 1666 899 quae
1688 857 1756 889 Lu·

1047 909 1169 945 censis,
1202 908 1324 947 Isingr.
1355 913 1389 938 et
1419 914 1498 939 octo
1525 909 1603 940 alii:
1633 909 1682 940 sic
1705 909 1756 939 in-

1047 956 1112 996 fra,
1139 958 1147 974 ⁴
1164 967 1264 998 quam
1291 963 1385 989 torva
1413 958 1571 999 voluptas
1596 958 1755 991 Frontis!

1047 1008 1153 1038 radias
1169 1008 1270 1038 etiam
1288 1008 1425 1049 quintus
1441 1009 1552 1040 Vatic.
1579 1009 1627 1039 D.
1643 1008 1757 1041 Heius.

1091 1062 1155 1090 516
1177 1059 1369 1099 Linguoeqne
1405 1059 1528 1099 modus]
1582 1059 1759 1100 Gravitas,

1049 1119 1233 1150 paucorum
1248 1110 1439 1141 verborum.

1094 1160 1253 1200 Responsa
1290 1160 1449 1200 verentur]
1501 1161 1611 1191 Etiam
1647 1159 1757 1191 adhuc

1052 1209 1310 1241 adolescentuli.
1324 1219 1347 1241 1.
1364 1211 1495 1242 Stilich.
1517 1212 1527 1228 ‘
1542 1211 1609 1241 Vix
1623 1211 1760 1251 primae-

1052 1270 1112 1289 vus
1141 1269 1231 1299 eras,
1261 1261 1335 1300 paci
1363 1271 1438 1291 cum
1465 1262 1612 1292 mitteris
1639 1266 1760 1292 auctor

1053 1310 1205 1351 Assyria)
1223 1322 1232 1349 ;
1258 1316 1352 1341 tanta
1368 1321 1486 1351 pacem
1504 1321 1581 1342 cum
1595 1317 1695 1351 gente
1711 1310 1761 1343 fe-

1054 1363 1119 1394 rire
1138 1362 1511 1402 Commissumjuveni.'
1555 1363 1762 1402 Legationes

1055 1407 1143 1442 enim
1161 1412 1252 1442 inter
1269 1412 1418 1442 maxima
1433 1412 1573 1451 negotia
1596 1412 1761 1452 Imperio-

1056 1473 1142 1501 rum,
1167 1468 1314 1503 arguunt
1341 1472 1496 1502 magnam
1521 1463 1554 1493 in
1581 1473 1620 1494 eo
1644 1462 1764 1494 fiduci-

1056 1524 1109 1544 am
1159 1514 1343 1553 Principis,
1390 1513 1445 1544 cui
1492 1514 1764 1546 committuntur.

1058 1564 1174 1595 Barth.

1101 1616 1164 1644 518
1189 1614 1303 1653 Pater]
1328 1614 1444 1645 Instar
1455 1618 1647 1654 paternum.

1102 1664 1237 1704 Rudiae]
1262 1665 1314 1695 Ad
1338 1665 1486 1696 divinam
1504 1665 1672 1707 quandam
1687 1664 1768 1696 ima-

1060 1714 1182 1754 ginem.
1229 1715 1354 1745 Divina
1381 1721 1494 1746 autem
1519 1720 1598 1747 sunt
1624 1725 1698 1756 quae
1716 1726 1766 1746 se-

1060 1769 1211 1805 quuntur
1228 1765 1394 1805 pudorem
1418 1765 1674 1807 modestamque
1699 1776 1767 1797 ma·

1054 1816 1215 1855 jestatem
1234 1815 1430 1846 inferentia.

1107 1866 1209 1896 Torva
1235 1865 1388 1906 voluptas]
1413 1865 1519 1896 Seria.
1547 1866 1678 1896 Torvnm
1704 1875 1767 1906 pro

1062 1916 1162 1953 serio,
1189 1920 1223 1946 et
1240 1915 1348 1946 minus
1376 1925 1474 1956 quam
1503 1920 1614 1955 torvo,
1640 1917 1696 1957 qni
1713 1927 1771 1947 ex-

1062 1966 1213 1996 cessibus
1243 1966 1369 2006 ubique
1397 1965 1535 2006 gaudet,
1562 1976 1655 2007 saepe
1687 1967 1772 1999 dicit

1063 2016 1239 2056 Papinius.
1263 2017 1381 2047 Barth.

1107 2070 1170 2097 519
1192 2067 1346 2107 Augusti]

1065 2118 1174 2149 cultu.
1196 2119 1296 2148 Idem.

1108 2171 1172 2198 520
1197 2169 1329 2199 Patrius
1354 2169 1465 2209 imples
1488 2168 1612 2209 galeas]
1655 2169 1771 2200 AEtate

1066 2224 1286 2249 accrescente
1313 2223 1349 2250 et
1374 2219 1497 2250 robore
1523 2224 1667 2260 paterno
1684 2218 1771 2259 pari.

1066 2269 1164 2299 Idem.

1109 2322 1170 2349 521
1198 2319 1417 2359 Promittitur]
1454 2319 1559 2350 Certo
1575 2319 1773 2359 spondetur.

1065 2369 1263 2400 Juvenalis:
1289 2370 1408 2400 ‘durae
1434 2379 1495 2409 per
1520 2369 1660 2399 brachia
1686 2375 1770 2400 setae

1067 2419 1282 2449 Promittnnt
1299 2424 1448 2449 atrocem
1465 2418 1637 2449 animum-¹
1654 2419 1764 2450 Idem.

1109 2471 1172 2499 522
1198 2469 1411 2510 Rudimentis]
1435 2469 1558 2499 Primis
1573 2469 1706 2500 virtutis
1717 2479 1773 2501 ex-

1068 2518 1210 2556 ercitiis,
1228 2518 1328 2559 inque
1354 2524 1466 2549 actum
1485 2518 1773 2550 translationibus.

1068 2570 1165 2600 Maro
1184 2579 1232 2600 xx.
1267 2571 1275 2586 ‘
1293 2569 1442 2610 bellique
1470 2570 1650 2611 propinqui
1679 2570 1775 2601 Dura

1069 2618 1282 2649 rudimenta.’
1341 2619 1530 2650 Rudinnenla
1557 2620 1643 2650 enim
1667 2621 1776 2660 prima

1069 2669 1232 2699 exercitia
1248 2668 1421 2699 militaria.
1447 2669 1545 2699 Idem.

1111 2722 1173 2750 523
1198 2719 1321 2750 lucedis
1334 2720 1452 2760 quoties
1461 2720 1633 2761 clypeatus]
1647 2720 1774 2752 Versus

1070 2769 1230 2811 exprimit
1247 2779 1318 2803 rem
1335 2779 1417 2803 sono
1434 2774 1494 2802 aut
1508 2770 1668 2812 imagine.

1390 2067 1498 2108 Digni
1540 2067 1770 2108 Imperatorio
