1852 3182
529 233 593 262 DF.
629 233 703 262 lll.
737 231 875 262 CONS.
908 231 1093 261 HONOR.

128 335 187 364 154
219 333 402 371 Noctrmque
419 327 554 367 beatam]
573 328 691 367 Longo
705 332 784 357 voto

87 385 243 424 petitam,
269 392 335 423 qua
363 380 526 419 Augustae
554 377 704 407 Familiae
732 386 785 407 ac-

85 434 187 463 ‹mss-it
201 432 356 468 Stilicho,
367 438 446 460 sanc
457 427 562 458 exitio
577 432 783 467 postremum

87 493 168 514 suan
196 481 308 512 Bar-tlt.

132 537 191 563 155
216 533 280 562 Per
299 531 396 560 tendas
419 539 494 569 quas
517 529 582 568 ipsa
603 531 655 558 tuo
676 526 787 565 regina

86 583 199 614 terat-it
238 579 404 619 eonjugio]
456 579 648 609 Flaccillam
689 575 787 615 dicit,

89 641 185 673 quam
202 634 343 660 matrem
372 638 466 658 suam
491 629 645 668 agnoscit
674 627 788 658 Houo-

89 683 157 712 rius
175 681 245 720 ipse
271 680 304 709 iu
328 679 394 709 suis
419 679 569 718 Nuptiis·
615 678 714 708 Hanc
741 678 789 708 ait

87 729 346 770 Imperatricem
387 728 574 769 pronubam
606 729 639 759 in
670 737 788 758 manus

90 779 222 810 dedisse
249 779 429 819 conjugem
447 779 561 818 Regiae
580 778 715 809 famili-ax
731 779 789 809 Se-

91 839 206 860 renam
231 829 426 868 stilichoni,
453 839 545 859 more
575 829 700 869 prisco,
728 838 794 868 qua

90 880 236 912 filiarum
261 880 400 920 Nuptiis
417 880 528 910 solita:
548 879 651 909 tzmlas
668 878 793 910 Genia-

91 932 141 962 les
152 930 318 972 praefcrre
335 930 599 970 Mall·es,(1nalis
613 940 673 970 per
690 930 793 970 adop-

94 982 220 1013 tionem
237 982 372 1012 Serena>
390 985 463 1011 erat
481 981 652 1011 Flaccilla.
671 981 765 1011 Idem.

136 1032 276 1072 Regina]
320 1031 483 1062 Flaccilla
522 1031 677 1069 Augusta
711 1039 795 1060 uxor

92 1082 286 1121 Theodosii,
309 1091 409 1122 quam
436 1082 587 1111 Gra‘culi
612 1090 710 1120 paene
727 1091 795 1111 om-

95 1141 154 1163 nes
182 1132 361 1163 Placillam
390 1131 562 1162 vocitant:
602 1141 678 1161 eam
715 1141 796 1162 vero

94 1182 246 1224 quamvis
276 1186 407 1212 amaret
437 1181 618 1221 plurimum
645 1181 797 1212 Theodo-

94 1233 175 1273 sius,
204 1242 268 1264 non
300 1236 414 1263 tamen
445 1231 631 1271 Αὐγούσταν
660 1231 798 1271 ἐποίησε,

94 1284 159 1316 nisi
172 1284 266 1315 edito
279 1284 311 1314 iu
325 1284 432 1315 lucem
450 1283 612 1315 Arcadio.
636 1285 757 1314 Clarer.

142 1338 204 1365 156
227 1334 376 1374 §bt-inque
392 1344 502 1364 nurum
525 1335 674 1374 produxit
697 1333 734 1364 ab
749 1344 803 1364 nu-

97 1387 142 1427 la]
169 1386 354 1423 Pro«1ucere‚
378 1384 543 1424 Nuptiale
570 1384 723 1422 verbum,
749 1392 803 1414 eo-

100 1446 172 1467 rum
188 1436 245 1476 qui
261 1435 398 1466 honoris
417 1434 527 1474 gratia
547 1443 687 1474 sponsos
705 1442 805 1474 spon-

100 1496 223 1528 sasque
248 1486 289 1518 ad
317 1486 515 1526 Nuptialrm
538 1485 672 1515 demum
700 1484 806 1514 thala-

101 1546 236 1568 mnmve
258 1535 476 1567 deducebant
491 1540 526 1565 et
542 1534 805 1565 comitabantur.

101 1587 193 1618 Sucia
225 1588 308 1625 aula,
331 1586 495 1626 deinceps
526 1587 559 1616 in
590 1585 808 1616 Consortium

103 1637 406 1678 Imperatoriarum
420 1636 585 1667 Cui-arum
599 1634 731 1665 adscito
743 1634 809 1665 Sti-

103 1687 252 1718 lichone.
276 1686 393 1717 Barth.

149 1739 273 1768 Nurum
287 1737 437 1777 produxit
450 1735 487 1766 ab
500 1735 587 1775 aula]
611 1735 666 1765 Sic
679 1739 812 1764 veteres

107 1788 274 1830 plerique,
305 1792 340 1819 et
377 1788 428 1819 (ΣΙ.
468 1788 663 1818 Gronovius
700 1790 815 1816 noster

105 1839 257 1871 Elencho
274 1837 521 1870 Antidiatrihes
535 1836 700 1868 Statianae
716 1846 723 1866 z
747 1835 817 1865 vul-

108 1900 151 1931 go
167 1890 288 1922 virum:
306 1899 417 1920 nurum
429 1898 491 1929 pro
506 1892 614 1928 nupta
626 1887 743 1928 posuit
758 1890 817 1916 aut

109 1940 315 1982 simpliciter
331 1949 394 1980 pro
411 1938 559 1978 foemiua,
573 1942 612 1969 ut
628 1937 739 1977 poetae
751 1935 818 1966 fre-

111 1995 269 2031 quenter.
314 1990 440 2030 Itaque
466 1987 735 2020 controversiam
761 1985 818 2017 isti

113 2041 293 2080 scripturae
320 2040 363 2071 ab
390 2040 526 2080 optimis
547 2037 753 2069 membranis
770 2047 820 2068 as-

113 2096 216 2122 sertae
234 2099 371 2122 movere
388 2099 452 2121 non
466 2089 586 2120 debuit
597 2089 686 2120 curis
700 2097 820 2118 secun-

115 2140 167 2172 dis
188 2141 362 2172 Banhius.
390 2140 619 2180 Epithalamio
641 2139 821 2177 Celerinae,

115 2191 352 2232 ‘Aggreditur
380 2192 553 2231 Cytherea
579 2190 730 2222 nurum:’
764 2189 823 2220 ubi

117 2251 298 2283 perperam
327 2241 429 2272 viram
466 2250 600 2282 quoque
631 2239 824 2280 legebatur.

116 2291 280 2333 Sequenti
298 2301 398 2323 versu
415 2301 476 2331 pro
490 2289 772 2331 dilige‚lsingrin.
789 2293 825 2320 et

120 2348 191 2374 tres
207 2342 314 2373 nostri
330 2342 446 2381 dirige.
471 2342 517 2373 D.
536 2341 650 2372 Heius.

164 2396 225 2425 157
251 2393 348 2424 Indue
363 2396 464 2423 meme
474 2391 612 2432 patrem]
636 2391 826 2421 Paternum
842 2409 845 2411 -

109 2442 297 2483 affectum,
314 2443 438 2474 Curam
453 2441 620 2473 Patriam.
642 2440 761 2472 Barth.

167 2496 229 2525 159
255 2494 299 2525 Te
326 2493 463 2534 camede]
497 2493 624 2524 Tutore
654 2491 828 2523 Praestite.

122 2545 220 2577 Idem.

167 2599 230 2627 160
257 2597 359 2628 Undis
391 2596 550 2638 prosiliat]
598 2595 720 2626 Vinclis
753 2604 831 2627 cum

127 2645 288 2686 Isingrini
316 2646 401 2677 libro
429 2652 524 2678 recte
545 2645 727 2687 legendum
744 2644 832 2676 vidit

127 2696 381 2738 Raphelengius
396 2708 403 2727 :
421 2697 589 2738 quomodo
604 2701 641 2728 et
654 2706 696 2727 ex
709 2695 833 2727 nostris

129 2746 292 2777 Lucensis
307 2757 383 2778 cum
409 2757 476 2779 uuo
499 2748 671 2779 Medieeo.
715 2748 771 2778 De
785 2746 833 2787 gi·

130 2800 270 2837 gantnm
287 2797 405 2828 vinclis
419 2799 542 2838 passim
557 2798 670 2839 poetae
684 2808 692 2827 ε
716 2801 834 2828 noster

132 2848 393 2891 Gigantomach.
419 2849 569 2882 ‘Solvite
593 2849 731 2881 Titanas
758 2847 832 2879 vin-

1427 224 1538 266 1319

834 325 920 355 clis.’
962 323 1104 363 Statius,
1129 323 1236 355 Theb.
1265 333 1314 355 tv.
1339 326 1347 341 ⁴
1363 327 1538 368 solidoque

834 375 962 405 intorta
979 373 1158 404 adamante
1177 373 1352 412 gigantum
1369 376 1538 407 Yincula!

833 424 943 455 Theb.
955 432 1039 454 vin.
1062 424 1071 440 ‘
1087 423 1195 454 habeo
1206 423 1276 463 jam
1291 432 1412 463 quassa
1426 426 1539 463 gigan-

836 480 907 505 tum
934 474 1094 511 Vincula,
1118 478 1153 504 et
1182 473 1369 503 a‘thereum
1401 474 1542 512 cupidos

836 526 929 556 exire
967 525 1028 555 sub
1072 534 1170 554 axem
1206 522 1370 554 Titanas?
1444 524 1544 553 Coens

837 576 925 615 apud
944 575 1018 605 Val.
1035 575 1212 611 Flaccum,
1232 573 1289 604 lib.
1315 581 1372 602 111.
1396 573 1404 588 ‘
1422 572 1545 604 Vincla

836 626 932 658 Jovis
949 625 1128 666 fractoque
1144 626 1280 656 trahens
1293 624 1474 655 adamante
1492 633 1545 655 ca-

836 676 956 708 tenas!
998 677 1125 707 Noster
1153 674 1261 706 Pras.
1295 675 1327 705 in
1362 682 1413 704 Vl.
1446 673 1548 705 Cous.

839 727 928 758 Hon.
959 728 967 744 ‘
985 725 1177 757 Enceladus
1205 724 1285 755 mihi
1309 732 1445 755 carmen
1472 729 1546 754 erat

839 778 1041 818 vinctusque
1056 775 1261 816 Typhoeus)
1300 774 1354 805 Ita
1371 773 1460 804 enim
1475 782 1551 803 cum

840 827 1043 858 membranis
1058 826 1249 866 legendum.
1277 825 1350 855 Lib.
1363 833 1387 855 1.
1402 823 1444 854 de
1459 823 1552 863 Rap-

845 884 894 917 tu,
924 877 1118 909 Enceladus
1151 875 1286 906 ‘saucia
1317 874 1470 905 membra
1500 883 1553 904 re-

843 928 994 959 vinctus'
1021 928 1159 958 «licitur.
1214 925 1380 965 Virgilius
1408 924 1551 956 Culicc:

841 981 851 996 ‘
867 979 956 1009 Nam
975 978 1109 1008 vinctus
1126 977 1223 1007 sedet
1243 976 1397 1007 immanis
1416 984 1556 1015 serpen·

842 1028 933 1059 tibus
949 1028 1051 1066 Otos,
1069 1027 1254 1057 Des-ictum
1272 1031 1410 1057 moestus
1427 1026 1549 1066 procul

844 1080 1013 1120 aspiciens
1027 1077 1234 1118 Ephialten!
1282 1079 1406 1109 Lucan.
1423 1078 1484 1108 lib.
1500 1086 1553 1107 νι.

845 1133 854 1148 ⁴
880 1129 996 1160 Viueti
1034 1129 1185 1159 membra
1221 1127 1386 1168 gigantes.
1403 1126 1412 1140 '
1478 1127 1549 1156 Pro

846 1181 988 1220 vulgata
1002 1183 1115 1210 tamen
1143 1176 1316 1216 scriptura
1342 1175 1554 1215 digladiatur

848 1230 1022 1261 Barthius.
1046 1229 1131 1260 Mox
1158 1228 1265 1269 Tityos
1294 1232 1329 1258 et
1354 1227 1494 1259 Arcados
1522 1231 1559 1257 et

849 1282 972 1320 cadant,
998 1289 1078 1318 non,
1110 1279 1223 1319 Tityus
1249 1282 1286 1308 et
1311 1277 1446 1308 Arcadis
1461 1281 1496 1308 et
1511 1288 1562 1308 cm-

851 1333 937 1370 dent,
951 1329 1119 1361 meliores.
1153 1329 1200 1359 D.
1218 1327 1332 1358 Heius.

898 1384 958 1412 162
985 1379 1133 1420 opposito
1151 1377 1337 1417 Stilichone]
1371 1378 1459 1409 Sane
1473 1377 1564 1408 ceci-

854 1431 983 1462 dissent
999 1434 1034 1460 et
1064 1428 1291 1460 Barbarorum
1320 1428 1353 1458 in
1380 1427 1482 1459 ltalia
1508 1437 1565 1458 co-

856 1486 968 1519 natus,
986 1480 1019 1510 in
1047 1479 1127 1519 ipsis
1155 1478 1343 1518 principiis,
1370 1478 1397 1508 si
1426 1477 1565 1518 quidem

858 1531 1008 1563 consiliis
1020 1530 1119 1570 hujus
1137 1528 1415 1569 obtemperatum
1430 1526 1566 1558 fuisset.

863 1582 976 1614 Barth.

904 1634 965 1661 163
989 1630 1079 1661 Sicut
1103 1628 1186 1668 erat]
1211 1628 1315 1659 Nulla
1340 1637 1376 1658 re
1404 1629 1569 1664 mutatus,

861 1682 953 1713 nullo
967 1681 1066 1712 modo
1082 1680 1263 1716 alteratus,
1280 1682 1317 1708 ut
1335 1677 1391 1717 qui
1407 1676 1504 1706 vivus
1520 1676 1570 1706 vi·

863 1732 1016 1771 densque
1033 1730 1097 1760 Dei
1119 1728 1277 1770 quaedam
1306 1727 1440 1767 spirans
1463 1724 1570 1756 fuerit

865 1781 1004 1822 effigies.

908 1831 1044 1872 Liquido
1059 1828 1197 1869 signat-it
1215 1827 1343 1858 tramite
1358 1825 1468 1866 nubes]
1484 1824 1573 1856 Sub-

865 1883 981 1913 volans
997 1890 1060 1922 per
1076 1880 1184 1910 nubes
1200 1879 1232 1909 in
1255 1879 1392 1917 coelum,
1412 1877 1505 1908 clara
1521 1885 1574 1907 re·

864 1934 947 1964 licta
982 1931 1118 1969 semita,
1140 1926 1256 1970 'quam
1294 1926 1427 1958 fecerat
1465 1925 1572 1957 divini
1596 1935 1599 1937 ·

868 1982 1059 2025 splendoris
1075 1988 1229 2020 corpore.
1252 1978 1372 2009 Barth.

913 2037 974 2066 164
998 2031 1196 2072 Ingreditur]
1216 2030 1329 2061 'Dicas
1352 2028 1416 2059 tibi
1442 2026 1577 2067 conspi-

870 2093 970 2116 cuum
996 2081 1223 2114 Theodosium
1255 2079 1335 2110 ae'ra
1363 2077 1507 2117 findere,
1537 2086 1578 2108 ae

871 2135 949 2166 caeli
964 2124 1148 2175 penetrare
1164 2131 1323 2162 circulos.
1351 2129 1475 2159 elaver.

914 2184 1084 2224 Limenque
1109 2182 1236 2222 reliquit
1262 2179 1418 2219 Arcados]
1451 2178 1578 2209 Limen-

873 2246 928 2278 que
954 2236 1098 2267 Lucens.
1129 2238 1164 2264 et
1191 2231 1300 2263 Aldus
1337 2239 1413 2261 cum
1451 2229 1580 2270 aliquot

875 2287 1033 2328 scriptis:
1061 2289 1167 2316 recte.
1190 2283 1246 2314 Sic
1263 2281 1353 2323 apud
1370 2281 1456 2312 Stat.
1472 2278 1581 2311 Theb.

875 2349 924 2371 ιν.
946 2340 955 2356 ‘
968 2337 1078 2370 rabidi
1095 2336 1157 2368 sub
1173 2335 1290 2366 limine
1307 2333 1430 2365 Cancri
1447 2332 1467 2363 :'
1489 2331 1583 2362 relin-

875 2390 942 2431 quit
957 2389 1059 2420 etiam
1076 2397 1143 2418 non
1165 2385 1290 2426 reliquit
1314 2382 1583 2425 praestantiores.

876 2439 1053 2477 Barthius‚
1068 2439 1126 2479 qui
1158 2437 1258 2467 aliter
1284 2436 1372 2466 hunc
1389 2435 1500 2464 locum
1517 2431 1585 2462 dis-

878 2489 1103 2531 tinguendum
1129 2490 1262 2526 censet,
1288 2484 1426 2515 minime
1453 2486 1505 2512 est
1529 2489 1586 2511 au-

879 2539 1037 2572 diendus.
1081 2537 1260 2569 Adeantur
1284 2544 1359 2575 quae
1376 2532 1418 2564 ad
1434 2528 1588 2562 Maronis

883 2595 1019 2622 sextum
1035 2593 1235 2620 annotamus
1263 2585 1306 2616 de
1328 2583 1444 2614 limine.
1462 2591 1493 2612 v.
1510 2581 1586 2610 255.

884 2642 932 2674 D.
949 2641 1061 2673 Heius.

926 2694 987 2723 165
1018 2688 1146 2722 Veneris
1189 2683 1367 2723 clementes]
1420 2682 1590 2720 Lucanus,

882 2742 941 2774 lib.
959 2751 983 2773 r.
1003 2741 1013 2758 ‘
1027 2738 1238 2779 Venerisque
1264 2734 1395 2766 salubre
1412 2731 1512 2762 Sidus
1533 2729 1590 2760 ha-

882 2791 966 2824 bet.'
988 2789 1106 2822 Barth.

927 2841 1071 2873 Pervolat
1083 2836 1190 2876 auras]
1205 2834 1339 2867 Advolat
1351 2831 1428 2864 libri
1438 2833 1570 2872 septem
1580 2836 1594 2859 θ
