1851 3213
293 203 408 246 1846

295 307 387 341 ferre
409 319 446 341 se
473 309 610 340 caeteris
628 312 764 350 putans.
811 309 934 339 Amare
957 307 1001 338 ci-

295 368 354 391 ves
369 359 422 390 vel
440 359 574 400 privato
586 359 809 390 contubernio
825 358 1001 398 cognitos)

340 408 540 450 Patremque]
564 410 637 440 Uno
653 409 758 439 verbo
770 409 882 439 omnia
895 408 999 445 ‹lixit3

296 465 332 492 et
355 461 435 501 quid
462 460 569 500 possit
608 459 775 499 amplius?
822 458 869 488 ὅτι
899 457 1003 497 ἄρχων

295 508 411 549 ἀγαθὸς
435 508 522 540 οὐδὲν
542 507 675 548 διαφέρει
691 507 806 548 πατρὸς
819 508 948 547 ἀγαθοῦ.

343 560 474 591 Consule
489 560 606 590 cunctis
623 559 688 589 Nec
704 559 779 599 tibi]
811 559 850 590 In
867 559 931 590 hoe
948 559 1001 588 vel

296 612 444 642 maxime
469 612 534 641 sita
565 611 644 641 boni
671 611 843 650 Principis
867 610 1003 640 demon-

299 661 433 700 stratio,
464 666 502 691 ut
533 661 564 691 ei
582 659 717 701 fastigio
741 661 908 699 admotus,
924 670 1004 690 con-

298 712 416 743 temtis
449 712 532 749 suis,
564 715 623 741 aut
656 711 868 750 postpositis,
889 719 1005 741 curam

298 762 468 802 potiorem
507 761 723 801 publicarum
768 770 878 790 rerum
915 765 1005 799 agat.

300 812 475 852 Imperator
485 811 566 841 enim
581 820 641 840 non
661 810 729 839 ideo
746 809 887 847 eligitur,
898 812 932 838 ut
947 809 1006 838 sibi

300 863 355 892 soli
369 861 544 901 provideat,
568 861 620 889 sed
634 862 666 889 ut
680 859 795 898 caeteri,
808 859 859 898 qai
874 858 929 888 sub
946 859 1007 888 Im-

296 911 384 952 perio
409 911 475 949 ejus
489 913 572 949 sunt,
587 910 696 940 melius
712 910 808 940 vitam
831 911 1007 940 traducant.

302 961 390 992 vide
421 965 456 992 et
487 966 583 991 notas
615 960 679 991 viri
703 960 891 990 doctissimi
924 960 1008 989 Leo-

299 1011 400 1041 nardi
425 1010 566 1051 Coquaei
583 1009 624 1041 ad
653 1010 880 1051 Augustinum
898 1009 939 1040 de
956 1009 1010 1041 Ci-

301 1062 362 1093 vit.
377 1062 458 1102 Dei,
475 1072 523 1093 1v.
540 1065 573 1093 3.
597 1062 716 1093 Barth.

330 1115 395 1143 296
412 1113 451 1143 In
467 1111 724 1151 commanejabes
739 1112 767 1142 εἰ
782 1112 866 1151 quid,
935 1111 1010 1141 Pri-

302 1163 462 1202 musjussa
471 1163 554 1203 subi]
572 1163 842 1194 Celeberrimum
859 1171 1010 1202 praecep-

303 1219 388 1245 tum.
411 1214 463 1244 De
478 1223 539 1244 avo
552 1213 709 1251 Honor1i,
727 1212 934 1251 Ammianus,
951 1212 1011 1242 lib.

304 1273 440 1295 xxv111.
464 1265 473 1281 ‘
490 1265 581 1294 Nihil
599 1264 653 1294 vel
676 1263 841 1303 gregariis
866 1262 1012 1302 impera-

304 1315 378 1353 bat,
404 1313 499 1353 cujus
526 1322 591 1343 non
616 1313 689 1353 ipse
717 1313 882 1353 primitias
911 1313 1013 1343 alacri

304 1368 500 1404 capesseret
527 1362 665 1394 mente?
699 1362 882 1393 Sidonius:
912 1364 1013 1393 ‘tum

305 1418 432 1444 caetera
447 1417 548 1454 paret
560 1413 673 1443 Turba
687 1413 810 1452 libens,
824 1413 926 1443 servit
939 1422 1014 1453 pro-

305 1465 388 1506 priis
407 1465 485 1505 quia
504 1464 636 1504 legibus
654 1463 797 1494 auctor!
823 1463 941 1494 Barth.

351 1517 499 1547 Censesve
536 1514 716 1554 tenendum]
758 1515 918 1545 Taenaam
947 1514 1016 1545 Ge-

307 1565 489 1598 vartianus
528 1571 564 1596 et
606 1575 692 1596 unus
732 1564 892 1597 Ambros.
936 1574 1016 1595 mox

308 1616 492 1655 beneferre
503 1620 609 1656 negat,
621 1626 688 1648 non
704 1619 800 1654 vetat,
817 1625 891 1646 cuin
909 1615 1016 1655 scrip-

308 1667 352 1697 tis
375 1667 573 1697 melioribus
599 1666 868 1707 RaphelengiuS.
886 1665 1016 1696 dictum

308 1716 353 1747 ad
370 1717 428 1747 lib.
445 1726 487 1748 11.
504 1717 537 1746 in
554 1717 686 1748 Stilich.
703 1727 750 1748 vs.
767 1720 818 1747 37.
841 1717 887 1747 D.
901 1716 1016 1747 Heins.

349 1769 413 1798 297
440 1766 678 1805 Observantior]
716 1767 889 1798 Pacatus:
925 1767 1018 1797 ‘Ex-

309 1821 449 1857 asperat
465 1816 617 1846 homines
635 1816 804 1856 imperata
823 1816 991 1846 correctio
1009 1826 1017 1853 ;

310 1866 681 1906 blandissimejubetur
692 1866 872 1906 exemplo!
897 1866 1019 1897 Delrz'o.

353 1920 415 1948 301
442 1915 609 1956 Regeneis]
639 1915 756 1955 Regis.
786 1916 1020 1955 Symmachus,

310 1967 369 1998 lib.
385 1976 429 1998 Π.
445 1967 556 2007 Epist.
575 1969 626 1997 13.
649 1968 658 1981 ‘
678 1965 867 2006 Augustius
893 1971 945 1997 est
972 1976 1021 1997 re-

310 2017 406 2058 genti
423 2017 487 2048 sibi
510 2026 610 2058 quam
637 2016 782 2047 subditis
800 2015 936 2047 modum
964 2026 1021 2057 po-

311 2068 420 2100 nere.'
445 2068 565 2099 Barth.

355 2120 417 2149 303
447 2119 510 2148 Nec
528 2116 679 2155 fastidire
706 2116 852 2156 minores]
875 2116 1023 2148 Comita-

311 2171 384 2200 tem
407 2168 503 2208 dicit,
522 2169 684 2198 virtutem
705 2167 922 2208 praecipuam.
966 2168 1023 2198 Sic

313 2220 348 2250 in
364 2219 560 2250 Stilichonis
578 2218 765 2257 Laudibus,
794 2218 853 2250 lib.
872 2227 910 2249 11.
934 2218 942 2235 ‘
960 2227 1023 2249 nec

315 2279 399 2311 quos
430 2269 639 2309 promoveris
668 2269 736 2299 alto
759 2268 930 2309 Turgidus
946 2268 1024 2299 allo-

314 2319 428 2364 queris
445 2318 557 2350 fastu?
588 2320 685 2350 Idem.

358 2371 421 2403 304
445 2369 654 2409 Proescriptos
680 2368 811 2408 homini]
834 2369 944 2401 Quam
975 2368 1024 2398 in·

314 2419 444 2451 saniam
473 2418 684 2449 insanierunt
722 2419 877 2458 plerique
904 2418 1024 2449 summi

315 2469 553 2509 fortunatique
571 2469 754 2508 principes·
785 2469 879 2499 Idem.

358 2522 421 2552 305
446 2520 595 2560 Inquiuac'
611 2519 767 2558 egregios]
784 2518 961 2558 Superbiae
976 2518 1024 2549 vi-

318 2569 488 2611 tuperium
508 2569 636 2609 pariter
651 2569 729 2599 alibi
742 2569 855 2599 multis
873 2568 1026 2610 exsequi-

317 2629 405 2650 mur.
451 2618 519 2649 Hic
535 2618 730 2656 corruptrix
747 2619 1024 2649 contaminati-ix-

318 2678 384 2709 que
402 2668 565 2698 virtutum
590 2669 696 2700 audit.
743 2669 909 2708 Superbia
935 2669 1023 2700 enim

319 2723 372 2749 est
388 2717 484 2748 ruina
498 2718 645 2748 omnium
663 2717 838 2757 virtutum,
853 2718 1024 2750 humilitas

320 2767 505 2801 earundem
520 2767 788 2801 fundamentum.
813 2768 913 2801 Idem.

530 214 673 246 NOTAE
704 212 972 245 VARIORUM
1005 209 1058 241 IN
1091 209 1167 241 CL.
1199 208 1383 240 CLAUD.
1414 207 1522 238 vnl.

1094 304 1262 345 Superbia]
1283 302 1434 342 Majores
1449 301 1569 341 nostri,
1584 300 1631 332 ait
1645 301 1755 332 Paca-

1053 360 1120 394 tus,
1145 355 1334 395 graviorem
1360 357 1568 393 putaverunt
1591 351 1755 383 servitute

1054 411 1286 436 contemtum:
1326 413 1365 435 ac
1395 403 1613 444 Tarquinium
1641 402 1756 432 imma-

1053 466 1130 487 nem
1163 457 1370 487 crudelilate
1406 458 1615 484 vocaverunt
1646 452 1759 491 Super·

1053 507 1136 545 bam,
1159 507 1252 547 quasi
1278 504 1449 536 sufficeret
1461 503 1660 534 convitium.
1683 501 1692 518 ‘
1711 500 1760 532 At

1054 562 1246 588 contemtor
1273 554 1426 595 animus,'
1456 554 1505 585 ait
1519 553 1669 592 Tacitus,
1697 553 1706 569 ‘
1723 556 1760 583 et

1053 607 1213 648 superbia
1226 615 1402 638 commune
1413 603 1601 635 nobilitatis
1612 600 1761 633 malum.’

1058 659 1181 690 Clarer.

1099 711 1163 739 306
1187 710 1259 739 Νοη
1274 708 1332 739 tibi
1348 705 1550 746 tradidimus]
1580 705 1678 736 Inter
1692 712 1763 734 mo-

1055 758 1147 788 nitus
1166 759 1321 798 Principi
1344 757 1567 796 necessarios,
1582 757 1609 786 is
1625 762 1763 796 quoque

1058 815 1122 845 est,
1140 811 1177 838 ut
1190 808 1383 839 meminerit
1399 807 1517 838 liberis
1535 816 1571 837 se
1582 806 1764 846 imperare,

1059 867 1125 888 non
1140 859 1260 889 servis.

1102 908 1229 939 Dociles
1255 906 1387 946 servire]
1431 906 1602 938 Adsuetos
1629 906 1765 946 Regum

1059 958 1232 998 Imperiis.
1257 957 1373 988 Barth.

1104 1010 1165 1038 307
1190 1006 1363 1046 Armenioe]
1400 1006 1546 1037 Parthos
1560 1004 1656 1044 dicit,
1671 1014 1766 1035 num-

1062 1069 1162 1099 quam
1190 1068 1256 1089 non
1281 1058 1343 1088 sub
1361 1057 1512 1097 Regibus
1528 1060 1640 1094 notos,
1664 1054 1767 1086 etiam

1063 1110 1180 1140 alienis
1197 1110 1276 1140 olim
1293 1107 1461 1147 subditos,
1487 1111 1525 1138 ut
1541 1110 1578 1137 et
1591 1106 1657 1137 isto
1680 1114 1767 1137 aev0.

1063 1160 1162 1190 Idem.

1106 1212 1169 1240 308
1196 1210 1310 1240 Tenuit
1335 1218 1426 1249 quam
1440 1207 1588 1247 soemz'na]
1621 1205 1770 1238 Semira-

1064 1259 1126 1289 mis
1149 1264 1241 1289 nota.
1287 1259 1431 1298 Ignavia
1455 1258 1564 1299 gentis
1579 1257 1770 1289 afoemineo

1065 1309 1226 1349 Imperio.
1251 1308 1349 1338 Idem.

1108 1362 1172 1390 309
1195 1360 1263 1389 Dia
1284 1358 1406 1398 rexere]
1439 1357 1625 1389 Difficilius
1638 1362 1772 1398 parent,

1067 1410 1126 1450 qni
1140 1410 1351 1449 imperarunt
1364 1409 1442 1449 ipsi,
1457 1413 1492 1439 et
1504 1408 1654 1439 remedia
1670 1408 1774 1439 liber-

1067 1461 1147 1491 tatis
1178 1470 1254 1491 cum
1280 1459 1511 1490 dominatione
1528 1458 1773 1490 consentientis

1068 1511 1167 1542 tarde
1192 1511 1438 1550 suscipiuntur,
1453 1513 1492 1540 ut
1508 1513 1663 1540 autumat
1677 1507 1776 1540 Taci-
1832 1523 1833 1526 ¹

1070 1567 1135 1594 tus.
1160 1562 1259 1592 Idem.

1112 1616 1175 1644 310
1197 1614 1279 1644 Jara
1289 1612 1386 1643 tulere
1401 1610 1551 1651 Coesaris]
1572 1609 1776 1642 Subblandi-

1070 1668 1125 1695 tur
1140 1663 1307 1703 Principi.

1068 1719 1186 1755 patum
1200 1713 1385 1753 Imperium
1403 1712 1566 1750 tenuerit,
1577 1721 1644 1741 non
1661 1714 1776 1742 tamen

1069 1765 1262 1795 tolerarunt
1272 1772 1347 1793 eum
1360 1762 1521 1805 Romani..
1559 1761 1649 1793 Sane
1664 1771 1776 1802 neque

1070 1815 1144 1855 ipse
1162 1814 1288 1855 primus
1301 1818 1360 1844 aut
1376 1822 1458 1844 vere
1473 1812 1691 1843 conturbavit
1701 1812 1778 1843 Sta·

1071 1870 1141 1896 tum
1171 1865 1333 1906 priorem,
1350 1864 1408 1895 sed
1432 1863 1638 1904 invasitjam
1662 1863 1778 1905 perdi-

1073 1920 1154 1947 tum.
1182 1915 1281 1945 Idem.

1115 1969 1176 1997 311
1204 1966 1339 1996 Annales
1366 1968 1504 1995 veterum
1524 1965 1638 1995 delicta
1652 1965 1779 2004 loquan-
1835 1951 1843 1965 ⁵

1072 2016 1140 2056 tur]
1164 2017 1257 2049 Quos
1287 2016 1496 2047 Theodosius
1513 2016 1664 2046 studiose
1681 2015 1781 2055 legit,
1834 2017 1836 2025 '

1073 2072 1110 2097 et
1140 2067 1316 2097 damnavit
1354 2066 1585 2098 maleficorum
1618 2064 1780 2106 facinora,
1830 2070 1841 2106 ἦ

1074 2118 1249 2149 alludente
1266 2117 1465 2149 Claudiano.
1492 2118 1591 2147 Idem.

1117 2170 1179 2198 312
1204 2166 1380 2198 Haerebunt
1407 2166 1550 2206 mamclae]
1586 2166 1625 2196 In
1646 2174 1779 2196 omnem
1833 2162 1841 2210 ᾗ]

1074 2218 1304 2248 aeternitatem
1322 2216 1471 2256 infamia,
1488 2215 1596 2247 literis
1621 2215 1780 2247 nimirum
1831 2212 1841 2227 '³

1076 2268 1235 2299 conditae.
1261 2268 1359 2298 Idem.

1119 2322 1180 2350 313
1206 2319 1512 2357 Coesareaeporcenta
1524 2317 1644 2357 domas]
1666 2316 1780 2357 Stirps
1831 2302 1840 2356 ξς

1077 2370 1226 2400 Caesaris
1261 2368 1420 2407 insignita
1451 2366 1663 2398 criminibus.
1708 2368 1780 2398 Au-

1077 2425 1192 2460 gustus
1217 2424 1296 2450 ante
1312 2418 1498 2459 Imperium
1519 2419 1782 2450 vecordissimus

1077 2475 1309 2510 tyrannorum,
1339 2473 1416 2508 post
1441 2468 1474 2498 id
1501 2467 1683 2499 liberorum
1701 2469 1783 2500 diri·
1830 2462 1839 2499 ,ἶῗ

1077 2524 1150 2550 tate
1181 2523 1217 2550 et
1246 2517 1386 2549 infamia
1413 2518 1560 2559 seipsum
1586 2527 1673 2559 pene
1702 2518 1781 2550 odio
1836 2531 1838 2537 ·

1075 2568 1206 2599 habuit.

1119 2617 1205 2648 Dira
1222 2617 1358 2649 Neronis
1373 2619 1513 2659 Funera]
1547 2618 1706 2651 Infinitas
1731 2619 1783 2650 di·
1829 2613 1832 2625 ’

1077 2668 1126 2699 cit
1148 2667 1274 2708 caedes,
1296 2669 1494 2710 parricidia,
1526 2673 1561 2700 et
1583 2669 1666 2711 quid
1687 2669 1783 2700 non?
1827 2668 1831 2710 ξ

1077 2718 1193 2750 Barth.

1119 2771 1183 2801 314
1217 2768 1325 2810 Rupes
1371 2769 1565 2812 Caprearum
1595 2767 1695 2811 tetra]
1738 2767 1780 2800 In
1827 2802 1829 2812 Ι

1353 1662 1429 1693 Etsi
1456 1662 1545 1692 enim
1567 1661 1649 1702 jure
1676 1670 1777 1692 occu·
1833 1663 1835 1666 ⁴
