1852 3182
530 213 581 243 ΙΝ
616 213 849 244 RUFINUM
884 214 981 246 LIB.
1017 215 1048 246 1.

60 306 151 339 Tull.
176 306 352 339 concludit
378 304 506 336 Poeta:
531 306 541 322 ‘
560 315 636 336 nam
652 307 678 337 si
703 316 759 337 cu-

62 363 153 397 rent,
183 357 277 389 bonis
307 357 392 388 bene
428 355 479 394 fn,
516 357 613 386 malis
650 357 763 389 male!

63 408 246 448 Dempsler.

105 456 281 496 Sententia]
305 454 446 496 Opinio,
459 456 574 495 agitur
600 456 689 488 cuim
716 456 759 487 de

62 509 176 540 divina
191 506 416 549 providentia.

103 561 123 589 2
145 559 296 589 Curarem
310 557 431 596 superi]
478 556 612 588 Omissa
628 563 679 588 est
705 568 761 588 vo-

60 609 136 640 cula
162 618 210 645 ne,
236 611 294 638 aut
310 617 362 647 an,
377 607 566 639 absolutam
584 609 761 640 redditura

57 658 372 697 interrogationem.
418 658 533 690 Barth.

101 711 119 740 3
145 708 273 748 Rector]
297 709 476 749 Expressit
492 710 669 741 Juvenalis
687 720 760 741 ver-

58 768 123 798 sus,
149 758 222 790 Sat.
253 768 358 791 x111.:
391 761 400 777 ‘
419 761 505 791 Sunt
535 760 568 790 iu
600 761 760 792 Fortuna}

58 809 112 850 qui
130 810 265 841 casibus
293 810 403 841 onmia
430 816 570 851 ponant,
597 812 641 842 Et
668 812 761 842 nullo

57 859 199 890 credant
217 860 377 892 mundum
392 860 543 891 Rectorc
558 861 707 892 moveri.¹

100 911 245 942 Haerent
263 912 425 952 mortalia]
464 913 579 944 Instar
595 913 726 944 mobilis
742 924 760 944 a

56 963 211 1004 qualibet
239 974 319 995 aura
347 965 492 1006 a‘quoris
519 974 672 1005 aquaeve,
697 975 760 997 nec

56 1014 187 1054 uspiam
203 1016 389 1046 constantis
406 1025 467 1055 per
483 1020 636 1046 naturam
654 1025 761 1055 suam,

56 1064 120 1094 nisi
133 1074 209 1095 cum
224 1065 473 1105 corrumpenda
486 1070 548 1096 est.
579 1065 635 1096 Sic
648 1065 760 1096 Tacit.

57 1114 150 1146 Hist.
174 1123 242 1146 ΧΗ
269 1118 276 1131 ⁶
301 1115 389 1145 uude
426 1115 570 1155 primum
607 1115 760 1146 creditur

55 1165 201 1197 Caeciuae
213 1165 296 1196 fides
315 1165 487 1197 mutasse?
522 1166 684 1197 Manilius
700 1167 759 1199 lib.

55 1223 102 1246 ιν.
119 1226 125 1246 :
152 1217 160 1232 ‘
176 1216 270 1246 Tunc
288 1220 322 1246 et
339 1225 421 1255 opes
445 1220 481 1246 et
504 1225 608 1257 regua
624 1215 759 1248 fluunt!

55 1265 147 1297 Hinc
165 1265 288 1306 fluxus,
313 1266 437 1305 mollis,
468 1266 633 1305 incertus,
660 1267 762 1298 insta-

54 1316 142 1348 bilis.
186 1317 310 1348 Salust.
336 1318 344 1333 ‘
364 1317 572 1348 Divitiarmn
589 1322 624 1348 et
641 1316 759 1350 formae

55 1367 163 1408 gloria
179 1366 270 1398 fluxa
287 1371 390 1408 atque
409 1368 596 1399 iustal›ilis.'
643 1369 758 1399 Barth.

99 1422 116 1448 5
142 1418 408 1458 Proescriptosque
424 1419 502 1448 mari
509 1418 608 1459 fines]
632 1419 685 1449 Sic
704 1420 760 1449 ΑΙ-

54 1468 118 1499 dus
134 1479 208 1499 cum
227 1469 380 1506 Bai-thio,
397 1475 432 1500 et
461 1469 610 1500 sedecim
630 1470 759 1510 scripti.

54 1519 180 1559 Vulgo,
206 1519 313 1550 maris.
359 1529 404 1550 lv.
423 1520 520 1551 Cons.
535 1520 662 1551 Houor.
679 1522 687 1538 ‘
707 1522 759 1552 Ne

53 1574 135 1610 pete
174 1570 395 1610 praescriptos
429 1570 556 1600 homini
588 1574 760 1602 transcen-

53 1619 136 1651 dere
152 1619 259 1651 fines!
305 1619 388 1650 Mox
407 1629 468 1660 pro
486 1621 617 1661 annique
629 1624 761 1660 meatus,

53 1669 197 1712 Gyraldi
225 1670 315 1701 liber
341 1674 377 1701 et
401 1679 484 1700 unus
500 1670 678 1701 Mediceus
695 1681 760 1701 am-

52 1721 173 1761 uisque:
197 1719 286 1751 unde
301 1719 449 1760 annisque
464 1720 613 1760 conjeci,
625 1721 761 1752 scilicet

51 1770 260 1811 praescriptos.
325 1770 505 1801 Thuaneus
554 1770 732 1802 confirmat
751 1782 758 1802 :

53 1821 190 1863 quintus
203 1821 390 1852 Vaticanus
406 1830 555 1863 annoque.
595 1821 761 1862 Sequenti

52 1871 155 1902 etiam
172 1879 271 1901 versu
288 1870 403 1901 forsan
428 1870 624 1910 legendum,
642 1872 685 1901 Et
701 1872 762 1902 luci

50 1921 192 1962 noctique
216 1921 308 1960 vices,
324 1925 361 1951 ut
392 1931 411 1951 a
439 1921 668 1961 superioribus
685 1921 760 1953 haec

53 1970 284 2012 dependeant.
324 1971 369 2001 D.
387 1970 501 2002 Heius.

110 2021 269 2060 Annisque
302 2021 434 2060 meatus]
480 2021 535 2051 Ob
561 2022 762 2053 tarditatem

53 2080 117 2112 per
133 2071 231 2111 signa
261 2080 384 2101 annum
411 2071 636 2110 absolvenda,
660 2072 763 2103 verbo

55 2121 175 2152 sedato
201 2125 237 2151 et
261 2120 490 2160 considerato,
514 2122 600 2152 Solis
626 2132 762 2153 cursum

54 2171 256 2212 proposuit:
282 2175 320 2202 ut
349 2176 383 2202 et
405 2172 525 2211 virgil.
550 2181 619 2203 vr:
645 2174 653 2189 ⁶
672 2173 762 2204 caeli-

55 2230 131 2262 quae
147 2226 279 2252 meatus
295 2221 509 2252 Dcscribent
523 2221 632 2261 radio,
642 2227 677 2253 et
694 2233 764 2254 sur-

53 2271 170 2312 gentia
185 2270 299 2302 sidera
312 2271 452 2302 dicent?
497 2272 617 2302 Barth.

98 2323 118 2351 6
143 2321 186 2351 Et
202 2320 279 2351 lueis
290 2321 445 2361 noctisque
462 2320 556 2360 vices]
602 2321 763 2353 Rectissi-

56 2379 110 2402 me
127 2371 220 2410 vices,
240 2381 316 2402 cum
345 2372 538 2402 alternatim
564 2373 763 2412 succedant,

57 2431 120 2454 nec
147 2423 192 2454 sit
220 2423 309 2464 quod
341 2423 570 2464 interrumpat
602 2424 764 2457 ordinem.

58 2471 114 2504 Sic
134 2473 302 2505 Minutius
326 2474 421 2505 Felix
439 2474 587 2505 Octavio
603 2485 619 2510 τ,
647 2476 655 2491 ‘
673 2475 764 2508 Quid

58 2523 276 2555 tenebrarum
292 2529 328 2556 et
343 2525 504 2556 luminum
522 2525 634 2556 dicam
652 2535 765 2557 recur-

57 2575 184 2606 santeis
207 2575 312 2616 vices,
334 2581 373 2607 ut
400 2577 444 2607 sit
469 2576 565 2607 nobis
590 2577 702 2617 operis
729 2581 765 2608 et

58 2623 180 2664 qnietis
206 2626 338 2658 alterna
354 2629 529 2667 reparatio
541 2627 562 2656 ?'
606 2626 764 2659 Juvenal.

58 2673 172 2714 Satyr.
187 2683 289 2706 xlm:
314 2677 324 2694 ‘
342 2677 478 2709 Natura
496 2678 657 2709 volvente
672 2678 764 2710 vices

61 2728 98 2756 et
111 2724 212 2756 Lucis
228 2730 264 2755 et
278 2725 390 2758 Anni!

102 2777 123 2805 7
149 2774 214 2810 Qui
229 2776 296 2814 lege
312 2777 442 2817 nwveri]
480 2778 569 2811 Sunt
597 2778 646 2810 illi
674 2779 763 2811 ordi-

147 2828 260 2869 Delph.
273 2831 303 2860 et
324 2827 397 2861 Var.
411 2831 495 2863 Clas.

740 2833 853 2864 Claud.

1401 212 1514 255 1233

810 307 880 337 nati
908 307 1171 350 praescriptique
1192 318 1312 341 cursus
1330 313 1380 342 sui
1397 319 1430 344 et
1447 326 1516 348 mo.

811 362 926 388 menta
944 359 1163 398 procedendi,
1190 369 1266 400 quae
1284 362 1376 400 leges
1392 372 1515 398 vocant

810 408 998 440 doctissimi
1013 410 1211 450 scriptores.
1237 412 1352 442 Barth.

854 462 874 489 9
900 460 963 494 Qui
988 462 1107 491 rar-iam
1137 460 1286 501 Phoeben]
1309 462 1398 495 Quia
1416 464 1516 496 toties

812 510 950 549 crescit,
982 510 1164 550 decrescit,
1195 512 1355 553 colorem,
1386 514 1516 546 vultum

812 560 935 590 variat.

854 611 965 641 Alieno
980 612 1061 651 igni]
1084 613 1172 644 Solis
1187 614 1259 645 scil.
1286 614 1401 647 Barth.

853 662 991 692 Jusserit
1029 663 1114 703 igni]
1169 664 1247 695 Non
1287 666 1359 704 igne
1397 667 1515 708 scripti

813 712 974 751 potiores.
1023 713 1110 744 Haec
1144 719 1212 745 tam
1241 715 1328 746 levia
1357 716 1517 757 imposta}-

814 771 885 792 rum
905 771 970 792 non
996 763 1151 799 monebo,
1179 773 1221 795 ne
1244 765 1314 795 otio
1332 766 1467 798 lectoris
1482 773 1517 799 et

812 820 888 842 meo
910 813 1044 844 abutar.
1092 814 1181 845 Satis
1197 819 1264 853 est,
1289 816 1315 845 si
1333 821 1453 857 tester,
1469 818 1519 848 ni-

812 861 857 891 ΙιίΙ
890 872 908 892 a
938 873 992 894 me
1020 864 1126 895 tacite
1154 870 1320 897 mutatum
1349 867 1381 897 iu
1414 868 1518 908 po'eta

812 917 930 943 nostro
955 920 1076 945 contra
1099 917 1338 948 auctoritatem
1356 919 1516 950 librorum

812 967 978 1002 veterum,
993 974 1076 1004 quos
1094 965 1277 1006 diligenter
1289 969 1518 1010 sempertide-

811 1012 962 1054 literque
980 1016 1144 1054 expressi.
1169 1017 1213 1046 D.
1234 1016 1345 1048 Heius.

857 1065 896 1093 12
923 1064 1024 1094 Tanta
1045 1065 1179 1105 caligine
1196 1068 1289 1107 volvi]
1314 1068 1403 1100 Quia
1420 1078 1521 1109 peue-

811 1113 894 1143 trari
921 1113 1076 1146 humanae
1104 1116 1229 1146 mentis
1267 1118 1421 1148 acumine
1452 1128 1519 1150 non

812 1168 968 1203 possunt,
992 1174 1120 1196 caecuin
1137 1166 1355 1209 tenebrisque
1371 1168 1518 1199 obsitum

812 1221 923 1244 rerum
937 1213 1092 1246 ordinem
1109 1215 1208 1248 facit.

860 1265 962 1306 Volui]
985 1265 1233 1307 Argumentum
1263 1273 1383 1301 contra
1410 1271 1522 1310 provi-

813 1314 963 1346 dentiam
982 1326 1000 1347 a
1017 1315 1184 1348 felicitate
1200 1319 1377 1351 malorum.
1403 1322 1522 1354 Barth.

856 1368 895 1395 13
919 1366 1082 1407 Laetosqne
1124 1369 1179 1398 diu
1203 1370 1323 1409 florere
1364 1372 1520 1412 nocentes]

813 1415 932 1447 Seuec.
953 1417 962 1432 ‘
980 1417 1064 1448 Cum
1096 1418 1234 1458 videris,
1265 1420 1386 1461 iuquit,
1414 1421 1520 1453 bonos

811 1465 978 1505 laborare,
1009 1467 1114 1498 malos
1137 1468 1306 1510 lascivire,
1331 1473 1442 1512 cogita
1459 1482 1518 1504 nos

811 1515 957 1547 filiorum
985 1518 1162 1557 modestia,
1186 1521 1400 1552 vernularum
1419 1523 1521 1553 licen-

812 1566 861 1596 tia
887 1566 1074 1605 delectari;
1107 1573 1144 1599 ut
1175 1575 1212 1599 ut
1245 1571 1300 1608 >it,
1327 1571 1420 1601 Deus
1438 1572 1520 1603 nulli

813 1627 962 1658 unquam
989 1618 1126 1658 injurius
1166 1625 1242 1658 est3
1276 1621 1375 1662 idque
1416 1623 1519 1654 Plato

810 1668 942 1700 innuit:
981 1668 1057 1700 Θεὸς
1079 1670 1196 1712 οὐδαμῇ
1225 1671 1361 1709 οὐδαμὰ-ς
1392 1671 1518 1704 ἄδικος]

814 1719 938 1749 Claver.

857 1771 897 1800 14
926 1769 1100 1810 Vexarique
1112 1769 1197 1810 pios]
1213 1771 1439 1812 Quocumque
1451 1782 1523 1804 mo-

813 1819 856 1850 do
874 1818 974 1859 affligi
993 1825 1051 1851 aut
1068 1820 1223 1851 cruciari.
1255 1820 1344 1852 Vide
1359 1820 1523 1862 Gellium,

813 1869 968 1900 Maerob.
982 1876 1015 1901 et
1032 1871 1193 1901 Lactant.
1208 1879 1242 1901 v.
1260 1873 1313 1902 23.

857 1923 896 1951 15
922 1920 1075 1961 Relligz'o]
1113 1921 1378 1963 Qualiscumque
1410 1922 1524 1963 opinio

813 1970 856 2001 de
870 1971 958 2011 Diis,
971 1982 1048 2012 qum
1063 1982 1120 2003 eos
1138 1976 1250 2003 tamen
1265 1981 1338 2003 esse
1352 1972 1524 2014 crederet,

814 2024 850 2051 et
867 2030 984 2052 curam
1003 2022 1225 2053 humanarum
1242 2031 1354 2052 rerum
1369 2031 1501 2062 gerere.

859 2072 999 2112 Caussoe]
1025 2072 1224 2113 Opinionis,
1237 2073 1440 2112 argumenti.

858 2121 931 2152 Non
943 2122 1067 2161 sponte]
1101 2122 1240 2162 Quippe
1261 2121 1524 2163 integrijudicii

812 2171 926 2210 homo,
958 2172 1216 2204 Platonicorum
1245 2179 1411 2214 pra’terea
1434 2183 1522 2215 prae-

814 2224 925 2263 ceptis
952 2225 1126 2262 imbutus3
1167 2234 1313 2265 cumque
1353 2225 1410 2255 vix
1434 2225 1524 2257 ullus

814 2278 883 2304 tam
913 2275 1006 2305 rudis
1039 2279 1178 2316 tamque
1207 2274 1321 2306 fatuus
1343 2281 1442 2307 natus
1465 2276 1523 2316 sit,

815 2324 895 2365 quin
926 2325 1135 2356 conscientia
1173 2330 1296 2366 suapte
1332 2335 1395 2366 pro
1435 2331 1523 2357 teste

814 2375 1005 2416 convictus,
1022 2375 1172 2407 fateatur
1191 2377 1301 2406 Deum
1319 2380 1435 2407 creata
1452 2385 1523 2406 om-

816 2426 873 2456 nia
886 2425 1091 2466 gubernare.
1115 2427 1232 2457 Barth.

858 2479 898 2508 16
927 2477 1030 2508 Vacuo
1046 2477 1146 2518 motu]
1178 2478 1279 2509 Inani
1296 2477 1448 2517 rationis,
1463 2477 1524 2508 mi-

814 2527 904 2559 nime
921 2528 1140 2569 providentia
1157 2529 1314 2570 quapiam
1332 2529 1502 2559 ordinato.

859 2578 1010 2618 Currere]
1048 2579 1182 2610 Moveri
1204 2579 1281 2610 hinc
1313 2579 1404 2618 iude,
1432 2578 1522 2608 nullo

815 2633 951 2659 rectore
968 2633 1028 2660 aut
1044 2633 1198 2668 auctore,
1225 2633 1263 2660 ut
1288 2638 1367 2659 casu
1388 2626 1522 2666 conglo-

814 2678 940 2710 bentur
966 2678 1142 2720 deinceps,
1181 2684 1216 2710 et
1253 2687 1365 2709 rerum
1396 2675 1522 2706 formas

814 2731 1018 2761 extundant.

858 2779 1000 2820 Semina]
1036 2778 1243 2811 Insecabiles
1265 2776 1426 2819 quasdam
1448 2786 1523 2818 par-

1383 2832 1401 2861 4
1418 2829 1437 2861 1
