1852 3182
536 187 587 216 ΙΝ
624 187 855 217 RUFINUM
893 187 986 216 [ΑΒ.
1023 189 1053 217 Ι.

69 288 257 325 comparat.
288 281 502 314 Ambrosius:
528 281 536 297 ‘
550 280 647 310 Mare
665 277 768 308 smne-

71 340 165 366 rator
195 340 260 373 est,
291 333 435 365 omnium
465 331 667 371 patrimonia
699 336 768 360 tan-

69 395 167 426 quam
182 384 302 416 fluctus
316 381 497 414 absoabetff
526 381 638 412 Barth.

115 445 175 473 184
214 439 338 478 Nescit]
376 439 453 470 Non
493 438 608 468 sentit.
645 437 766 475 virgil.

68 491 197 531 Georg.
212 499 237 521 ι.
270 493 279 507 ⁴
297 489 485 520 Nescivere
499 487 675 529 hyemem?
699 488 768 518 Cur

69 547 180 572 autem
193 548 284 570 mare
299 548 363 569 nou
380 543 512 570 crescat
530 543 580 569 tot
594 537 706 568 fluviis
721 538 767 567 in-

68 588 300 631 gredientibus
315 598 466 619 caussam
485 588 542 618 dut
557 598 598 617 cx
616 587 689 617 aliis
707 587 765 618 Ni-

65 640 228 680 cepborus
243 639 463 679 Blemmydes
481 638 645 679 Physicis.

111 689 286 720 Umluntem
304 689 434 729 Istrum]
459 688 514 719 Ob
528 689 673 728 copiam.
706 688 768 718 Est

64 739 152 770 enim
167 739 362 779 cumprimis
377 739 497 780 iugens
513 737 632 769 fluvius
651 738 766 769 Danu-

63 789 150 821 bius.
176 790 292 820 Barth.

107 842 167 870 185
192 840 326 880 Septeno
347 840 478 879 gurgite
495 839 619 879 Nilum]
644 839 767 870 binare

63 888 227 930 Isingrini
245 890 375 921 codex:
394 896 430 920 ut
445 890 532 921 iufra
548 891 606 922 lib.
622 899 662 921 ιι.
685 891 694 906 ‘
715 890 769 929 Ig-

62 940 338 980 notaquelittora
351 940 420 971 Nili
438 940 457 970 :‘
476 940 518 970 dc
536 941 623 971 laud.
636 941 767 972 Stilicli.

63 993 71 1006 ‘
88 989 227 1031 Nilique
239 990 281 1020 ad
295 991 409 1021 littora
427 990 592 1029 tendeuss
610 1000 671 1030 pro
684 990 769 1020 simi-

63 1040 160 1081 lisque
177 1045 268 1080 ment,
285 1047 410 1081 praeter
427 1042 615 1071 Lucensem
634 1044 669 1070 et
686 1040 768 1071 duos

63 1095 122 1120 aut
140 1095 207 1121 tres
234 1091 329 1129 alios,
356 1090 476 1130 reliqui
505 1093 619 1128 manet,
646 1099 769 1129 appro-

61 1139 166 1170 bante
183 1141 337 1170 Bartliio.
366 1139 434 1169 Pro
454 1140 585 1179 Expiet-i
610 1140 692 1170 calor
719 1139 769 1170 ille

61 1190 182 1230 nequit,
199 1190 390 1221 Priscaenus
405 1189 478 1220 sitis
493 1190 564 1220 istu.
589 1190 631 1220 D.
647 1189 768 1221 Heius.

105 1241 262 1271 AEstirum
295 1240 420 1280 Nilum]
470 1240 524 1271 Ab
554 1241 768 1280 AEtbiopibns

63 1291 257 1328 oriundum,
284 1295 321 1321 ut
348 1295 515 1331 putarunt
542 1295 690 1329 veteres,
716 1291 768 1320 vel

62 1340 150 1382 quod
164 1341 284 1371 aestivo
296 1345 452 1381 tempore
464 1345 619 1381 angetur.
652 1342 767 1372 Barth.

106 1392 264 1423 AEstirum
290 1392 414 1432 Nilum]
452 1393 551 1423 Nilus
584 1393 770 1432 AEgyptum

63 1443 279 1483 irrigaturus,
309 1443 419 1483 primo
445 1452 523 1473 vere
549 1448 605 1473 aut
627 1443 770 1473 solstitio

62 1493 249 1524 autumnali
267 1492 432 1529 excurrit,
454 1493 571 1532 hyeme
587 1501 768 1532 nunqnam.

62 1543 165 1575 Solin.
179 1553 255 1583 cap.
270 1546 322 1574 35.
334 1543 503 1583 Polyhist.
519 1544 646 1574 Lucan.
660 1543 718 1574 lib.
733 1552 767 1573 x.

63 1605 91 1625 v.
109 1596 183 1625 210.
200 1593 323 1624 Tibull.
352 1593 410 1624 lib.
427 1602 451 1623 1.
471 1593 566 1632 Eleg.
594 1595 624 1623 7.
665 1595 672 1609 ‘
691 1593 770 1623 Fer-

61 1644 131 1675 tilis
145 1644 264 1675 aestiva
280 1643 377 1675 Nilus
391 1643 542 1674 abundat
553 1642 662 1684 aqua)
682 1644 769 1674 l'lin.

62 1695 121 1727 lib.
140 1703 249 1726 xvui.
266 1704 342 1734 cap.
361 1696 412 1724 18.
434 1693 580 1734 princip.
608 1694 769 1733 ‘septeno

62 1745 219 1787 gurgite,'
233 1745 322 1786 quod
341 1750 473 1785 septem
489 1744 583 1775 ostiis
600 1754 634 1774 se
653 1744 684 1774 in
702 1754 769 1774 ma-

63 1807 100 1829 re
117 1801 292 1828 exoneret.
317 1797 446 1828 Noster
460 1796 609 1836 Epitlial.
624 1796 769 1827 Honor-ii

62 1852 99 1880 et
114 1848 237 1880 Mariae
254 1847 401 1889 princip.
438 1847 446 1863 ‘
462 1847 605 1887 Septem
623 1846 770 1886 despec-

62 1903 138 1930 tans
165 1908 292 1930 coruna
321 1896 418 1929 Nili?
477 1897 590 1936 Maro,
616 1896 690 1927 AEn.
720 1905 769 1927 vr.

61 1949 70 1964 ‘
88 1952 219 1989 septem
247 1947 428 1988 geminum’
456 1951 577 1978 vocat:
616 1952 651 1977 at
680 1947 769 1979 Plin.

62 1998 124 2030 lib.
138 2008 172 2030 v.
184 2008 261 2039 cap.
274 2001 305 2030 9.
328 1998 471 2029 ‘multas
486 2001 618 2028 tantum
640 1996 769 2028 fauces’

66 2049 171 2090 ponit.
186 2047 308 2079 Strabo
325 2048 383 2078 lib.
403 2056 427 2077 1.
450 2045 602 2084 στόματα.
627 2047 769 2086 Dempst.

109 2102 172 2131 186
196 2100 263 2130 Par
277 2108 394 2138 semper
409 2096 595 2137 similisque]
620 2097 664 2127 Et
682 2106 772 2137 mag-

64 2149 220 2182 nitudine
238 2153 274 2180 et
288 2148 407 2189 sigui-‚a

106 2199 271 2232 Fluctibus
285 2198 371 2238 auri]
396 2197 531 2238 Magnis
546 2196 770 2229 confluxibus.

109 2252 169 2281 187
194 2250 329 2291 Explcri
355 2250 438 2279 calor
463 2249 515 2279 ine
540 2249 659 2288 mquit]
696 2249 772 2280 Hoc

65 2299 211 2330 maxime
229 2303 395 2330 vexantur
413 2297 566 2329 avaritia
589 2299 772 2338 mancipia,

67 2359 199 2390 semper
214 2348 419 2390 possidendo
433 2349 530 2389 plura
541 2350 695 2389 cupiunt,
709 2359 772 2381 nec

67 2400 228 2432 minuitur
257 2399 405 2431 habendi
437 2399 564 2439 cupido
596 2399 670 2429 ullis
703 2399 775 2439 opi-

66 2449 139 2483 bus.
193 2451 326 2481 Seneca
353 2450 524 2481 Furente:
563 2449 681 2480 ‘nullo
706 2448 774 2480 tine

67 2500 188 2532 beatus
205 2501 308 2532 Gazis
326 2500 458 2531 inhians
487 2500 659 2540 componit
676 2510 774 2540 opes,

67 2550 112 2581 Et
127 2555 289 2592 congesto
309 2560 439 2592 pauper
454 2551 488 2581 in
507 2560 588 2581 auro
606 2549 680 2581 est!
705 2549 775 2581 Ho-

68 2604 134 2631 rat.
165 2601 275 2641 Epist.
304 2602 361 2633 lib.
379 2611 403 2633 1.
451 2604 459 2617 ‘
476 2602 620 2642 Semper
650 2611 772 2632 avarus

69 2653 170 2690 eget:
196 2656 326 2683 certum
347 2657 426 2683 voto
445 2657 524 2692 pete
541 2651 667 2682 finem)

115 2699 291 2741 Cuicunque
302 2703 412 2733 monile
426 2703 615 2733 Contextum
629 2702 775 2743 gemmis]

69 2749 246 2783 sordidam
263 2751 391 2792 publici
413 2752 584 2794 praedonis
607 2753 775 2794 rapacita-

1411 180 1524 221 1247

823 284 889 309 tem
901 278 994 316 dicit,
1005 279 1107 308 etiam
1119 278 1339 309 muliebribus
1350 289 1524 313 ornamen-

822 329 864 359 tis
881 338 946 359 non
965 338 1149 368 parsurum.
1173 330 1288 359 Barth.

866 382 927 410 188
953 382 1016 410 :lut
1030 379 1150 419 prmlia
1165 380 1250 409 culta
1268 378 1421 419 fuissent]
1456 382 1525 413 Sui.

822 429 882 459 das
901 429 942 459 ad
962 430 1114 468 verbum,
1127 439 1208 460 voce
1224 429 1391 467 Ῥουφῖνος,
1407 430 1456 459 καὶ
1471 442 1525 461 πο-

821 479 877 510 λὺς
892 478 929 516 ἦν
945 479 1044 518 ὄχλος
1058 481 1121 510 τῶν
1135 478 1334 519 περιθεόντων
1351 479 1381 508 εἶ’
1392 491 1450 509 που
1465 480 1526 510 ‘rivi

822 530 934 570 χωρίον
950 530 1080 571 ὑπάρχοι
1102 529 1290 569 παντομιγές
1305 542 1340 559 τε
1357 530 1406 560 καὶ
1423 531 1527 570 εὔκαρ-

821 592 887 611 πον.
923 581 989 611 Ubi
1018 586 1053 611 et
1082 582 1180 621 plura
1196 581 1228 611 in
1254 581 1339 611 banc
1367 591 1447 612 rem.
1482 582 1524 612 D.

823 633 935 663 Heius.

866 686 928 713 1250
975 683 1087 724 Rufino
1118 683 1308 723 populandus
1338 681 1421 722 erat]
1472 682 1525 713 Sic

822 733 946 764 Praedo
962 743 1107 764 annosus
1130 732 1219 764 idem
1242 733 1382 771 dicitur,
1409 738 1444 763 et
1472 741 1527 763 vo-

821 785 921 815 luisse
944 784 1101 816 aerarium
1124 783 1288 814 urbanum
1317 783 1477 824 spoliare,
1507 792 1526 813 a

820 835 1034 875 Symmacho,
1060 834 1118 864 lib.
1146 843 1193 864 vl.
1223 833 1335 873 Epist.
1363 836 1413 864 14.
1471 833 1524 864 Sic

820 885 909 916 euim
927 885 1130 916 Claudianus
1156 888 1272 915 noster
1297 893 1374 913 mox
1392 883 1433 914 ad
1452 893 1525 913 ver-

822 936 910 976 bum,
927 938 935 952 ‘
948 936 1104 976 orbisque
1118 936 1229 966 ruinas
1243 935 1382 975 Accipit
1392 944 1457 965 una
1469 935 1526 965 do-

820 985 917 1016 mus.’
942 986 1032 1018 Quid
1052 986 1170 1016 mirum
1186 991 1299 1016 autem
1313 986 1454 1016 Praesidi
1468 986 1526 1016 ali-

820 1036 874 1066 cui
903 1036 965 1066 boc
993 1036 1121 1066 crimen
1148 1034 1262 1073 fuisse,
1289 1045 1364 1066 cum
1383 1035 1526 1065 Romani

820 1096 893 1117 eam
910 1086 1019 1126 legem
1036 1084 1110 1116 fere
1128 1086 1316 1123 tenuerint,
1332 1086 1413 1115 satis
1431 1095 1527 1115 caus-

821 1147 865 1168 sae
880 1137 920 1168 ad
934 1136 1147 1177 spoliandum
1161 1136 1319 1177 aliquem,
1331 1135 1419 1177 qnod
1435 1134 1526 1166 foret

820 1186 925 1218 dives.
950 1187 1064 1218 Barth.

865 1240 926 1268 190
983 1238 1154 1268 Metuensla
1192 1237 1307 1268 colonis
1345 1235 1526 1276 Fertilitas]

820 1288 1072 1318 Evertebantur
1101 1287 1189 1318 enim
1226 1287 1341 1319 fundis
1373 1287 1441 1318 suis
1469 1287 1526 1328 qui

820 1338 980 1378 singulari
1000 1338 1111 1378 aliqua
1134 1337 1360 1369 foecunditate
1383 1337 1525 1369 nobilio-

822 1397 874 1418 res
891 1387 1073 1418 habebant.
1098 1387 1193 1418 Idem.

866 1441 923 1468 191
949 1436 1195 1477 Luribuspellit]
1218 1437 1348 1469 Similia
1359 1438 1469 1469 omnia
1483 1437 1526 1469 de

821 1488 990 1519 Gildone:
1016 1491 1024 1505 ‘
1043 1488 1225 1528 perturbat
1239 1489 1330 1520 avita
1347 1489 1525 1530 Quemque

820 1539 931 1578 domo,
943 1539 1090 1570 vetereis
1105 1540 1257 1570 detrudit
1274 1549 1351 1570 rure
1364 1539 1526 1571 colonos!

866 1590 1017 1620 Detrudit
1032 1589 1267 1630 avitisfinibus]
1296 1590 1444 1621 Pacatus
1460 1591 1526 1621 Pa-

820 1650 938 1680 negyr.
962 1642 970 1656 ‘
989 1650 1053 1670 non
1081 1640 1233 1671 contenti
1260 1640 1400 1670 miseros
1426 1640 1526 1671 avitis

820 1691 986 1721 evolvisse
999 1690 1528 1731 patrimoniis,calumniabantur

822 1743 855 1771 iu
888 1742 1099 1782 sanguinem,
1138 1745 1173 1772 et
1203 1741 1291 1772 vitas
1323 1742 1528 1782 premebant

820 1802 952 1823 reorum
973 1792 1045 1832 jam
1072 1791 1281 1831 pauperum!
1326 1792 1426 1822 Fines
1450 1802 1528 1832 pos-

821 1843 986 1874 sessiones
1004 1843 1094 1883 ipsas
1106 1846 1240 1882 notant,
1253 1842 1377 1883 alioqui
1393 1842 1528 1873 termini

821 1902 878 1923 eas
893 1893 1223 1924 circumscribentes.
1270 1893 1388 1924 Celsus
1405 1893 1468 1925 JC.
1497 1903 1528 1924 c.

823 1946 873 1974 18.
890 1943 932 1973 de
951 1953 1024 1983 aeq.
1042 1943 1095 1973 vel
1113 1952 1177 1972 am.
1197 1951 1287 1982 poss.
1310 1943 1319 1958 ‘
1335 1943 1362 1973 si
1380 1942 1528 1974 vicinum
1574 1936 1577 1939 ¹

821 1993 901 2023 milii
927 1992 1068 2023 fundum
1085 1996 1255 2023 mercator
1281 1992 1315 2023 in
1339 2001 1414 2023 mea
1441 1993 1528 2024 turri

822 2043 1050 2079 demonstret,
1090 2037 1297 2083 vacmmique
1329 2053 1365 2074 se
1397 2052 1529 2083 posses-

823 2093 951 2124 siouem
970 2092 1104 2123 tradere
1121 2092 1225 2130 dicat,
1247 2101 1311 2122 non
1328 2092 1436 2124 minus
1453 2102 1531 2133 pos·

823 2143 933 2174 sidere
959 2144 1059 2184 coepi,
1084 2153 1182 2184 quam
1205 2143 1231 2174 si
1255 2144 1376 2183 pedem
1401 2143 1527 2174 finibus

824 2194 1038 2225 intulissem!
1100 2194 1178 2226 Hoc
1216 2200 1269 2226 est
1307 2195 1371 2236 ipsi
1410 2193 1528 2226 fundo.

824 2244 940 2276 Barth.

869 2297 929 2326 192
955 2296 1092 2336 Occupat
1104 2295 1214 2335 hoeres]
1231 2294 1430 2326 Gildonico:
1449 2294 1457 2311 ‘
1473 2294 1528 2325 In-

825 2349 894 2376 stat
912 2345 1074 2376 terribilis
1095 2345 1190 2384 vivis,
1215 2344 1439 2375 morientibus
1464 2345 1529 2374 hae-

819 2405 890 2435 res,
906 2395 1102 2436 Virginibus
1119 2402 1248 2436 raptor,
1262 2395 1388 2436 Nuptis
1404 2395 1530 2426 obscoe-

825 2457 886 2477 nus
929 2447 1087 2478 adulter!
1157 2446 1351 2477 Miserrima
1397 2445 1528 2477 coactio

825 2497 928 2528 etiam
946 2502 1155 2528 mortuorum
1169 2499 1230 2528 sub
1246 2497 1457 2538 principibus
1470 2496 1529 2526 im·

826 2549 1072 2589 potentissimae
1090 2548 1273 2585 vecordiae,
1285 2549 1312 2578 si
1330 2548 1403 2588 quis
1419 2547 1527 2577 salvas

825 2609 867 2630 ex
884 2600 997 2640 aliqua
1018 2599 1130 2630 saltim
1148 2603 1246 2639 parte
1265 2596 1528 2627 necessitudines

825 2660 900 2681 suas
917 2651 1032 2689 vellet,
1048 2654 1252 2680 testamento
1269 2645 1420 2684 Principi
1435 2644 1529 2674 liere-

826 2700 970 2731 ditatem
988 2699 1042 2729 vel
1065 2699 1245 2737 integram,
1273 2697 1322 2726 vel
1348 2693 1529 2734 potiorem,

826 2750 950 2783 cedere
968 2757 1108 2780 necesse
1124 2746 1283 2779 babebat.
1309 2744 1404 2775 Idem.
