1851 3213
283 184 397 228 1454

328 295 389 323 107
418 292 528 323 Nudus
552 291 582 321 in
611 292 757 332 argento]
794 290 986 330 Argentum

282 346 334 373 est
352 353 420 381 vas,
446 352 513 382 quo
530 343 562 372 in
588 342 717 372 balneis
734 349 895 371 matronae
915 345 987 370 ute-

281 392 417 424 bantur.
463 393 643 430 Pnaedrus,
656 393 715 422 lib.
730 401 778 422 iv.
801 394 810 407 ‘
826 390 985 421 uniudum

280 443 507 480 mulieln·en1,'
537 444 597 481 ait,
620 448 627 460 ‘
649 442 819 482 exposuit,
845 446 880 472 et
898 442 986 472 lava-

281 493 408 524 tionem
428 499 624 533 argenteam
637 493 657 523 :'
681 492 737 523 adi
761 492 934 533 Lamprid.
954 493 984 523 in

281 543 477 575 Commodo.
501 544 579 574 Scio
593 553 659 574 non
673 553 809 584 semper
822 550 986 584 argentea

279 592 383 624 fuisse
414 605 503 631 vasa,
529 594 589 625 sed
618 604 661 625 ex
689 594 830 625 concha.
877 594 986 625 Vetus

279 644 458 684 Inter-pres
474 645 632 676 Juvenal.
647 644 687 675 ad
705 646 775 674 Sat.
796 653 849 675 ιιι.
868 645 984 676 Plaut.

278 694 461 726 Rudente:
497 695 605 725 ‘cave
634 701 668 725 tu
694 696 809 725 harum
838 695 986 726 conchas

279 755 419 786 spernas
434 745 454 776 ε’
479 752 513 776 et
531 747 650 784 puellis
667 751 772 785 gratae
791 751 889 775 erant
905 754 984 775 con-

278 796 364 826 chae.
412 796 514 826 Ovid.
542 796 686 825 Metam.
712 794 767 824 lib.
787 803 822 825 x.
852 794 936 824 Fab.
953 797 984 825 8.

276 849 312 876 et
326 846 454 876 Paulus
470 845 533 876 JC.
553 845 570 874 l.
585 847 615 875 3.
633 849 718 874 sent.
731 845 800 876 Tit.
816 847 846 875 7.
869 847 876 861 ⁸
892 854 984 875 muu-

278 897 321 927 do
348 897 508 927 muliebri
538 897 652 936 legato
683 906 724 926 ea
752 896 891 935 cedunt,
921 905 984 936 per

278 957 354 988 quae
370 947 526 977 mundior
543 946 735 988 lautiorque
759 946 894 978 foemina
912 946 982 978 effi-

278 997 381 1035 citur,
400 1003 437 1028 ut
454 998 631 1038 speculum
650 1003 683 1028 et
709 997 868 1029 conchae!
914 997 982 1028 Ita-

276 1057 343 1089 que
359 1049 430 1079 ha‘c
444 1048 487 1078 de
504 1049 637 1088 privato
651 1054 829 1088 apparatu.
874 1049 983 1078 Erant

277 1099 380 1130 etiam
398 1099 429 1128 in
448 1099 586 1129 thermis
613 1099 749 1138 publiea
774 1098 912 1128 lavacra
933 1108 983 1128 ar·

278 1154 410 1189 genten.
435 1152 519 1180 Stat.
537 1149 595 1178 lib.
613 1158 636 1179 1.
654 1149 744 1188 Sylv.
762 1157 795 1178 v.
812 1150 820 1164 ‘
836 1154 980 1188 argento

273 1200 358 1232 felix
386 1201 589 1239 propellitur
617 1200 719 1237 unda,
756 1198 981 1239 Argentoque

275 1251 394 1282 cadit.'
441 1250 508 1282 Qui
526 1249 764 1279 ministrabant
786 1249 980 1280 lavantibus

276 1300 439 1339 foeminis,
449 1300 612 1341 Aquariolz'
625 1300 719 1330 dicti.
736 1299 875 1330 Tertull.
888 1298 981 1340 Apo-

274 1352 344 1392 log.
363 1361 438 1390 cap.
455 1354 506 1382 43.
529 1354 537 1367 ‘
555 1351 723 1388 Lenones,
739 1349 980 1389 productores,

274 1402 463 1444 aquarioli.’
524 1403 618 1432 Fest.
644 1401 699 1432 lib.
716 1410 740 1431 1.
803 1400 981 1441 Aquarioli

272 1453 450 1484 mulierum
469 1452 715 1492 impudicarum
739 1451 867 1482 sordidi
895 1461 982 1482 asse-

274 1504 348 1535 clae.
393 1503 554 1535 Juvenal.
577 1503 648 1533 Sat.
669 1511 717 1533 w.
742 1502 751 1519 ‘
770 1501 885 1532 veniet
902 1511 980 1532 con-

274 1554 398 1585 ductus
416 1552 599 1594 aquarius?
647 1552 758 1593 Atque
775 1551 853 1582 hinc
871 1552 979 1582 credi-

274 1605 342 1636 bile
365 1609 429 1643 est,
453 1614 575 1635 nomen
600 1603 769 1634 Gallicum
796 1611 980 1642 maquereau

272 1656 476 1686 derivatum.
520 1654 673 1685 Turneb.
688 1662 764 1685 ΧΠ.
780 1655 833 1684 12.
858 1653 978 1693 Demp-

269 1709 346 1737 ster.

314 1757 487 1798 Lympham
501 1756 658 1797 portaret]
690 1755 807 1786 Instar
823 1755 975 1786 vilissimi

271 1807 412 1849 aquarii.
442 1807 556 1836 Barth.

315 1860 378 1889 108
405 1859 431 1888 C
435 1868 483 1888 am
500 1866 532 1887 se
547 1855 655 1896 rapido
671 1854 789 1892 fessam
804 1854 976 1895 proiecerat

270 1910 362 1949 aestu]
385 1907 648 1948 Elegantissiina
670 1906 802 1936 notatio
824 1906 975 1937 mulieris

270 1959 378 1990 multo
401 1958 479 1989 Sole
503 1967 538 1987 se
562 1956 753 1997 abjicientis
778 1956 811 1986 in
829 1957 973 1987 thorum.

270 2009 441 2041 Delicatae
459 2008 607 2039 ventulis
632 2006 733 2037 factis
757 2007 974 2045 fovebantur,

271 2060 313 2091 ad
331 2069 412 2101 quas
427 2059 566 2090 delicias
594 2067 762 2099 pavonum
781 2067 901 2096 pennae
918 2057 973 2087 ho-

270 2110 326 2141 die
351 2114 567 2150 usurpantur.
611 2108 667 2139 Sic
696 2109 730 2138 in
765 2108 972 2147 locupletum

268 2159 404 2190 familiis
435 2160 583 2199 propriae
621 2158 652 2189 ei
683 2158 733 2189 rei
763 2157 971 2188 mulierculae

269 2208 500 2248 flabelligerae.
559 2207 778 2245 Flabellatio,
818 2207 971 2238 Eunuchi

269 2258 416 2290 officium
433 2259 565 2299 pariter
579 2259 612 2289 in
625 2258 780 2290 Terentii
796 2259 972 2289 Eunucho.

268 2310 367 2342 Idem.

313 2366 375 2394 109
398 2363 558 2392 Pavonum
573 2363 646 2403 alis]
671 2363 770 2404 Aptis
791 2364 911 2404 pennis
928 2364 970 2395 ad

267 2412 412 2444 flabella.
436 2413 534 2443 Idem.

314 2464 471 2493 Pavonum
485 2463 613 2493 ventilat
623 2463 696 2502 olis]
720 2463 875 2495 Pavonem
889 2474 968 2505 qua-

269 2518 347 2545 tuor
363 2514 461 2544 libri:
489 2513 585 2543 bene.
635 2513 752 2542 Malim
778 2518 892 2543 tamen
918 2524 967 2543 ro-

267 2573 334 2595 seas
362 2574 512 2603 parotium
543 2563 629 2592 alus.-
679 2562 727 2592 sic
758 2563 767 2578 ‘
798 2563 966 2593 ventilare

267 2614 374 2646 faces'
393 2615 533 2651 Oxidio,
560 2614 569 2629 ⁴
587 2613 754 2644 ventilare
773 2623 888 2644 aurum
907 2624 966 2645 aes-

265 2664 385 2696 tivum'
399 2664 571 2702 Jmenali,
583 2669 617 2694 et
631 2663 764 2694 similia.
802 2665 853 2694 ne
867 2665 967 2703 passis

265 2716 346 2756 uvis,
360 2715 450 2756 quod
465 2714 633 2756 sequitur,
657 2723 699 2744 ex
716 2713 871 2754 Priapeis
886 2715 965 2744 hau-

266 2766 322 2798 sit.
345 2767 355 2783 ⁴
372 2765 456 2797 Uvis
471 2764 594 2796 aridior
605 2764 726 2796 Puella
740 2762 870 2805 passis?
901 2764 967 2796 Lu-

495 195 640 226 NOTAE
671 194 938 227 VARIORUM
973 195 1023 226 IN
1060 195 1136 226 GL.
1168 195 1350 227 cLAUD.
1383 195 1532 226 XV111.

1039 289 1137 320 cilius
1154 291 1243 330 apud
1268 290 1430 330 Nonium,
1454 289 1463 307 ‘
1483 288 1613 331 Rugosi
1635 289 1744 331 passi-

1039 350 1103 382 que
1121 351 1218 372 senes
1236 341 1243 353 ’
1266 342 1308 372 D.
1328 342 1441 372 Heins.

1083 394 1144 422 110
1183 391 1322 431 Laxata]
1368 391 1485 422 Senum
1514 391 1602 423 cutis
1631 391 1742 423 indies

1039 442 1185 480 laxatur,
1215 452 1314 473 carne·
1343 442 1518 481 paullatim
1546 441 1745 484 fatiscente,

1038 493 1252 528 tabescente,
1269 503 1436 532 rugasque
1453 493 1568 523 trahit.
1594 493 1713 526 Barth.

1086 543 1225 583 Laxata]
1242 544 1420 574 Claverius
1436 543 1540 574 sentit
1557 543 1742 583 legendum

1038 603 1109 624 esse
1126 596 1251 630 lassata,
1276 595 1375 635 idque
1392 594 1512 634 majori
1539 598 1743 635 contemptu

1037 651 1071 675 et
1089 645 1180 676 odio.
1224 644 1346 675 Subdit
1359 646 1447 675 enim
1464 649 1634 682 corruerat,
1650 643 1741 686 quod

1037 699 1089 724 est
1107 695 1226 733 pecudi
1254 704 1354 734 qnam
1378 695 1502 724 homini
1530 695 1638 734 magis
1662 704 1741 735 pro-

1037 745 1170 784 prium:
1196 750 1230 775 et
1254 745 1308 774 hic
1334 744 1436 784 poeta
1452 745 1654 784 Eutropium
1672 754 1743 777 ser-

1036 795 1113 824 vilis
1141 793 1343 824 conditionis
1368 795 1537 824 hommem
1565 795 1740 827 acerbiore

1035 846 1123 885 stylo
1162 845 1390 885 persequitur,
1426 844 1614 884 pecudibus
1650 846 1742 878 enim

1036 895 1122 925 servi
1140 895 1235 935 quasi
1259 895 1492 933 annumerati;
1530 895 1619 925 unde
1636 895 1740 928 illud:

1034 948 1042 963 ⁸
1061 946 1149 976 servi
1165 953 1198 975 ιιι
1215 946 1517 985 taceantjumenta
1536 945 1742 986 loquentur?

1033 996 1116 1026 Turn
1136 1006 1278 1026 corruere
1301 996 1354 1026 hic
1380 993 1529 1026 defluere
1551 1000 1610 1026 aut
1626 995 1741 1029 delabi

1034 1046 1214 1086 signifieat.
1241 1047 1364 1077 Clarer.

1077 1098 1238 1137 Sulcisque
1276 1098 1444 1138 genarum]
1481 1096 1644 1137 Virgilius
1670 1105 1740 1130 vn.

1031 1148 1040 1164 ‘
1058 1149 1102 1178 Et
1131 1147 1278 1178 frontem
1304 1148 1499 1179 obscoenam
1522 1148 1615 1188 rugis
1639 1148 1737 1181 arat!

1031 1198 1150 1228 Barth.

1078 1250 1135 1277 111
1165 1247 1334 1277 Cori-uerat
1359 1256 1449 1287 passa
1465 1248 1570 1284 ,fizcies
1594 1250 1737 1289 rugosior

1032 1296 1107 1336 uva]
1144 1298 1281 1327 Aruerat
1309 1297 1505 1327 doctissimo
1534 1299 1667 1331 Pricaeo
1693 1300 1737 1331 ad

1032 1347 1174 1388 Apuleii
1203 1348 1406 1388 Apologiam
1425 1348 1562 1380 videtur
1589 1350 1739 1382 scriben-

1033 1397 1132 1428 dum:
1168 1398 1336 1439 quomodo
1354 1398 1552 1430 Guntherus
1574 1402 1736 1442 Ligurino

1032 1448 1120 1478 libro
1139 1457 1220 1479 viu.
1237 1449 1246 1465 ‘
1261 1449 1468 1480 miserandus
1480 1451 1630 1490 possidet
1643 1452 1735 1493 [lege

1031 1498 1163 1539 obsidet]
1183 1505 1274 1529 artus
1300 1499 1405 1529 Foeda
1422 1500 1489 1531 situ
1507 1502 1653 1534 macies:
1679 1503 1736 1534 de·

1031 1549 1153 1581 formia
1170 1550 1277 1590 turpis
1301 1555 1336 1580 et
1353 1560 1445 1590 aeger
1473 1550 1589 1582 Inficit
1604 1561 1663 1583 ora
1678 1562 1734 1584 co-

1030 1601 1101 1631 lor:
1129 1601 1254 1640 pressis
1270 1600 1358 1631 cutis
1376 1601 1470 1631 arida
1494 1603 1654 1634 membris
1677 1603 1735 1635 In·

1031 1651 1145 1682 sidet?
1206 1652 1278 1692 Ego
1319 1652 1491 1692 vulgatam
1521 1658 1645 1687 tueor-2
1682 1654 1733 1686 sic

1030 1704 1037 1718 ‘
1056 1702 1160 1742 lapsae
1178 1712 1274 1741 genae
1291 1701 1299 1713 ’
1322 1702 1413 1742 apud
1430 1702 1566 1733 Senec..
1601 1703 1734 1744 Hippo-

1026 1752 1111 1791 lyto,
1136 1761 1225 1782 vers.
1251 1754 1325 1783 364.
1369 1752 1498 1782 Noster
1523 1751 1614 1783 bello
1640 1753 1735 1787 Gild.

1026 1802 1035 1817 ‘
1052 1801 1201 1832 Interius
1228 1800 1346 1837 fugere
1365 1811 1459 1841 gcnae
1474 1801 1494 1832 :’
1519 1803 1546 1832 si
1565 1802 1644 1843 quid
1662 1813 1732 1835 mu-

1027 1851 1167 1882 tandum
1185 1856 1297 1881 tamen
1314 1851 1371 1889 sit,
1389 1852 1445 1882 vix
1462 1852 1578 1884 dubito
1594 1863 1613 1884 a
1628 1863 1731 1885 manu

1029 1902 1208 1933 Claudiani
1239 1911 1335 1940 esse3
1372 1902 1598 1934 ‘Marcnerat
1628 1914 1730 1944 passa

1026 1953 1133 1985 facies
1150 1953 1304 1993 rugosior
1329 1963 1394 1984 uva
1408 1952 1427 1984 :’
1453 1958 1488 1984 ut
1504 1953 1666 1994 hincjam
1680 1955 1730 1986 in-

1026 2004 1218 2044 telligamus
1235 2003 1317 2044 quid
1334 2003 1418 2042 per‘
1435 2013 1515 2034 uvas
1527 2005 1731 2037 marcentes'

1025 2056 1196 2095 intelligat
1223 2054 1407 2093 Martialis,
1434 2054 1492 2086 lib.
1508 2064 1541 2086 v.
1568 2056 1632 2096 Ep.
1655 2059 1731 2090 120.

1024 2106 1033 2122 ‘
1052 2107 1244 2137 Marcentes
1280 2105 1339 2136 tibi
1372 2105 1588 2146 porrigentur
1617 2106 1730 2139 uvaez'

1023 2167 1098 2189 nain
1117 2162 1176 2188 aut
1190 2167 1297 2197 passas
1312 2156 1433 2196 innuit,
1448 2160 1507 2187 aut
1523 2161 1618 2189 certe
1632 2167 1730 2198 rugo-

1023 2218 1076 2239 sas
1102 2213 1137 2238 et
1162 2207 1333 2244 flaccidas,
1360 2217 1434 2238 curn
1463 2207 1496 2237 in
1523 2207 1590 2237 alia
1615 2207 1728 2240 omnia

1023 2264 1102 2290 eant
1120 2258 1318 2290 Calderinus
1333 2262 1367 2287 et
1382 2257 1548 2288 Raderus.
1587 2259 1595 2275 ‘
1614 2258 1654 2289 In
1671 2268 1726 2289 ru-

1024 2321 1081 2351 gas
1095 2308 1319 2340 marcescerc’
1337 2307 1424 2339 dixit
1437 2308 1528 2339 Plin.
1541 2317 1602 2339 xv.
1619 2311 1669 2340 14.
1683 2308 1725 2340 de

1024 2361 1148 2400 pomis:
1174 2359 1340 2401 quomodo
1366 2363 1401 2389 et
1428 2359 1661 2399 castigandum
1681 2360 1724 2390 in

1022 2411 1175 2442 Orientis
1215 2409 1503 2441 Commonitorio:
1540 2409 1550 2425 ‘
1568 2409 1725 2441 Pendula

1021 2472 1095 2502 quae
1126 2466 1278 2491 marcent
1310 2460 1401 2499 rugis
1428 2457 1635 2490 deformibus
1662 2469 1724 2491 ora

1020 2512 1240 2542 Protulerant
1281 2514 1444 2550 quantum
1483 2509 1724 2549 conspicienda

1019 2560 1157 2592 decusz’
1190 2570 1265 2591 cum
1292 2562 1421 2590 moerent
1445 2558 1514 2589 illic
1541 2569 1632 2591 nunc
1659 2560 1724 2592 cir-

1018 2609 1240 2647 cumferatur,
1266 2615 1299 2640 et
1320 2610 1352 2638 in
1379 2613 1594 2648 pentametro
1608 2619 1721 2641 vanum

1017 2663 1117 2691 decus.
1165 2660 1278 2690 Minus
1293 2659 1379 2690 bene
1401 2661 1490 2690 Naso
1505 2659 1545 2689 de
1559 2660 1648 2699 liliis,
1661 2660 1721 2692 lib.

1020 2721 1056 2743 x.
1080 2713 1222 2742 Metam.
1246 2712 1254 2727 ‘
1273 2710 1429 2741 Marcida
1457 2709 1642 2741 demittant
1668 2721 1723 2741 su-

1016 2763 1088 2794 bito
1104 2766 1208 2803 caput
1222 2762 1280 2793 illa
1303 2765 1479 2802 gravatum
1505 2760 1537 2792 N
1543 2769 1582 2793 ec
1597 2770 1633 2794 se
1647 2770 1718 2794 sus·
