1851 3213
307 205 422 253 1026
739 215 816 248 οι.
849 215 1135 247 οιΑυῡιΑΝι
1169 215 1360 247 xxxvi.

308 314 477 357 Summi
498 313 758 368 terrigenum
781 312 936 363 Regis,
959 312 1219 365 caderetque
1241 313 1424 362 gravata

308 382 521 431 Pondere,
543 382 586 422 ni
607 382 772 422 lassam
796 380 966 421 fulciret
987 379 1190 433 proxima
1211 389 1416 431 quercus.

308 449 418 492 Inde
437 452 565 491 timor
586 461 829 502 numenque
850 448 967 495 loco,
988 447 1264 498 nemorisque
1285 448 1479 485 senectae

309 516 527 565 Parcitur,
552 516 831 567 aetheriisque
851 513 974 554 nefas
996 513 1203 553 nocuisse
1225 513 1423 565 tropaeis.

309 583 504 625 Pascere
526 583 673 623 nullus
694 594 818 631 oves,
842 593 920 621 nec
943 580 1105 620 robora
1124 579 1284 619 laedere
1306 578 1505 632 Cyclops

310 651 478 700 Audet,
500 659 542 691 et
563 653 659 704 ipse
679 650 789 702 fugit
809 661 937 689 sacra
959 647 1262 702 Polyphemus
1285 648 1340 688 ab
1361 647 1533 688 umbra.

311 718 417 762 Non
438 723 581 758 tamen
602 718 684 757 hoc
708 716 882 756 tardata
903 714 1056 755 Ceres.
1116 713 1393 755 Accenditur
1413 714 1526 756 ultro

311 785 545 838 Religione
566 785 670 832 loci,
696 785 926 836 vibratque
946 783 1114 822 incerta
1137 783 1340 831 securim,

311 852 468 907 Ipsum
490 854 620 893 etiam
643 864 720 904 per
738 853 848 891 itura
869 849 898 890 J
903 862 1046 890 ovem.
1109 849 1346 890 Succidere
1367 849 1515 902 pinus,

1696 577 1783 620 355

309 973 418 1014 ipsius,
445 973 578 1014 supremi
603 972 764 1012 Principis
787 973 969 1012 gigantum,
994 974 1025 1003 et
1052 979 1195 1012 oppressa
1218 980 1308 1002 onere
1328 969 1555 1009 procumberet,
1581 969 1644 1001 nisi
1658 980 1787 1011 quercus

306 1016 481 1057 propinqua
495 1019 684 1046 sustentaret
701 1025 773 1045 eum
787 1014 974 1054 fatigatam.
1021 1014 1098 1045 Inde
1120 1017 1232 1052 metus,
1255 1017 1285 1044 et
1306 1014 1417 1052 religio
1440 1012 1586 1044 accessit
1601 1013 1677 1053 loco,
1693 1017 1724 1044 et
1738 1014 1788 1053 ig·

309 1059 450 1090 noscitur
464 1059 650 1099 antiquitati
667 1058 775 1099 sylvae,
800 1068 835 1088 ac
857 1059 953 1088 scelus
977 1062 1029 1088 est
1050 1056 1166 1087 violare
1187 1060 1307 1096 tropoea
1331 1056 1480 1087 coelestz'a.
1525 1056 1641 1086 Nullus
1657 1057 1788 1097 Cyclops

311 1103 405 1133 “ridet
419 1103 540 1133 nutrire
553 1111 632 1139 ove-3,
646 1111 741 1141 neque
757 1101 811 1131 hic
825 1100 980 1141 offendere
994 1099 1129 1139 arbores,
1146 1103 1177 1130 et
1195 1099 1401 1140 Polyphemus
1417 1099 1482 1139 ipse
1496 1099 1613 1129 recedit
1626 1098 1665 1129 ab
1680 1100 1789 1130 umbra

309 1148 444 1175 sacrata.
492 1144 586 1175 Ceres
599 1147 702 1174 tamen
716 1154 775 1174 non
790 1145 950 1174 retardata
967 1147 1019 1173 est
1034 1143 1091 1173 Ιιασ
1108 1144 1305 1173 reverentia
1320 1152 1327 1171 2
1353 1142 1454 1172 volens
1470 1142 1655 1172 stimulatur
1666 1142 1788 1182 pietate

311 1187 384 1227 loci,
399 1190 430 1218 et
445 1187 571 1225 conjicit
587 1187 731 1225 securim,
748 1187 867 1217 incerta
881 1196 947 1227 quo
963 1185 1135 1226 injiceret,
1149 1194 1331 1226 percussura
1345 1185 1393 1215 vel
1408 1185 1510 1224 ipsum
1524 1184 1647 1215 Jovem.
1685 1185 1791 1216 Festi-

937 1270 1177 1283 eeeeeeeeeeee

314 1333 438 1366 Heins.
453 1333 534 1366 Jnn.
551 1337 724 1366 sec.—35l
749 1335 951 1375 caderentque
966 1336 1046 1367 Vat.
1065 1337 1225 1376 pr.—352
1250 1336 1361 1365 lassam
1388 1334 1456 1365 inc.
1482 1333 1602 1364 Heius.
1621 1333 1706 1373 Reg.
1725 1331 1791 1362 Pe-

314 1381 385 1408 tav.
404 1387 457 1417 pr.
475 1377 553 1407 Ald.
569 1378 652 1408 Var.
670 1378 740 1408 LL.
759 1386 777 1407 e
795 1387 901 1417 marg.
919 1379 1031 1409 Parm.
1055 1380 1171 1418 lapsam
1185 1378 1251 1408 duo
1264 1378 1361 1408 Vatt.
1378 1382 1414 1407 et
1430 1375 1474 1408 A.
1487 1377 1567 1409 Jun.
1585 1385 1653 1406 sec.
1674 1374 1792 1405 Ambr.

314 1423 393 1451 tert.
412 1419 478 1449 duo
493 1419 589 1450 Voss.
612 1420 732 1460 lapsum
747 1420 827 1451 Vat.
845 1429 895 1459 pr.
920 1420 1007 1451 Cod.
1023 1421 1214 1451 Bartholin.
1237 1421 1376 1449 maxima
1391 1420 1472 1450 Vat.
1489 1428 1558 1449 sec.
1581 1417 1722 1448 maxima
1739 1417 1792 1447 vel

310 1462 459 1502 proxima
473 1462 569 1493 Voss.
581 1464 757 1493 sem—353
782 1462 839 1492 loci
854 1463 933 1493 Vat.
950 1462 1167 1502 quint.—354
1189 1462 1332 1492 aetherez‘s
1347 1461 1463 1500 nec-fas
1478 1461 1576 1492 Voss.
1590 1470 1642 1500 pr.
1658 1470 1705 1491 m.
1721 1469 1793 1491 sec.

314 1504 532 1544 AEthnoeisque
547 1504 686 1535 Tholoa
709 1503 879 1544 triumphis
890 1503 1010 1536 Ambr.
1025 1507 1211 1536 tert—355
1238 1505 1351 1534 Nullus
1370 1504 1471 1544 pascit
1495 1514 1564 1535 oves
1577 1502 1696 1534 Ambr.
1712 1505 1794 1533 tert.

314 1556 369 1577 nec
385 1547 474 1576 robor
485 1548 625 1577 scindere
638 1547 735 1577 Voss.
752 1556 821 1577 sec.
845 1546 938 1576 robur
950 1547 1032 1577 Vat.
1046 1556 1116 1577 sec.
1150 1548 1260 1577 laedere
1275 1545 1383 1576 robora
1401 1545 1518 1576 Ambr.
1537 1550 1619 1576 tert.
1652 1546 1795 1576 scindere

315 1590 398 1620 Vat.
417 1591 603 1619 tem—357
632 1589 697 1619 Nec
708 1591 812 1618 tamen
828 1589 909 1619 Vat.
927 1589 1037 1630 quint.
1055 1595 1091 1620 et
1106 1588 1239 1620 A.Juu.
1257 1597 1326 1619 sec.
1352 1589 1424 1619 Non
1436 1592 1539 1619 tamen
1556 1592 1601 1619 est
1618 1588 1713 1619 Voss.
1725 1596 1794 1618 sec.

316 1634 363 1662 est
378 1633 505 1661 tardata
520 1630 587 1661 duo
602 1631 716 1661 Vatic.
740 1630 866 1661 turbata
883 1630 1002 1662 Ambr.
1015 1634 1206 1662 tem—358
1228 1631 1346 1661 incesta
1357 1640 1419 1671 pro
1436 1631 1555 1662 incerta
1570 1631 1653 1670 Reg.
1667 1630 1792 1662 Petav.

317 1683 370 1714 pr.
395 1674 477 1703 Var.
505 1673 574 1704 LL.
599 1682 617 1703 e
635 1682 737 1713 marg.
766 1673 880 1703 Parm.
905 1673 1021 1712 infesta
1048 1679 1117 1705 tres
1141 1674 1236 1705 Vatt.
1264 1678 1300 1704 et
1326 1673 1370 1704 A.
1396 1674 1480 1704 Cod.
1509 1673 1700 1704 Bartholin.
1725 1672 1793 1704 inc.

318 1716 438 1748 Heius.
456 1716 592 1747 Tholos.
608 1715 689 1748 Jun.
717 1725 784 1746 sec.
808 1715 928 1747 Ambr.
955 1720 1036 1748 tert.
1063 1717 1129 1748 duo
1156 1717 1255 1748 Voss.
1283 1715 1471 1748 Ald.—359
1494 1716 1601 1757 Ipsum
1619 1725 1672 1747 seu
1686 1725 1793 1756 marg.

986 1830 1134 1862 NOTAE

318 1919 356 1942 ro
371 1920 380 1948 ;
405 1914 439 1940 et
456 1919 499 1940 ex
513 1909 664 1950 Regibus
676 1909 814 1948 nostris,
829 1909 1032 1941 Clodovaeus

321 1960 474 2000 Alarico,
487 1970 586 2001 quem
600 1970 659 1991 sua
667 1970 769 1991 manu
783 1960 924 1991 occidit.
946 1961 1032 1991 Var-

321 2020 360 2042 ro
377 2015 478 2042 vocat
495 2010 620 2050 opima,
643 2010 777 2041 etiamsi
801 2010 896 2041 miles
918 2010 1032 2042 detra-

321 2061 394 2099 hat,
411 2061 511 2091 modo
530 2060 607 2091 duci
622 2060 794 2091 detrahat.

365 2114 425 2142 351
452 2111 575 2142 Summi
590 2110 704 2150 Regis]
740 2110 808 2141 Alii
826 2111 1034 2151 Porphyrio-

321 2171 412 2199 nem,
435 2162 490 2191 alii
509 2161 721 2201 Alcyoneum
742 2161 915 2202 gigantum
933 2162 1033 2193 Prin-

323 2212 435 2253 cipem
451 2212 593 2243 faciunt.

371 2262 589 2302 Terrigemmi]
624 2263 823 2302 Gigantum,
853 2262 910 2304 qui
941 2266 1035 2294 terra

324 2318 435 2345 matre
450 2313 533 2344 editi
546 2317 635 2344 sunt.
680 2314 802 2354 Supra.

369 2365 432 2394 353
458 2364 534 2393 Inde
551 2363 646 2394 timor
662 2373 833 2404 numenque
848 2365 925 2405 loco]
948 2364 1034 2396 Inde

325 2413 428 2446 timor
444 2414 598 2452 accessit,
625 2419 659 2445 et
676 2415 833 2455 quaedam
850 2425 931 2455 erga
947 2415 1035 2447 hunc

326 2464 439 2496 locum
456 2464 550 2494 velut
567 2464 705 2495 numine
722 2465 858 2504 plenum
880 2475 1035 2496 reveren-

327 2515 389 2553 tia,
406 2525 479 2555 quae
499 2512 584 2545 facit
608 2519 645 2545 ut
675 2519 835 2554 parcatur
862 2515 1037 2547 arboribus

329 2569 493 2606 tanquam
513 2565 739 2596 Numinibus:
764 2565 842 2606 quia
855 2576 961 2597 sacrae
979 2577 1038 2607 pu-

330 2619 459 2646 tantur.

373 2668 436 2696 354
460 2665 615 2696 AEtheriis
637 2665 778 2705 tropaeis]
811 2665 898 2697 Quae
921 2671 1040 2697 erecta

332 2718 412 2745 sunt
437 2724 456 2745 a
483 2714 568 2755 Diis,
590 2714 647 2756 qui
673 2718 750 2746 sunt
773 2714 807 2745 in
823 2714 961 2747 AEthere
978 2726 1039 2747 seu

333 2764 442 2797 Coelo.

1131 1913 1190 1942 355
1212 1911 1358 1951 Cyclops]
1384 1910 1530 1951 Cyclops
1547 1914 1582 1941 et
1595 1910 1796 1951 Laestrygon

1085 1960 1212 1992 fratres
1238 1961 1401 1998 fuerunt;
1430 1970 1575 2002 quorum
1591 1960 1796 2001 Laestrygon

1086 2010 1325 2051 Antiphatem,
1352 2011 1500 2051 Cyclops
1538 2010 1798 2052 Polyphemum,

1087 2062 1217 2101 genuit,
1229 2063 1417 2102 Cyclopum
1436 2061 1647 2101 Principem.

1131 2114 1194 2143 356
1218 2113 1288 2153 Ipse
1306 2112 1531 2153 Polyphemus]
1559 2112 1657 2144 Licet
1679 2112 1690 2131 ‘
1707 2112 1797 2144 visus

1088 2163 1131 2194 ab
1154 2164 1287 2204 hospite
1313 2164 1407 2194 nullo
1436 2163 1593 2203 Impune,
1620 2168 1657 2195 et
1681 2164 1797 2205 magni

1088 2223 1163 2244 cum
1178 2214 1255 2244 Diis
1273 2217 1465 2244 contemtor
1482 2212 1645 2253 Olympi.’
1826 2251 1831 2253 Λ

1132 2266 1194 2294 357
1220 2265 1291 2294 Non
1306 2266 1411 2294 tamen
1432 2263 1486 2293 hoc
1513 2261 1656 2302 tardata]
1691 2262 1797 2294 Ceres

1086 2314 1155 2345 loci
1172 2314 1336 2354 religione
1355 2323 1420 2344 non
1444 2312 1611 2353 impedita
1626 2317 1692 2354 est,
1715 2323 1797 2355 quo·
1850 2344 1851 2351 ,

1089 2365 1199 2396 minus
1211 2364 1275 2394 sibi
1292 2365 1326 2394 in
1342 2373 1383 2395 ea
1399 2363 1491 2395 faces
1508 2363 1710 2396 conficeret.

1132 2415 1325 2446 Accenditur
1338 2416 1420 2446 ultro
1435 2414 1601 2455 religione]
1630 2415 1680 2446 Ut
1696 2424 1733 2446 se
1749 2415 1799 2446 ul-

1091 2466 1238 2497 ciscatur
1254 2470 1376 2497 contra
1389 2465 1492 2505 Deos,
1504 2475 1645 2506 quorum
1657 2464 1800 2497 consilio
1846 2456 1847 2460 ¹

1092 2520 1192 2556 putat
1219 2515 1320 2547 tiliam
1346 2525 1421 2546 esse
1450 2520 1595 2555 raptam,
1621 2523 1736 2546 sacras
1759 2514 1799 2546 iis

1092 2565 1230 2597 arbores
1244 2565 1486 2606 depopulatur.

1136 2619 1198 2647 358
1217 2616 1356 2656 Incerta]
1381 2616 1486 2649 Quasi
1499 2615 1592 2647 nullo
1605 2614 1800 2646 discrimine
1842 2606 1843 2611 ¹

1093 2676 1207 2698 omnes
1223 2670 1358 2697 evertat
1376 2665 1526 2697 arbores.

1137 2719 1201 2748 359
1231 2716 1338 2757 Ipsum
1360 2718 1456 2747 etiam
1477 2725 1535 2756 per
1561 2715 1647 2746 itura
1673 2714 1802 2755 Jovem]

1091 2767 1175 2799 Tam
1201 2766 1288 2799 irata
1308 2769 1375 2809 est,
1398 2769 1437 2798 ut
1461 2765 1573 2807 ipsum
1597 2765 1721 2799 Jovem
1738 2774 1801 2806 per
