1851 3213
280 197 394 240 1060
698 206 773 237 ci..
804 203 1085 237 cLAUmAm
1121 204 1317 235 xxxlx.

278 301 474 346 Letalem
494 300 810 355 placidamque
829 313 1022 341 manum.
1083 298 1308 341 Medicina
1327 311 1405 353 per
1425 297 1596 339 hostem

277 370 486 423 Contigit,
509 375 551 412 et
570 369 756 423 pepulit,
779 382 890 423 quos
906 369 1067 410 fecerat
1086 369 1197 422 ipse,
1218 368 1407 409 dolores.
1448 411 1454 420 .

278 437 414 489 Quod
435 438 473 479 si
495 451 573 478 nec
594 438 813 491 precibus,
835 438 939 478 fietu
959 450 1042 477 nec
1062 436 1270 489 frangeris
1294 436 1396 486 ullo,
1685 432 1742 473 50

279 506 412 560 Eripe
432 506 617 547 calcatis
638 518 726 546 non
747 517 961 559 prospera
982 504 1156 556 cingula
1178 503 1340 554 Musis,

277 574 412 628 Eripe
432 574 647 616 militiam.
708 571 926 613 Comitem
947 584 1016 611 me
1038 571 1152 625 pelle
1171 571 1325 612 sodali.

277 641 460 683 Scilicet
481 641 673 693 insignes
695 639 749 680 de
771 651 969 692 paupere
992 642 1091 679 vate
1112 638 1354 691 triumphos
1372 638 1382 679 ἱ

278 708 456 749 Scilicet
477 709 661 762 egregiis
683 708 896 749 ornabere
916 707 1061 747 victor
1081 707 1240 759 opimis
1259 706 1267 746 ἕ

278 775 419 818 Irruat
438 776 483 817 in
503 776 691 816 miseros
715 778 907 829 cognata
927 774 1124 826 potentia
1145 773 1280 813 cives.
1684 769 1744 814 55

277 906 406 945 [fferam
432 910 462 937 et
490 906 682 937 salutarem.-
717 906 886 937 remedium
913 905 1027 937 accidit
1052 916 1108 946 per
1133 905 1261 946 hostem,
1287 909 1317 937 et
1345 905 1411 945 ipse
1439 903 1590 936 Achilles
1623 904 1745 945 expulit

276 950 391 980 malum
406 950 485 989 quod
500 952 669 980 creaverat.
716 949 807 984 Quod
822 951 849 979 si
864 959 960 989 neque
968 949 1109 989 flecteris
1121 949 1275 989 precibus,
1292 959 1384 989 neque
1397 949 1542 989 lacrymis
1556 948 1639 987 ullis,
1654 946 1746 985 auser

275 992 358 1022 inihi
376 991 510 1022 balteum
530 991 718 1030 infiiustum,
742 992 846 1022 Musis
860 993 1032 1030 contemtis,
1055 991 1143 1029 aufer
1159 993 1237 1022 mihi
1253 992 1458 1031 dignitatem
1475 991 1654 1027 militarem,
1669 990 1745 1029 ejice

276 1045 325 1065 me
351 1035 483 1065 amicum
511 1039 547 1065 tu
575 1035 630 1075 qni
660 1034 754 1065 fuisti
782 1035 910 1066 αιηὶειιε.
956 1035 1118 1065 Nimirum
1143 1039 1178 1064 tn
1206 1034 1334 1065 referes
1350 1034 1514 1065 victoriam
1528 1034 1689 1073 egregiam
1708 1034 1745 1063 de

272 1077 367 1116 poeta
382 1075 518 1108 misero?
542 1077 703 1108 Nimirum
718 1081 753 1108 tu
775 1077 986 1116 triumphator
1000 1078 1150 1108 ditaberis
1175 1078 1282 1116 spoliis
1306 1075 1457 1108 eximiis?
1490 1077 1634 1107 Poteslas
1653 1085 1749 1116 popu-

277 1119 354 1151 laris
365 1120 528 1152 videlicet
543 1120 701 1161 irrumpat
717 1123 823 1151 contra
842 1121 934 1151 Cives
956 1120 1106 1158 infelices.
1163 1121 1280 1151 Patria
1301 1120 1468 1151 communis
1484 1119 1581 1151 nobis
1596 1118 1746 1151 exaudiat

894 1228 1128 1240 eeeeeeeeeeee

278 1300 307 1332 εὶ
327 1302 410 1334 Put.
427 1302 454 1333 si
470 1312 508 1333 ne
522 1302 618 1334 Med.
633 1312 702 1334 sec.
717 1312 771 1334 nec
789 1303 873 1343 fletu
897 1304 974 1335 Pal.
991 1304 1087 1334 Med.
1114 1313 1166 1344 pr.
1184 1302 1327 1343 flecteris
1347 1307 1415 1334 tres
1434 1301 1529 1333 Med.
1552 1302 1648 1333 Rott.
1664 1301 1747 1332 Var.

277 1344 350 1375 LL.
374 1354 392 1375 e
410 1354 518 1385 marg.
535 1345 651 1376 Parm.
679 1347 812 1376 vinceris
836 1347 902 1376 inc.
932 1347 1051 1377 Heius.
1069 1345 1235 1385 frangeris
1256 1347 1336 1377 Vat.
1365 1355 1416 1385 pr.
1441 1344 1559 1375 Ambr.
1589 1353 1638 1383 pr.
1665 1344 1747 1374 vat.

277 1387 390 1418 Livin.
404 1387 526 1418 Sched.
544 1387 635 1419 Gud.
653 1388 707 1418 ed.
725 1389 840 1418 Parni.
856 1388 1018 1418 Heinsius
1033 1398 1127 1429 seqq.
1143 1393 1334 1418 notaverat.
1344 1387 1507 1426 frangeris
1524 1386 1563 1416 V.
1578 1387 1615 1417 C.
1631 1386 1679 1416 sic
1691 1386 1748 1416 'ri-

276 1428 360 1460 bull.
376 1429 434 1460 lib.
449 1439 475 1460 1.
492 1430 587 1469 Eleg.
604 1439 684 1460 vm.
709 1432 716 1446 ‘
731 1431 887 1460 Desistas
901 1431 1091 1469 lacrimare,
1109 1440 1204 1470 puer,
1218 1440 1284 1460 non
1302 1429 1471 1469 frangitur
1488 1428 1566 1459 illa.²
1584 1429 1748 1466 Propert.

276 1471 336 1501 lib.
349 1479 388 1501 11.
409 1472 460 1502 El.
474 1479 583 1502 xvui.
606 1474 614 1489 ‘
631 1472 815 1512 Frangitur
828 1473 861 1502 in
876 1473 982 1503 tacito
995 1483 1086 1513 saepe
1100 1474 1214 1513 puella
1227 1472 1319 1503 viro.'
1345 1478 1379 1503 et
1393 1473 1443 1503 El.
1461 1480 1595 1503 xxvni.
1619 1473 1628 1488 ‘
1644 1472 1748 1502 Fran-

277 1513 370 1553 gitur
386 1518 421 1544 et
437 1514 542 1553 Juno,
554 1515 664 1556 siqua
681 1515 794 1555 puella
819 1515 931 1555 perit!
956 1515 1079 1546 Cicero
1096 1517 1128 1545 in
1155 1516 1274 1546 Bruto.
1303 1517 1311 1532 ‘
1325 1515 1458 1555 Injuria
1482 1519 1626 1554 accepta
1641 1513 1747 1553 fregit

278 1562 395 1587 tamen
411 1557 451 1588 C.
469 1557 661 1588 Gracchum
684 1558 851 1597 patientia
868 1557 1060 1588 Octavius!
1083 1558 1214 1588 moveris
1233 1558 1306 1588 Pal.
1325 1559 1389 1588 dno
1403 1557 1498 1588 Med.
1516 1557 1635 1587 Heius.
1654 1557 1749 1587 H.—

277 1602 318 1630 51
344 1608 423 1629 nunc
437 1609 584 1639 prospera
599 1599 671 1629 Pal.
689 1600 755 1630 duo
772 1599 867 1630 Med.
884 1599 1003 1630 deerat
1019 1604 1131 1631 autem
1145 1600 1199 1630 hic
1213 1610 1329 1630 versus
1345 1600 1421 1631 Vat.
1435 1604 1513 1630 tert.
1523 1600 1647 1638 cingula
1660 1608 1747 1639 pros-

275 1651 353 1682 pera
367 1640 488 1671 Ambr.
501 1651 553 1681 pr.
569 1642 731 1672 Heinsius
745 1651 838 1682 seqq.
854 1643 1043 1673 annotavit.
1068 1644 1076 1659 ‘
1098 1643 1231 1680 Cingula
1250 1644 1384 1682 proprie
1397 1646 1571 1679 gestamen
1588 1642 1748 1673 militare.

278 1684 346 1715 vid.
374 1683 520 1714 Casanb.
538 1683 580 1714 ad
599 1684 690 1715 Hist.
702 1683 792 1725 Aug.
811 1694 844 1724 p.
861 1687 933 1716 210.
951 1684 975 1715 f.
993 1685 1110 1715 eadem
1134 1695 1209 1716 cnm
1228 1686 1370 1723 baltheis,
1389 1685 1430 1716 de
1446 1685 1567 1726 quibus
1584 1684 1657 1714 fuse
1675 1684 1747 1715 Sal-

278 1736 362 1758 maS.
380 1735 413 1766 p.
426 1726 600 1757 295.’—52
625 1727 726 1766 Erige
738 1728 885 1758 militium
895 1727 990 1758 Med.
1005 1738 1070 1758 sec.
1088 1728 1235 1758 militiam
1248 1728 1398 1759 comitem.
1413 1738 1487 1758 cum
1499 1726 1605 1767 τελείᾳ
1618 1728 1748 1768 στιγμῇ,

277 1770 359 1800 Vat.
383 1778 436 1809 pr.
452 1779 507 1799 nec
521 1770 598 1808 pelle
614 1768 731 1800 Ambr.
749 1779 799 1810 pr.
817 1779 855 1800 ne
866 1771 944 1810 pelle
963 1771 1041 1801 Vat.
1060 1780 1109 1810 pr.
1127 1771 1200 1801 Pal.
1218 1771 1324 1801 Oisel.
1344 1777 1414 1801 tres
1431 1770 1525 1801 Med.
1539 1771 1654 1800 sodalis
1666 1771 1747 1802 Var.

277 1811 347 1843 LL.
363 1821 382 1842 e
393 1820 499 1851 marg.
514 1812 627 1842 Parni.
640 1817 675 1843 et
690 1813 938 1852 Raphel.sodali
952 1818 1096 1854 quatuor
1113 1814 1204 1844 Vatt.
1220 1814 1293 1844 Pal.
1310 1814 1404 1844 Rotr.
1418 1814 1524 1845 Oisel.
1540 1814 1668 1843 Bonon.
1679 1822 1748 1845 sec.

280 1854 402 1885 deerat
418 1864 499 1885 vero
518 1855 583 1885 inc.
599 1855 718 1886 Heius.
735 1855 788 1886 hic
805 1859 1020 1887 ve1·sus.——53
1045 1856 1182 1895 insignes
1195 1858 1232 1886 de
1246 1866 1276 1896 p.
1291 1860 1362 1887 vate
1376 1857 1549 1896 triumphos
1565 1861 1635 1890 tres
1651 1855 1747 1886 Med.

281 1896 351 1928 inc.
368 1896 486 1928 Heius.
505 1897 585 1928 Put.
602 1897 723 1928 Petav.
742 1908 794 1938 pr.
810 1899 942 1929 Bonon.
970 1898 1089 1929 Ambr.
1104 1908 1155 1939 pr.
1175 1899 1287 1930 Oxou.
1303 1909 1371 1929 sec.
1401 1900 1484 1929 Exc.
1504 1899 1580 1929 Pat.
1598 1908 1664 1928 rec.
1680 1899 1747 1929 Lu-

279 1949 376 1971 cens.
388 1949 438 1979 pr.
451 1940 503 1970 ed.
517 1940 630 1970 Pau-m.
649 1941 728 1971 Var.
740 1942 808 1972 LL.
822 1943 874 1971 ed.
887 1941 990 1972 Antv.
1003 1942 1355 1982 ingentes...triumphos
1369 1942 1496 1972 Moret.
1514 1951 1565 1981 pr.
1578 1941 1748 1979 insignis...

281 1981 460 2022 triumphus
474 1983 556 2013 Var.
574 1983 642 2013 LL.
657 1992 676 2014 e
692 1993 796 2023 marg.
813 1984 927 2014 Parni.
944 1985 1085 2023 egregios
1100 1986 1180 2025 dep.
1197 1988 1285 2015 nacte
1298 1985 1469 2023 triumphos
1482 1984 1611 2014 Buslid.
1625 1983 1748 2014 deerat

283 2029 397 2056 autem
414 2025 468 2055 hic
485 2034 601 2055 versus
620 2026 699 2056 Vat.
717 2035 785 2057 sec.
804 2031 840 2057 et
857 2031 939 2057 tert.
956 2027 1076 2058 Petav.
1100 2036 1166 2058 sec.
1187 2028 1335 2058 Florent.
1355 2027 1472 2057 Ambr.
1490 2031 1569 2057 tert.
1584 2025 1668 2057 Cod.
1686 2026 1748 2056 Ur-

279 2067 342 2100 siu.
359 2071 395 2099 et
410 2067 529 2109 Epigr.
545 2067 751 2101 Ambr.-—54
774 2073 805 2101 et
828 2070 934 2109 spoliis
961 2080 1020 2110 pro
1045 2070 1183 2110 egregiis
1207 2071 1292 2101 Exc.
1318 2071 1462 2101 Lucens.
1478 2073 1614 2110 pr.—-55
1640 2068 1748 2100 Irruut

949 2177 1089 2209 NOTAE

281 2261 365 2284 nera
392 2250 486 2283 ferro
517 2251 612 2284 facta
638 2253 805 2285 sanabat:
843 2254 908 2285 hac
934 2263 985 2285 sa·
1084 2257 1124 2284 51
1152 2252 1300 2293 Cingula]
1337 2252 1441 2292 Eripe
1471 2250 1552 2282 mihi
1582 2250 1747 2291 balteum,

282 2310 380 2333 nasse
402 2302 589 2342 Telephum
615 2302 751 2334 dicitur.
784 2304 877 2334 Hinc
906 2303 987 2335 Ovi·
1042 2309 1076 2335 et
1106 2305 1220 2334 omnia
1248 2303 1407 2334 militaria
1431 2301 1620 2342 privilegia.
1666 2302 1748 2333 Cin-

280 2352 377 2383 dius:
400 2351 409 2368 ‘
426 2353 500 2392 Ego
516 2353 690 2392 Telephon
706 2354 804 2384 hasta
830 2354 989 2393 Pugnan·
1043 2354 1122 2394 gulo
1158 2358 1271 2383 autem
1304 2353 1504 2393 quibusdam
1544 2353 1748 2384 caerimoniis

280 2406 352 2434 tem
382 2401 510 2441 domui,
537 2403 663 2433 victum
687 2408 911 2444 orantemque
937 2414 989 2435 re·
1042 2405 1202 2435 adhibitis
1217 2404 1471 2434 nobilesornari
1485 2407 1747 2434 consueverant.

280 2450 374 2483 feci.’
410 2453 455 2482 Et
471 2452 551 2482 alibi
567 2464 574 2482 :
599 2454 608 2468 ‘
626 2452 756 2483 Vulnus
773 2458 807 2483 et
824 2454 986 2484 auxilium
1085 2457 1125 2484 54
1151 2453 1292 2492 Scilicet]
1316 2454 1466 2483 Verbum
1480 2453 1604 2483 Ironiae
1618 2462 1748 2484 accom-

279 2502 396 2533 Pelias
429 2503 527 2533 hasta
553 2503 662 2533 tulit?
707 2503 741 2533 id
775 2508 837 2543 est,
868 2504 986 2535 eadem
1042 2506 1226 2536 modatum.
1259 2505 1425 2535 ‘Scilicet
1454 2505 1479 2534 is
1494 2503 1747 2545 Superislabor

281 2552 390 2593 hasta⁷
406 2554 460 2583 vel
486 2555 599 2594 potius
625 2562 743 2584 manus
760 2553 915 2593 Achillis,
932 2555 989 2595 qui
1039 2562 1092 2586 est
1104 2556 1123 2586 !'

282 2607 358 2634 erat
369 2603 455 2634 filius
472 2604 581 2643 Pelei,
597 2604 786 2634 vulneravit
803 2610 838 2635 et
856 2606 990 2636 sanavit
1088 2605 1225 2645 Opimis]
1251 2604 1376 2645 Opima
1387 2604 1496 2645 spolia
1513 2609 1591 2635 sunt
1604 2614 1657 2643 ea,
1670 2614 1746 2645 quae

282 2653 485 2694 Telephum,
508 2653 699 2694 mille-folio,
723 2659 761 2685 ut
789 2654 923 2695 qnidam
941 2655 991 2685 (li-
1042 2655 1111 2686 dux
1128 2655 1208 2687 duci
1234 2655 1407 2694 detrahit3
1443 2655 1503 2686 sed
1529 2655 1583 2686 hic
1611 2664 1747 2686 sumun-

283 2707 377 2735 eunt.
422 2703 569 2735 Achilles
584 2704 672 2736 enim
685 2714 704 2736 a
717 2705 864 2737 Chirone
879 2709 990 2737 artem
1042 2710 1098 2737 tur
1115 2706 1281 2738 Ιιόιιίεῶς.

282 2752 453 2785 medicam
467 2753 646 2786 didicerat.
1084 2759 1125 2787 55
1162 2757 1306 2797 Cognata
1339 2755 1495 2797 potentia]
1561 2755 1747 2788 Concessio
