1852 3182
570 161 620 191 ΙΝ
659 162 949 195 EU‘l'RoPIUM
987 166 1078 196 [ΑΒ.
1114 168 1144 198 1.

127 251 175 282 rei
216 251 377 283 Romanae
426 253 576 285 intentos
621 255 829 297 praetigurat.

129 302 246 332 Barth.

1471 162 1582 204 1463

879 267 943 289 non
958 263 1102 298 possunt
1119 261 1296 293 sustinere.
1331 264 1453 295 Clater.

923 311 985 338 253
1010 309 1075 339 Aut
1089 310 1164 349 quid
1180 311 1210 340 iu
1226 311 1279 342 hoc
1294 314 1379 343 vultu
1392 316 1506 354 poterit
1521 317 1585 357 sta.

168 355 230 383 2⁴4
256 353 361 383 Muris
376 354 457 384 nulla
467 353 566 395 fides]
592 355 702 386 Nemo
725 356 763 387 iis
781 362 830 388 tu-
876 368 970 397 grure
993 360 1126 400 ruboris]
1151 361 1337 401 Perperam
1362 365 1488 403 pudoris
1515 367 1584 407 alii,

126 405 181 432 tus
198 407 263 433 est.
310 403 385 434 Nec
412 408 560 443 constat,
586 404 707 445 iuquit,
735 413 831 438 certa

125 451 157 481 in
176 452 406 492 munimentis,
429 454 614 493 quamlibet
640 455 755 496 tirmis,
781 467 830 488 sa-

125 501 188 534 lus.
224 503 414 544 Populatus
437 509 552 534 autem
569 504 760 538 Gothorum
784 508 832 537 in-

125 554 253 594 telligit
291 554 462 585 Graeciam
501 556 718 586 vastantium.
776 557 830 589 Ad

125 603 238 635 Rufini
251 613 381 644 necem,
393 604 554 636 barbaros
567 605 724 646 foventis,
735 617 830 639 usum

124 656 283 696 Eutropii
319 666 423 696 opera
451 656 674 689 Stilichonem
710 660 833 702 scribit

124 705 302 737 Zosimus:
326 707 354 737 is
381 716 461 738 vero
488 717 564 739 cum
590 709 697 740 eversi
718 709 831 741 Rufini

123 755 230 787 haeres
246 755 355 788 factus
372 763 474 797 esset,
489 759 704 790 successibus
721 765 830 791 tanta-

125 819 198 840 rum
227 819 338 840 rerum
369 811 492 850 elatus,
517 811 671 844 obvertit
697 814 830 844 auctori

124 869 182 891 suo
200 870 349 899 cornua;
375 862 470 901 cujus
499 862 645 893 consiliis
672 872 734 903 per
749 864 830 894 Gai-

124 911 498 949 nem‚strenuissimum
525 911 644 952 virum,
671 918 751 953 post
776 918 829 944 est

121 960 309 993 submotus.
335 962 432 993 Idem.

166 1014 230 1042 248
252 1012 353 1051 Argei
378 1012 490 1052 pabula
511 1013 614 1053 siu-is]
650 1013 742 1054 Lego
767 1014 829 1045 Ar-

119 1063 205 1100 geia.
235 1063 336 1093 laude
352 1063 510 1094 Serenae:
535 1064 544 1079 ‘
559 1064 713 1095 delectus
729 1074 830 1104 equo-

123 1121 210 1149 rum,
238 1113 331 1145 Quos
354 1113 517 1153 Phrygiae
541 1118 680 1153 matres,
702 1113 828 1153 Argea-

124 1172 188 1203 que
205 1162 330 1204 pabula
355 1168 475 1203 pastae,
499 1163 634 1193 Semine
651 1164 829 1203 Cappado-

124 1222 200 1242 cum
235 1212 340 1242 sacris
371 1212 583 1253 praesepibus
613 1213 743 1244 edunt!
782 1214 827 1245 D.

125 1262 237 1294 Heius.

166 1316 229 1343 250
261 1313 334 1344 Flos
362 1313 464 1355 Syriae
487 1313 599 1354 servit]
634 1314 720 1345 Haec
747 1323 829 1345 vera

123 1364 239 1402 lectio,
256 1374 356 1405 quam
379 1364 455 1395 libri
478 1365 632 1396 meliores
658 1365 829 1405 exhibent,

122 1418 159 1444 et
177 1414 429 1454 Raphelengius
444 1419 593 1446 secutus.
627 1415 738 1455 Vulgo
757 1415 829 1446 Flos

122 1462 229 1503 Syrioe
248 1463 371 1500 servet.-
403 1464 500 1504 prim.
527 1464 683 1496 Vatican.
711 1470 746 1495 et
773 1465 829 1495 alii

124 1523 190 1545 nou
207 1515 319 1554 pauci,
330 1514 592 1555 Assyriusfervet
605 1515 725 1555 spoliis.-
742 1514 828 1546 frus-

123 1569 189 1595 tra.
212 1564 369 1596 Juvenal.
385 1566 456 1597 Sat.
470 1575 503 1596 v.
521 1566 529 1582 ‘
545 1565 607 1596 tibi
621 1565 739 1605 pocula
756 1575 830 1596 cur-

122 1624 178 1646 sor
202 1614 359 1647 Gaetulus
385 1616 494 1657 dabit,
518 1621 578 1647 aut
604 1616 692 1656 nigri
710 1626 827 1647 manus

123 1676 220 1697 ossea
244 1668 345 1698 servi.
391 1668 467 1698 Flos
494 1667 588 1698 Asiae
615 1672 694 1698 ante
717 1667 828 1707 ipsum

122 1717 236 1757 pretio
252 1718 383 1758 majore
407 1722 559 1758 paratus,
575 1718 685 1750 Quam
712 1717 777 1748 fuit
794 1722 829 1748 et

122 1766 214 1797 Tulli
241 1776 360 1799 census
385 1768 548 1808 pugnacis
575 1772 610 1798 et
626 1766 736 1798 Anci.'
783 1768 829 1798 Et

122 1827 204 1848 sane
220 1818 253 1849 in
271 1819 379 1859 primo
407 1819 578 1858 tertioque
594 1818 771 1848 Vaticanis
787 1827 827 1848 ac

124 1867 298 1898 Oiseliano
327 1878 389 1907 pro
414 1867 548 1897 diversa
572 1867 731 1906 lectione,
755 1867 829 1897 FIos

125 1916 211 1948 Asiae
226 1918 335 1948 servit.-
360 1917 409 1947 sic
427 1921 461 1947 et
474 1915 563 1947 ἄνθος
579 1916 724 1947 Graecis.
748 1916 828 1946 Plu-

123 1976 158 1997 ra
174 1967 227 1998 hic
244 1967 426 2004 Barthius;
443 1967 500 2007 qui
519 1972 631 1997 tamen
649 1975 828 2006 perperam

125 2026 257 2048 versum
290 2018 445 2057 proxime
475 2016 729 2057 praecedentem
758 2026 828 2047 sus-

123 2071 261 2107 pectum
279 2068 391 2098 habet.
416 2068 513 2098 Idem.

166 2120 228 2148 251
259 2118 361 2149 Vertit
377 2117 515 2155 fastidia
536 2117 664 2157 praedae]
697 2118 828 2149 Vertunt

123 2168 270 2199 Lucens.
296 2168 410 2199 Vatic.
437 2173 473 2198 et
499 2167 564 2198 duo
591 2168 661 2206 alii,
679 2178 740 2208 pro
758 2178 830 2198 ver-

123 2221 263 2257 tuutur;
298 2223 337 2249 ut
368 2227 461 2258 saepe
488 2218 609 2257 optimi
634 2217 828 2249 Latinitatis

122 2273 289 2299 auctores.
335 2267 437 2298 Libro
461 2275 500 2297 11.
526 2267 559 2297 iu
584 2267 803 2298 Stilichonem
819 2260 830 2297 zv

121 2319 134 2335 ‘⁷
148 2318 183 2349 in
211 2318 321 2357 legem
348 2316 502 2356 rapiendi
531 2321 683 2347 verterat
714 2327 791 2347 usus
807 2317 828 2347 :'

123 2367 292 2410 quomodo
307 2367 393 2398 bene
405 2365 514 2397 codex
526 2366 742 2398 Pricaeanus:
759 2367 828 2398 vul-

124 2418 308 2459 gatiusum.
334 2417 441 2448 Idem.

167 2470 230 2499 252
253 2468 385 2499 Servum
400 2466 592 2506 mollemque]
616 2467 828 2507 Impuratuin

122 2517 306 2556 hominem,
332 2517 486 2548 omuibus
512 2518 620 2548 modis
645 2517 771 2548 foedum
793 2522 828 2549 et

122 2566 294 2598 infamem.
317 2568 434 2599 Barth.

166 2617 298 2649 Servum
318 2618 460 2658 pudebit]
483 2619 581 2650 Servi
604 2619 705 2658 enim,
722 2625 759 2650 ut
775 2624 829 2651 est

125 2667 160 2699 in
187 2667 272 2700 cod.
293 2667 422 2700 Theod.
449 2668 588 2709 pudoris
613 2668 828 2710 dispendium

879 420 952 440 cum
968 412 1095 450 puderet
1115 413 1347 450 praecesserit:
1379 415 1464 444 male
1482 417 1585 448 etiam

879 471 1024 501 superare
1039 473 1098 503 pro
1106 463 1250 503 flagrare
1264 464 1432 496 Gruterus
1445 475 1486 496 ex
1500 466 1585 498 Isin-

881 513 965 550 grini
984 513 1067 544 libro
1085 520 1203 545 contra
1227 514 1328 546 fidem
1353 515 1492 547 aliorum
1516 526 1585 548 om—

881 561 983 592 nium.
1007 562 1189 601 Vulgatam
1208 569 1300 594 recte
1319 570 1434 596 tuetur
1452 565 1493 596 ad
1510 566 1585 598 Sta-

882 611 965 641 tium
982 611 1175 642 Gronovius
1195 624 1236 643 ex
1262 615 1326 644 illis
1342 616 1470 646 Valerii
1489 616 1585 648 Flau-

882 660 932 690 ci:
960 661 969 676 ‘
988 661 1253 703 Flagrautcsque
1271 674 1370 702 genas
1388 665 1471 697 vidit
1486 666 1585 698 mise-

882 719 1024 751 rumque
1042 712 1227 751 pudorem!
1250 713 1296 743 D.
1313 713 1426 744 Heius.

930 760 1189 802 Vultuflagrare]
1204 764 1292 794 Sane
1307 765 1441 804 qualem
1459 769 1494 796 tu
1510 765 1589 798 hac·

882 815 979 842 tenus
996 812 1220 853 descripsisti.
1246 815 1360 846 Barth.

922 864 984 893 254
1003 863 1066 893 Pro
1083 864 1211 904 victore]
1228 865 1325 904 vice,
1343 866 1490 905 nomine,
1506 867 1586 900 Vic-

881 913 973 944 toris.
1017 914 1152 946 Pariter
1169 916 1354 947 Claudiano
1371 917 1509 949 Curtius
1523 919 1584 951 lib.

880 972 930 994 ιν.
953 965 961 980 ‘
976 965 1063 996 Nam
1081 966 1181 997 dubio
1197 967 1304 998 adhuc
1321 977 1443 1008 pugnae
1458 974 1584 1000 eventu

881 1022 942 1052 pro
957 1014 1085 1046 victore
1101 1026 1134 1046 se
1145 1017 1262 1056 gessit,
1276 1019 1449 1057 perculsos
1461 1018 1584 1049 deinde

880 1063 995 1095 hostes
1009 1064 1118 1105 fudit‚'
1136 1070 1200 1098 (τε.

924 1113 1070 1145 Peditum
1096 1116 1224 1155 vexilla]
1252 1117 1328 1147 Non
1355 1117 1444 1148 euim
1468 1117 1584 1159 digna-

880 1167 936 1193 tur
952 1166 1115 1205 equestri,
1132 1172 1168 1197 ut
1186 1167 1292 1198 videri
1307 1168 1389 1207 vult,
1414 1168 1585 1209 dignitate

880 1213 1090 1246 Eunuchum.
1114 1215 1231 1246 Barth.

924 1263 1070 1294 Peditum
1080 1266 1193 1296 vexilla
1202 1268 1383 1308 sequuntur]
1402 1267 1503 1300 Unum
1515 1279 1585 1302 rex.

882 1314 1024 1346 Lucens.
1041 1321 1075 1347 et
1092 1317 1312 1357 Gyraldiuus.
1339 1318 1448 1350 Aldus
1464 1324 1500 1352 et
1517 1326 1584 1352 tre-

880 1366 988 1397 decim
1008 1367 1140 1408 scripti,
1155 1372 1228 1399 tunc
1249 1379 1332 1400 cum:
1355 1379 1465 1411 neque
1482 1370 1584 1402 aliter

880 1417 976 1457 prim.
992 1418 1180 1449 Vaticanus
1197 1429 1257 1459 pro
1273 1419 1409 1450 diversa
1424 1421 1585 1460 lectione,

879 1473 915 1498 et
938 1473 1104 1508 excerpta
1131 1469 1374 1509 Pomponiana.
1405 1469 1586 1510 Junianus,

879 1512 932 1552 c—c.
949 1530 991 1552 au
1007 1520 1151 1554 centum?
1175 1522 1228 1553 vcl
1244 1521 1415 1561 comitum?
1433 1522 1584 1554 Probem

878 1571 980 1602 etiam
1010 1570 1048 1601 τὸ
1076 1582 1187 1602 unum:
1224 1577 1260 1603 ut
1290 1573 1371 1603 redit
1403 1582 1464 1613 pro
1489 1573 1584 1604 rediit

879 1625 1055 1652 contracte
1080 1622 1216 1662 dixerit,
1240 1623 1328 1663 quod
1356 1623 1522 1662 syllabam
1548 1624 1587 1654 il-

880 1671 945 1701 lam
970 1672 1102 1711 longam
1130 1671 1213 1702 facit
1236 1672 1326 1712 apud
1351 1671 1493 1712 poetas:
1526 1681 1584 1702 ex-

879 1721 991 1760 empla
1016 1722 1140 1761 passim
1155 1722 1266 1752 obvia.
1311 1722 1378 1752 Sed
1401 1732 1475 1753 cum
1499 1732 1585 1763 prce-

880 1773 933 1800 ter
948 1769 1073 1801 Aldum
1090 1775 1125 1802 et
1141 1771 1277 1802 codices
1294 1771 1366 1811 jam
1392 1771 1504 1802 dictos
1526 1782 1596 1803 ex-.

879 1825 1000 1859 cei-pta
1033 1829 1164 1860 quoque
1202 1821 1383 1860 Pomponii
1418 1821 1517 1859 Laeti,
1547 1826 1584 1853 et

878 1869 1088 1909 Pricaeauus,
1105 1873 1178 1901 tunc
1191 1880 1260 1900 cum
1274 1870 1468 1910 exhibeant,
1482 1870 1583 1911 idque

879 1919 988 1958 ipsum
1016 1920 1144 1959 primus
1160 1920 1347 1951 Vaticanus
1361 1930 1494 1961 qnoque
1522 1929 1583 1961 pro

878 1969 1014 2000 diversa
1037 1970 1186 2001 lectione
1212 1970 1388 2010 praeferat,
1417 1971 1536 2010 opinor
1563 1981 1583 2002 a

879 2019 1056 2051 Claudiani
1083 2030 1182 2051 manu
1198 2031 1284 2060 esse,
1301 2026 1443 2052 truncum
1468 2022 1584 2053 vexilla

877 2075 1063 2109 sequuntur.-
1087 2071 1134 2101 sic
1150 2071 1292 2101 eundem
1311 2071 1512 2111 Eutropium
1525 2072 1585 2103 sti-

877 2121 974 2160 pitem
989 2131 1122 2161 quoque
1148 2122 1340 2161 appellarat
1363 2131 1486 2161 supra:
1510 2122 1519 2137 ‘
1535 2122 1582 2153 Et

879 2170 960 2200 nihil
977 2171 1143 2201 exhausto
1164 2176 1329 2211 caperent
1353 2180 1370 2201 e
1399 2170 1518 2211 stipite
1534 2171 1583 2202 lu-

879 2220 949 2251 cri.'
995 2221 1133 2251 Truncus
1169 2221 1284 2258 etiam,
1314 2226 1350 2251 ut
1377 2221 1504 2251 alludat
1537 2221 1580 2252 ad

879 2275 1036 2301 truncata
1061 2271 1223 2301 membra.
1269 2271 1371 2311 Apud
1386 2271 1581 2302 Terentium

880 2321 1008 2352 Heaut.
1044 2321 1193 2352 convitia
1229 2321 1351 2352 similia
1384 2325 1582 2360 occurrunt,

877 2372 886 2387 ‘
903 2370 1058 2409 caudex‚'
1082 2370 1090 2386 ‘
1109 2370 1240 2410 stipes,¹
1264 2372 1273 2388 ‘
1291 2370 1426 2408 asinus,'
1451 2372 1459 2387 ‘
1476 2370 1583 2411 plum-

879 2420 986 2451 beus.'
1011 2421 1054 2451 D.
1073 2420 1183 2451 Heius.

920 2473 982 2501 255
1006 2471 1131 2502 Turmoe
1145 2469 1277 2510 similes]
1299 2470 1426 2500 Turnia
1443 2469 1581 2510 proprie

878 2520 1069 2560 manipulus
1085 2520 1258 2560 Equitum.

923 2569 1214 2609 Eumae-horumque]
1247 2569 1317 2599 Per
1332 2568 1515 2599 convitium
1530 2568 1582 2600 ita

878 2620 1019 2651 militem
1036 2619 1251 2650 Orientalem
1274 2624 1411 2659 vocant,
1437 2623 1474 2650 ut
1490 2618 1582 2650 infra

878 2667 1033 2711 pluribus
1050 2673 1210 2713 testatur,
1231 2669 1314 2702 luxu
1329 2669 1451 2702 ducum
1464 2667 1579 2701 mirifi-
