1851 3213
234 193 347 233 1440

235 297 366 329 monuit
382 307 455 329 esse
472 296 724 338 corrigendum.
769 295 944 336 Scriptum

236 348 398 380 videlicet
412 353 489 379 erat
505 347 547 379 ab
572 347 730 388 imperita
745 351 803 376 aut
822 355 944 386 prope-

235 399 324 431 ranti
349 409 462 439 manu,
486 399 600 430 Notior
620 401 664 428 est
681 397 847 436 Stelicone,
864 396 944 426 dua-

234 450 297 481 bus
315 449 562 490 posterioribus
577 448 686 478 liter-is
698 447 753 477 τοῦ
763 450 808 477 est
823 456 943 486 perpe-

235 509 306 530 ram
334 499 502 539 repetitis,
528 502 563 528 et
588 497 712 527 omissa
735 496 942 536 aspiratione

235 551 269 581 in
287 550 447 581 Helicone.
473 549 529 590 qui
554 557 688 579 errores
705 548 737 578 in
754 546 943 578 vetustissi-

235 602 298 632 mis
315 599 518 632 membranis
544 598 742 640 frequentes
760 597 942 629 admodum

235 654 431 682 occurrunt.
491 649 641 680 Dubium
669 649 747 679 milri
781 658 847 679 non
879 653 943 688 est,

234 702 370 740 Lector,
400 700 482 741 quin
519 709 653 730 mecum
685 698 942 739 subscripturus

235 751 280 782 sis
311 751 484 791 palmariae.
516 750 593 781 huic
633 749 842 780 restitutioni
874 749 943 779 loci

235 801 334 832 valde
352 801 520 841 perplexi.
564 801 674 830 Paulo
700 804 779 830 ante
795 799 944 838 dixerat,

234 856 363 890 noster,
376 852 384 867 ‘
397 850 579 881 Concinuit
596 849 678 880 felix
687 849 860 888 Helicon,'
873 854 945 880 tan-

235 911 335 944 quam
356 900 534 932 Theodoro
561 909 776 940 nequaquam
803 899 942 929 alienus.

234 953 313 983 hinc
337 952 439 983 etiam
464 950 546 982 illud
573 951 711 981 Uraniae
733 951 833 991 paulo
851 954 944 989 ante,

234 1013 366 1034 sorores
384 1002 600 1044 alloquentis,
618 1005 625 1019 ‘
643 1002 723 1043 quin
741 1002 854 1033 limina
867 1011 943 1033 nos-

236 1054 279 1084 tri
297 1053 452 1085 Consulis
477 1056 513 1083 et
538 1062 670 1093 semper
697 1052 844 1084 dilectas
868 1053 945 1084 visi-

236 1114 310 1135 mus
335 1103 452 1134 aedes?
500 1104 579 1134 Nou
607 1103 808 1134 inconcinne
838 1104 943 1134 etiam

235 1155 342 1194 legas,
382 1154 497 1185 Notior
527 1155 592 1184 hoec
628 1154 783 1185 Helicone
817 1155 945 1184 donzus:

237 1205 326 1236 Haec
342 1204 461 1235 domus
478 1204 590 1235 notior
607 1210 659 1234 est
675 1204 772 1234 nobis
787 1204 861 1243 ipso
875 1204 944 1234 He-

236 1254 360 1285 licone.
386 1255 431 1284 D.
448 1254 561 1284 Heius.

280 1307 343 1335 280
368 1304 481 1334 Fasces
494 1303 626 1334 subiisse
648 1302 738 1342 libet]
772 1302 843 1334 Sub
871 1302 942 1343 ejus

237 1356 438 1396 magistratu
453 1355 598 1386 censeri.

280 1408 438 1438 Miracula
446 1406 544 1446 plebi]
571 1406 790 1436 Portentosas
806 1404 945 1444 bestias,

236 1458 390 1489 miraculi
403 1457 512 1488 instar
525 1457 674 1497 singulas
688 1455 862 1487 videndas.
879 1456 944 1486 Mi-

236 1509 386 1548 raculum,
417 1507 576 1549 quicquid
606 1511 783 1547 stuporem
817 1510 943 1544 movet,

237 1560 399 1591 inusitata
412 1558 532 1599 figura.
556 1558 675 1589 Barth.

280 1614 341 1642 281
371 1612 487 1642 Nomen
508 1609 672 1649 celebrate]
710 1609 828 1640 Musas
855 1610 943 1640 ccle-

238 1662 339 1691 brare
370 1661 404 1691 id
434 1661 603 1699 hortatur,
631 1659 721 1700 quod
747 1660 848 1691 nullis
876 1670 943 1690 non

237 1711 376 1742 Musicis
393 1711 626 1741 instrumentis
639 1711 772 1740 theatra
784 1720 944 1750 persona-

237 1761 330 1792 bant.
375 1761 511 1791 Nomen
535 1760 670 1800 adjicit,
694 1761 771 1800 quia
793 1760 945 1790 nomina-

236 1812 297 1842 tim
314 1810 347 1841 in
370 1810 545 1850 plausibus
561 1809 740 1841 ciebantur
756 1815 944 1851 praesentes

239 1861 385 1893 Heroas.
409 1859 506 1891 Iclem.

280 1914 344 1943 282
366 1912 457 1942 Jovis
476 1910 626 1951 oequorei]
662 1911 825 1951 Neptuno
853 1911 944 1942 dica-

239 1969 292 1995 tus
311 1962 428 1993 Circus
445 1961 630 1992 Maximus.
655 1962 752 1992 Idem.

279 2015 343 2044 284
375 2012 489 2052 Arion]
534 2012 650 2052 Equus
680 2010 804 2042 fabulis
834 2016 944 2044 notus.

239 2064 337 2094 Idem.

280 2117 342 2145 285
368 2113 510 2145 lilasi-ret
532 2113 647 2144 circam
673 2113 810 2153 sonipes]
845 2113 944 2144 Lecti

238 2174 281 2195 ex
299 2164 402 2195 certis
428 2164 494 2194 oris
518 2164 605 2205 equi.
653 2163 708 2194 Sic
729 2164 945 2204 Phrygiarum

239 2213 433 2254 subjugatio
478 2214 703 2244 maximarum
756 2214 942 2245 editionum

237 2263 444 2305 praetoribus
470 2264 672 2295 conceditur
696 2275 714 2295 a
734 2265 883 2296 Valente
908 2271 944 2296 et

238 2313 495 2347 Valentiniano.
520 2323 644 2346 1..X1x.
665 2315 708 2345 de
735 2315 884 2346 Praetor.
909 2320 946 2346 et

240 2365 413 2397 Quaestor.
426 2363 464 2394 C.
474 2364 603 2394 Theod.
629 2365 843 2405 Hispanorum
853 2375 945 2396 meu-

238 2415 288 2446 tio
313 2413 465 2455 plurimis
482 2414 566 2444 locis
584 2415 674 2454 apud
693 2416 945 2456 Symmachum,

239 2467 304 2496 ὅτε.
349 2464 472 2494 Varios
490 2474 594 2504 equos
610 2465 759 2495 nominat
787 2466 944 2496 Claudia-

238 2524 311 2554 nuS‚
326 2514 370 2545 ob
386 2513 571 2553 fastidium,
587 2513 676 2554 quod
694 2515 791 2544 unius
810 2516 944 2555 generis

239 2574 361 2605 greges
378 2565 504 2604 populo
521 2563 707 2595 faciebant.
731 2564 829 2595 Idem.

282 2615 426 2656 Sonipes]
451 2614 564 2645 Ludos
581 2614 760 2645 Circenses
774 2614 942 2654 designat.

239 2665 281 2697 In
297 2666 400 2697 Circo
425 2664 529 2695 fuisse
553 2663 669 2695 δώδεκα
693 2662 794 2704 θύρας,
816 2664 864 2694 ait.
881 2665 943 2695 Ce-

239 2716 377 2754 drenus,
395 2725 470 2756 quae
487 2713 639 2745 referant
654 2715 710 2745 τοῦ
725 2714 876 2744 Ζωδιακοῦ
891 2712 943 2744 κύ-

241 2771 319 2797 κλου
330 2765 429 2797 οἴκους
441 2764 565 2798 δώδεκα.
583 2764 749 2807 additque
762 2774 822 2807 per
834 2765 943 2796 solum

461 201 605 233 NOTAE
638 202 905 234 VARIORUM
940 202 989 231 IN
1026 201 1102 232 GL.
1134 201 1320 232 CLAUD.
1355 201 1484 231 XV11.

996 294 1133 324 Terram
1165 295 1384 325 universam:
1427 303 1490 334 per
1527 292 1706 334 Euripum,

996 353 1089 374 mare
1108 344 1262 384 intelligi.
1289 345 1412 375 Claver.

1038 399 1101 428 287
1125 397 1248 436 Stagna
1268 396 1361 436 Tagi]
1401 395 1608 427 Notissimus
1626 395 1705 427 His-

996 448 1109 488 pauiae
1127 448 1246 486 amnis,
1266 457 1349 478 auro
1365 445 1484 477 fluens.
1509 445 1626 477 Barth.

1039 500 1102 529 288
1118 497 1283 538 Liquidas]
1312 497 1340 527 A
1356 501 1525 537 perpetua
1541 495 1705 526 unctione

996 549 1281 580 Pailaestritarum.
1328 548 1419 578 Hinc
1444 546 1576 577 lubricos
1598 546 1705 586 ipsos-

995 604 1065 630 met
1079 603 1182 630 vocat
1204 598 1374 638 Sidonius,
1402 597 1459 628 lib.
1476 606 1517 627 11.
1541 596 1652 637 Epist.
1670 598 1704 626 2.

996 650 1092 681 Idem.

1038 700 1184 739 Alciden]
1208 699 1310 730 Ovid.
1334 700 1342 715 ‘
1361 697 1481 729 Altera
1506 706 1585 737 pars
1611 695 1705 727 Circi

995 751 1138 783 custode
1156 751 1218 781 sub
1237 751 1387 781 Hercule
1403 755 1478 781 tuta
1494 748 1566 780 est!

1037 803 1102 831 289
1128 801 1247 830 Cuncta
1275 798 1491 838 Palaemoniis]
1531 799 1633 830 Uncta
1659 798 1705 829 le·

996 852 1119 892 gebam
1137 851 1331 893 aliquando.
1357 850 1416 881 sed
1434 851 1572 891 vulgata
1587 849 1704 881 defen-

996 903 1030 934 di
1049 907 1174 944 potest.
1200 903 1247 933 D.
1267 902 1378 933 Heius.

1041 953 1256 993 Palaemoniis]
1296 952 1431 983 Alludit
1475 951 1704 983 nobilissimas

995 1004 1197 1035 Grzccarum
1210 1004 1344 1035 urbium
1359 1004 1550 1044 palaestras,
1561 1013 1703 1045 quarum

997 1054 1170 1095 Olympiae
1199 1054 1298 1085 Elide
1329 1054 1513 1086 celebratae
1544 1055 1578 1085 in
1602 1055 1705 1085 hono-

995 1114 1066 1135 rem
1082 1105 1192 1144 Jovis,
1220 1105 1373 1136 Isthmiae
1400 1105 1607 1136 Palaemouis
1635 1114 1706 1136 me·

993 1156 1110 1186 morioe
1130 1155 1311 1186 institutae.

1038 1205 1229 1244 Explorato]
1246 1206 1463 1245 Examinata,
1477 1205 1618 1237 subacta
1630 1215 1704 1237 cre-

995 1253 1063 1284 bris
1089 1254 1345 1285 certaminibus.
1407 1256 1571 1295 Papinius
1607 1257 1703 1297 Equo

994 1304 1173 1335 Maximo:
1218 1304 1365 1346 ‘Atque
1400 1305 1595 1346 exploratas
1627 1305 1703 1346 jam

994 1353 1113 1384 laudet
1129 1353 1236 1385 Vesta
1253 1354 1446 1386 ministras!

1041 1404 1184 1445 Coronis]
1222 1405 1413 1446 Agonibus,
1446 1403 1705 1436 certaminibus.

997 1455 1114 1486 Barth.

1038 1509 1100 1537 291
1125 1507 1214 1546 Jaga
1233 1505 1380 1547 Taygeti]
1403 1505 1504 1537 Mons
1517 1503 1706 1537 Laconiaefl

1040 1557 1194 1597 Mcenala]
1219 1556 1378 1588 Arcadiae
1406 1557 1440 1587 in
1464 1557 1579 1597 Tegea
1594 1566 1704 1587 mons.

996 1608 1114 1639 Barth.

1040 1662 1102 1690 292
1132 1659 1250 1690 Trivia?
1265 1659 1409 1700 supplex]
1445 1657 1502 1689 Ob
1526 1666 1705 1689 successus

997 1710 1199 1740 venationis.
1225 1711 1322 1741 Idem.
1521 1727 1525 1732 ν

1040 1763 1102 1790 293
1125 1760 1276 1800 Latonia]
1301 1761 1395 1791 Mars
1419 1764 1456 1791 et
1481 1759 1596 1791 Diana
1619 1761 1705 1791 utri-

996 1819 1102 1850 usque
1132 1810 1218 1841 Ludi
1247 1809 1423 1850 praesules,
1453 1814 1593 1841 auctore
1623 1810 1706 1841 Ter-

997 1860 1073 1891 tull.

1039 1913 1102 1941 294
1149 1912 1239 1942 Colla
1269 1911 1414 1950 serarum
1449 1910 1531 1942 Arte
1566 1911 1705 1952 premat]

996 1961 1264 2002 Constrangulet
1281 1961 1415 2003 injectis
1431 1960 1587 1992 manibus
1604 1966 1640 1992 et
1655 1962 1704 1993 la-

996 2012 1098 2043 certis
1113 2012 1265 2043 belluas:
1291 2012 1382 2052 Arte,
1406 2012 1561 2053 agilitate
1583 2021 1704 2053 corpo-

996 2062 1041 2092 ris
1059 2061 1225 2102 intellige,
1248 2072 1315 2103 qua
1340 2062 1412 2093 sola
1434 2066 1607 2094 tantarum
1631 2061 1704 2093 bel-

994 2113 1125 2144 luarum
1164 2114 1309 2144 insultus
1347 2112 1496 2145 evadere
1530 2116 1706 2154 poterant.

995 2164 1110 2195 Barth.

1038 2217 1101 2245 295
1125 2213 1206 2245 Arte
1219 2213 1335 2254 ligent]
1369 2214 1549 2247 Quomodo
1565 2214 1637 2246 haec
1652 2214 1703 2245 in-

995 2264 1184 2304 telligenda
1200 2264 1279 2304 sint,
1294 2264 1399 2295 docet
1419 2264 1461 2295 ad
1485 2264 1586 2295 silvas
1601 2263 1703 2295 Statii

996 2313 1202 2353 Gronovius,
1229 2323 1258 2344 c.
1274 2316 1327 2344 25.
1352 2319 1388 2344 et
1414 2314 1508 2344 illum
1533 2314 1596 2344 hoc
1625 2313 1701 2343 loco

995 2368 1128 2395 secutus
1151 2364 1242 2395 curis
1267 2364 1425 2395 secundis
1450 2364 1626 2395 Barthius.
1648 2361 1701 2393 fa-

995 2419 1109 2445 cessat
1125 2424 1206 2454 ergo
1224 2414 1375 2444 Marcilii
1391 2412 1702 2454 Conjectura‚Arte

995 2466 1109 2504 legant.
1134 2474 1209 2496 cum
1239 2463 1277 2494 τὸ
1300 2465 1384 2502 legat
1413 2463 1568 2504 proximo
1599 2471 1701 2493 versu

995 2514 1222 2556 praecesserit.
1247 2515 1291 2544 D.
1309 2514 1420 2544 Heius.

1037 2563 1171 2603 Ligent]
1186 2562 1376 2603 Θηριόμαχοι
1389 2563 1477 2593 enim
1491 2572 1612 2603 operas
1623 2572 1699 2594 suas

993 2616 1028 2646 in
1043 2615 1075 2645 id
1089 2614 1260 2651 locabant,
1274 2619 1333 2644 aut
1348 2613 1700 2654 bestiarumjugulum

995 2670 1128 2706 petere,
1146 2671 1204 2695 aut
1228 2668 1349 2703 pectus
1376 2663 1544 2695 venabulo
1566 2662 1702 2695 fodere.

994 2713 1086 2754 apud
1104 2712 1206 2744 Ovid.
1224 2713 1310 2754 legi:
1334 2712 1344 2730 ‘
1362 2712 1514 2745 Guttura
1530 2713 1637 2755 ligare
1652 2714 1699 2743 la-

993 2762 1104 2806 queo?
1130 2763 1254 2796 elaver.
