1851 3213
935 237 1050 279 1196

273 344 442 387 Praeter
467 345 548 386 hos
581 344 692 385 duos
713 344 831 385 fuere
863 344 918 384 ad
944 354 1124 383 manum
1146 341 1435 396 exemplaria,
1461 353 1599 383 unum
1619 339 1735 381 Wil-

270 414 400 455 helmi
430 412 635 461 Moeram,
671 412 789 452 aliud
826 411 1040 464 Episcopi
1071 409 1410 459 Lincolniensis,
1441 410 1545 449 bina
1574 408 1737 449 biblio-

270 481 409 522 thecae
432 481 684 528 Vaticauae,
714 478 929 518 Mcdiceae
958 478 1151 526 unicum,
1182 477 1364 517 alterum
1397 475 1659 517 Hafniensis
1688 475 1733 515 in

273 548 433 597 Dama,
467 553 561 588 tum
598 552 640 587 et
671 546 855 586 Thomae
889 545 1151 594 Bartholini,
1184 544 1272 584 duo
1310 545 1496 598 denique
1530 557 1585 583 ex
1623 541 1735 582 meis

271 616 446 657 scriniis
469 616 719 668 depromta,
739 619 783 653 et
809 614 909 655 haec
938 614 1116 667 quidem
1145 613 1399 654 recentioris
1426 618 1542 653 notae
1571 610 1735 660 omnia,

272 684 350 724 sed
373 697 470 737 quae
508 687 651 723 tamen
681 682 907 722 evolvisse
938 694 1026 721 non
1059 681 1209 721 nolim.
1271 680 1450 720 Incerto
1484 678 1652 720 auctori
1689 681 1739 718 ut

270 750 502 804 plurimum
523 751 618 790 haec
640 749 797 800 Elegia
830 748 1075 796 ascribitur,
1105 760 1239 799 quam
1262 747 1520 787 sententiam
1543 745 1738 798 Scaliger

272 831 449 872 quoque
470 821 534 857 est
556 820 749 856 secutus.
813 814 1023 855 Barthius
1055 814 1280 855 Venantio
1303 814 1546 854 Fortunato
1569 825 1742 853 assere·

270 885 361 934 bat,
383 884 616 924 Theodulo
649 882 937 923 Sirmondus:
982 895 1211 936 perperam
1244 886 1442 935 uterque.
1506 880 1593 920 Sed
1615 879 1738 920 aliter

270 952 395 1005 longe
418 964 536 1000 sueS,
561 951 685 991 aliter
707 950 858 999 catuli,
882 949 1003 1002 quod
1036 954 1106 989 est
1136 949 1182 989 in
1204 949 1457 1003 proverbio.
1518 947 1738 987 Plurimus

271 1020 385 1060 enim
405 1020 518 1059 nitor
539 1019 720 1072 ubique,
751 1018 940 1071 plurima
965 1022 1010 1058 et
1030 1017 1141 1058 felix
1164 1017 1388 1059 aemulatio
1411 1015 1640 1069 poetarum
1660 1027 1740 1067 op-

270 1089 473 1129 timorum
495 1086 663 1139 passim
685 1086 730 1125 in
750 1086 833 1126 hoc
866 1086 1087 1139 opusculo
1118 1089 1314 1139 apparet.
1376 1083 1526 1134 Quare
1547 1083 1740 1124 Lactan-

270 1155 319 1196 tii
342 1155 577 1208 genuinum
599 1166 696 1193 esse
717 1152 832 1193 hunc
853 1153 1007 1194 foetum
1039 1153 1236 1193 dubitari
1257 1152 1314 1192 sit
1332 1152 1470 1200 nefas,
1492 1150 1739 1204 praesertim

272 1236 371 1263 cum
411 1222 692 1262 veterrimum
726 1219 882 1260 Vossii
917 1220 1144 1273 exemplar
1175 1220 1289 1260 hanc
1326 1219 1651 1272 inscriptionem
1686 1217 1738 1259 li-

272 1290 409 1344 quido
431 1288 644 1337 ostendat,
677 1286 817 1327 Versus
853 1285 1066 1327 Lactantii
1101 1287 1148 1327 de
1186 1289 1277 1327 Ave
1316 1285 1535 1326 Phoenice:
1583 1284 1662 1325 sed
1695 1289 1740 1326 et

271 1357 630 1398 Bartholinianus
667 1354 824 1404 codex,
850 1353 1068 1394 Lac-cantii
1106 1352 1313 1394 Fir-miani
1341 1354 1388 1394 de
1424 1360 1516 1393 ονΐιι
1549 1359 1586 1392 et
1623 1351 1738 1392 obitu

275 1422 480 1464 Plzoenicis
502 1436 662 1462 carmen
689 1420 1042 1476 elegantissimum.
1104 1421 1271 1462 Praeter
1294 1421 1427 1462 hosce
1446 1425 1532 1461 tres
1554 1420 1632 1460 alii
1654 1420 1738 1460 sub

270 1492 400 1533 finem
421 1490 636 1545 poematii
653 1490 887 1531 Lactantio
906 1489 953 1529 id
972 1489 1145 1531 disertis
1166 1489 1316 1530 verbis
1338 1482 1576 1531 ascribunt.
1639 1487 1738 1528 Nec

271 1561 521 1600 obnitentes
548 1562 681 1612 atque
708 1559 753 1598 in
784 1558 1001 1598 contraria
1021 1562 1174 1600 euntes
1196 1557 1435 1611 quicquam
1450 1556 1599 1610 juvat,
1621 1554 1738 1609 quod

272 1626 330 1667 D.
353 1626 654 1680 Hieronymus
675 1626 720 1665 in
742 1625 948 1676 catalogo
984 1638 1166 1679 operum
1194 1624 1584 1664 Lactantianorum
1607 1622 1739 1676 hujus

270 1694 410 1735 libelli
442 1707 495 1733 ne
529 1693 752 1733 minimam
791 1691 971 1745 quidem
1006 1692 1274 1732 mentionem
1308 1691 1438 1731 facit:
1473 1690 1640 1743 quippe
1662 1688 1738 1743 qui

266 1762 483 1816 justorum
499 1763 666 1800 tantum
686 1759 961 1800 voluminum
990 1759 1080 1799 illic
1115 1759 1305 1798 indicem
1327 1761 1550 1798 contexat.
1612 1757 1739 1798 Non-

271 1829 391 1871 nulla
410 1828 542 1869 etiam
574 1828 617 1867 in
647 1828 730 1868 hoc
758 1826 984 1880 poematio
1013 1831 1243 1867 occurrunt
1273 1826 1592 1866 Ethnicismum
1613 1825 1737 1866 redo-

269 1897 420 1946 lentia,
440 1896 595 1949 sate-or.
658 1894 745 1935 Sed
766 1898 810 1935 et
840 1894 924 1935 hoc
954 1897 1253 1946 argumentum
1287 1906 1470 1947 prorsus
1490 1892 1739 1933 invalidum

271 1970 355 2013 est,
376 1964 464 2004 nisi
487 1962 721 2003 ostendant
741 1962 1020 2002 Lactantium
1049 1960 1324 2002 Ethnicismo
1346 1973 1573 2013 nunquam
1593 1960 1738 2001 imbu-

271 2037 363 2073 tum
398 2031 556 2080 fuisso,
579 2030 658 2071 sed
689 2030 895 2070 haustam
925 2029 1194 2082 ductamque
1214 2029 1268 2068 ab
1290 2029 1364 2069 illo
1387 2041 1486 2069 cum
1508 2028 1621 2069 lacte
1643 2041 1738 2069 ma-

271 2105 392 2140 terno
423 2099 675 2151 religionem
709 2096 1035 2139 Christianam:
1069 2097 1186 2150 quod
1218 2107 1332 2149 aegre
1353 2096 1480 2136 nobis
1501 2095 1737 2149 persuade-

270 2168 392 2208 bunt.
467 2166 600 2207 Nunc
636 2165 805 2218 Elegiae
840 2164 1139 2206 emaculandae
1177 2177 1258 2217 pro
1295 2163 1408 2204 virili
1445 2163 1736 2216 accingamur.

271 2235 358 2283 Tu,
380 2235 439 2274 mi
470 2233 625 2283 Walli‚
652 2246 739 2286 qua
766 2233 993 2273 literarum
1031 2231 1280 2285 cognitione
1313 2231 1469 2284 polles,
1499 2230 1736 2284 pulchrene

272 2301 378 2344 mihi
399 2314 532 2356 opera
551 2302 649 2342 haec
671 2302 950 2356 processerit,
964 2300 1155 2354 optime,
1175 2299 1212 2340 si
1233 2299 1331 2352 quis
1349 2299 1479 2350 alius,
1495 2297 1734 2353 judicabis.
