1852 3182
428 219 491 249 DE
524 218 671 248 NUPT.
706 219 891 250 HONOR.
927 221 984 249 ΕΤ

62 315 135 355 ejus
185 313 375 354 scripturae.
414 311 513 350 vulgo
548 310 763 350 gravibusque.

65 365 190 404 Beryllo
216 364 373 403 splendore
394 360 500 392 Rufus
525 361 646 390 Festus
668 360 765 391 Avie-

63 424 123 446 nus
138 414 240 446 Orbis
253 412 483 452 descriptione
499 420 505 438 :
521 413 529 426 ‘
546 411 624 450 Ipsa
642 410 763 441 dehinc

63 465 166 496 tellus
197 474 270 505 quae
303 461 598 502 circumplectitur
635 461 764 500 urbem,

63 516 109 546 Et
140 522 355 556 procerarum
378 510 484 542 fluctu
509 511 616 550 surgit
643 511 765 550 palma-

64 575 149 603 rum,
177 566 221 595 Et
252 562 433 604 splendore
476 562 595 601 procul
633 561 764 601 beryllo

63 614 152 646 ferta
175 612 334 644 renidet!
378 612 434 643 lta
450 611 538 643 enim
560 611 668 642 codex
685 611 765 641 Am-

62 665 225 696 brosianae
243 663 474 701 bibliothecae,
498 671 564 692 non
579 663 765 701 splendente.

63 723 124 754 pro
132 713 222 752 ferta
236 714 355 744 renidet
371 713 494 753 opinor
510 712 611 743 etiam
631 711 704 750 seta
721 713 766 742 le-

64 763 98 803 gi
111 767 277 803 oportere.
294 762 342 793 sic
367 762 376 779 ‘
393 762 567 793 Columnae
585 761 768 802 Synnades’

62 822 127 854 pro
166 812 369 854 Synnadicis
407 813 497 853 apud
538 812 767 852 Capitolinum

65 862 240 895 Gordiano
268 863 381 894 tertio.
405 864 413 879 ‘
432 871 510 893 vasa
532 861 673 902 onycha’
707 871 767 902 pro

63 913 225 954 onychinis
235 913 444 953 Lampridio.
459 912 571 953 qualia
585 912 692 942 multa
704 911 769 942 viri

63 963 158 994 docti
174 963 281 993 inillis
296 962 518 1001 scriptoribus
537 962 769 993 restituerunt.

62 1022 142 1044 nam
167 1014 224 1054 qui
254 1013 344 1053 apud
372 1013 579 1051 Martialem,
606 1012 725 1052 Epigr.
744 1021 768 1042 1.

66 1063 351 1103 spectaculorum,
383 1071 443 1101 pro
475 1062 483 1077 4
500 1061 617 1091 molles
647 1060 769 1099 Iones,’

66 1113 158 1142 moles
194 1115 379 1151 reponunt,
412 1111 562 1140 suaviter
588 1114 769 1149 nugantur.

64 1163 181 1193 Mores
211 1162 313 1192 Iones
337 1161 405 1191 dici
423 1165 576 1201 possunt,
592 1161 684 1191 moles
704 1169 770 1191 non

65 1212 128 1243 nisi
155 1211 279 1242 Ionides
295 1215 354 1241 aut
370 1211 472 1242 Iades.
511 1212 519 1226 4
534 1210 674 1250 Satyros
698 1220 771 1249 ges-

65 1261 133 1293 tus'
161 1262 336 1300 Manilius,
358 1261 504 1291 ‘heroas
533 1259 662 1290 sensus’
689 1260 772 1290 Per-

66 1313 146 1351 sius,
180 1312 189 1329 ‘
220 1311 358 1342 laticem
407 1310 556 1350 Lyaeum’
593 1309 770 1350 Virgilius,

67 1365 75 1380 4
95 1362 249 1394 Bromios
273 1360 394 1392 remos'
424 1365 552 1399 noster,
584 1359 769 1390 dixerunt:

67 1412 187 1453 quibus
213 1412 333 1442 similia
361 1410 451 1451 apud
469 1414 626 1441 auctores
642 1408 772 1440 infinita

68 1466 199 1493 extant.
217 1461 265 1492 ita
281 1466 317 1492 et
330 1461 338 1477 ‘
356 1460 476 1491 mimus
493 1459 621 1490 scurra‘
636 1458 773 1499 Capito-

68 1512 137 1543 lino
153 1512 186 1542 in
210 1510 408 1543 Maximinis
426 1521 432 1540 ε
458 1511 466 1526 4
485 1509 553 1540 Sed
571 1519 647 1540 cum
662 1509 773 1540 Maxi·

68 1562 177 1593 miuus
205 1562 436 1601 interrogaret
461 1560 585 1591 amicos
608 1559 689 1600 quid
712 1559 772 1590 mi-

68 1623 139 1644 mus
153 1622 268 1644 scurra
289 1611 452 1642 dixisset.‘
468 1610 557 1651 quod
574 1610 772 1640 mutandum

69 1672 134 1694 non
152 1668 215 1693 est.
229 1662 263 1692 in
274 1661 457 1692 Pescennii
472 1660 542 1691 vita
557 1661 566 1676 4
585 1658 692 1690 forma
706 1669 774 1691 me-

70 1711 173 1743 talla.'
196 1710 288 1752 apud
315 1711 462 1741 Statium
493 1710 502 1725 ‘
517 1714 633 1740 turmae
649 1709 773 1740 hostes’

71 1772 132 1803 pro
144 1761 338 1799 hostilibus,
349 1759 408 1790 lib.
421 1767 472 1790 xi.
485 1759 654 1789 Thebaid.
673 1760 681 1775 ‘
698 1759 773 1789 Nec

65 1812 137 1852 jam
153 1812 266 1843 hostes
279 1815 401 1841 turmae
418 1813 477 1840 aut
491 1808 616 1840 ferrum
632 1809 774 1840 mortale

70 1861 233 1894 timetur!
278 1861 336 1892 Sic
374 1860 502 1900 optime
540 1864 638 1890 vetus
678 1859 775 1890 liber.

66 1913 190 1953 vulgo:
223 1912 232 1929 4
252 1911 411 1951 Necjam
428 1914 488 1940 aut
499 1910 638 1940 hostiles
654 1914 775 1940 turmae

72 1962 247 1994 ferrumve
264 1959 426 1992 timetur!
446 1960 455 1976 4
473 1959 650 1990 Oceanum
667 1958 777 1989 littus’

72 2014 232 2047 Juvenali
247 2014 318 2044 Sat.
335 2022 385 2044 xr.
405 2016 412 2029 ‘
430 2012 560 2042 Littore
577 2010 618 2040 ab
636 2010 776 2041 Oceano

73 2063 181 2095 Gallis
205 2062 441 2094 venientibus!
468 2063 517 2092 ita
541 2061 718 2092 Leidensis
740 2060 777 2090 li-

74 2113 135 2144 ber
151 2113 321 2153 antiquus.
361 2112 468 2142 Paulo
495 2116 572 2141 ante
590 2110 680 2150 apud
698 2120 776 2141 eun-

73 2163 151 2194 dem
180 2163 334 2194 Pithoeus
365 2162 398 2192 in
425 2163 492 2192 suis
517 2161 692 2192 codicibus
709 2171 777 2191 mo-

74 2214 149 2245 uuit
162 2214 248 2254 legi:
273 2214 282 2230 ‘
301 2213 418 2246 Qualis
445 2214 477 2243 in
509 2213 649 2244 Oceano
672 2211 777 2243 fluctu

75 2264 212 2296 testudo
229 2263 390 2295 nata1·et.'
408 2273 474 2294 non
494 2264 620 2294 Oceani.
644 2263 778 2293 Venan-

74 2315 141 2346 tius
157 2315 375 2354 Fortunatus,
389 2315 447 2345 lib.
463 2324 516 2345 ιιι.
533 2316 595 2354 Ep.
613 2317 665 2345 23.
680 2315 688 2330 ‘
704 2315 778 2345 Pla-

73 2374 118 2395 na
130 2365 334 2405 procellosos
347 2365 495 2396 ructavit
505 2366 628 2405 pagina
641 2364 778 2404 fluctus,

75 2415 122 2446 Et
133 2415 226 2446 velut
237 2415 393 2446 Oceanas
407 2414 501 2446 fonte
514 2415 643 2446 refudit
656 2415 780 2456 aqnas.'

76 2466 256 2498 Quomodo
273 2475 352 2496 vere
375 2466 407 2496 in
431 2466 645 2496 membranis.
683 2465 778 2496 Idem

76 2515 136 2547 lib.
152 2524 216 2547 vn.
234 2525 336 2547 carm.
356 2518 407 2546 ll.
434 2518 442 2532 ‘
459 2516 527 2546 Per
544 2517 628 2554 loca,
646 2525 706 2555 per
722 2526 778 2556 po-

76 2566 174 2607 pulos
219 2567 343 2597 mundo
384 2576 442 2597 sua
476 2567 585 2597 sidera
619 2572 779 2607 praesnnt,

78 2615 251 2657 Quicquid
277 2615 318 2646 ab
344 2615 492 2647 Oceanis
509 2616 656 2647 circulus
674 2616 780 2646 ambit

78 2665 198 2706 aquis.'
262 2666 412 2697 Avienus
442 2667 680 2698 Pliaenomenis
709 2667 782 2706 pari

78 2714 179 2746 modo
193 2714 202 2731 ‘
221 2715 395 2746 Oceanum
411 2717 592 2757 gurgitem'
609 2722 645 2748 et
662 2718 670 2734 ‘
690 2717 782 2757 pela-

81 2775 142 2807 gus
171 2765 357 2798 Oceanum'
387 2766 486 2800 dixit.
541 2768 582 2799 In
607 2768 782 2799 catalectis

1020 221 1141 251 MAR.
1399 212 1512 254 1:373

815 312 958 343 l'itluri:
985 313 994 328 ‘
1008 313 1063 342 Sol
1082 314 1208 349 oriens,
1232 323 1415 354 currusque
1434 327 1510 347 suos

814 373 832 393 e
858 364 991 402 gurgite
1014 364 1135 394 tollens
1159 366 1323 394 Oceano!
1348 367 1513 405 Julianus,

815 414 921 453 Epist.
951 423 1022 444 Lxl.
1045 414 1235 452 Καλχηδόνα
1259 415 1390 454 πορθμὸν
1415 418 1513 453 (lixit,

815 474 914 503 quem
933 465 1148 503 Καλχηδόνιον
1163 465 1242 495 alibi
1262 466 1423 505 appellat.
1441 476 1515 505 per-

816 523 928 552 peram
941 514 1142 552 Καλχηδόνος
1155 515 1358 546 rescribunt.
1396 516 1514 546 Festus*

817 563 967 593 Avienus
982 565 1219 604 Descriptionc
1237 565 1361 595 Orbis:
1393 565 1402 580 ‘
1421 566 1516 595 Chal-

817 612 925 643 cedon
965 615 1111 643 tumulus
1146 614 1250 645 fluctu
1286 615 1514 645 circumdatus

817 662 911 701 a1t0‚'
936 673 996 703 pro
1014 663 1272 695 Chalcedonius.
1313 664 1392 694 Pari
1418 664 1516 694 modo

817 711 939 752 Πέρσαν
948 712 1083 752 στρατὸν
1100 712 1234 743 Alcaeus
1252 722 1273 744 ι.
1298 716 1320 743 l.
1335 713 1515 749 Antliolog.

817 762 936 800 Σκύθην
970 762 1054 801 οἶμον
1091 764 1267 804 Ᾰζ5ς1ι)·1ιι5
1314 764 1517 794 Prometheo

817 813 984 844 dixerunt.
1009 813 1018 830 ‘
1035 814 1173 853 Scytlia'
1191 814 1295 844 etiam
1311 814 1319 828 ‘
1337 813 1518 844 exercitus'

817 863 907 904 apud
935 870 1086 894 nostruin
1110 863 1168 893 lib.
1193 872 1217 894 1.
1251 864 1284 893 in
1316 864 1458 902 Eutrop.
1483 868 1518 893 ct

817 915 826 931 ‘
844 915 973 954 Scytha
989 914 1122 954 poutus'
1136 913 1225 953 apud
1239 913 1397 951 Statium,
1411 913 1517 944 Theb.

820 972 873 994 11.
897 964 905 980 ‘
921 964 1087 994 Dalmatae
1115 962 1258 993 moutes'
1277 962 1385 993 cidcm
1398 963 1429 992 iu
1447 963 1518 1002 Syi-

820 1014 880 1045 vis,
903 1014 913 1030 4
932 1013 1038 1044 Astur
1064 1012 1180 1053 equus'
1204 1012 1368 1049 Martiali,
1385 1017 1419 1042 et
1436 1013 1443 1028 ‘
1463 1021 1519 1042 ex-

819 1064 940 1094 ercitus
955 1062 1069 1092 Astur’
1083 1063 1176 1092 Silio.
1191 1061 1344 1091 ubi‘male
1360 1061 1432 1091 libri
1449 1061 1519 1101 qui-

820 1112 896 1143 dam
910 1112 1091 1142 eat-territus.
1108 1113 1116 1128 ‘
1132 1111 1248 1151 Phryx
1262 1110 1353 1149 ager’
1368 1115 1402 1141 et
1414 1112 1421 1127 ‘
1434 1111 1521 1140 Can-

820 1162 917 1193 taber
947 1161 1118 1193 Oceauus’
1156 1167 1284 1199 nostro,
1312 1167 1347 1192 et
1377 1163 1385 1177 4
1399 1162 1521 1201 jugum

820 1212 1013 1244 Vesevum!
1026 1214 1034 1228 ‘
1045 1213 1122 1243 Salo
1134 1211 1293 1243 Celtiber'
1307 1210 1416 1241 eidem
1433 1211 1522 1241 Mar-

822 1264 894 1294 tiali
919 1263 977 1293 lib.
995 1272 1029 1293 x.
1056 1263 1120 1302 Ep.
1137 1265 1188 1292 20.
1207 1267 1240 1292 et
1263 1263 1270 1277 ‘
1289 1261 1393 1301 Libys
1411 1261 1524 1302 eques’

819 1314 880 1344 lib.
896 1322 930 1345 x.
948 1313 1066 1353 Epigr.
1084 1315 1134 1343 13.
1149 1311 1207 1344 sed
1220 1311 1337 1342 modus
1351 1311 1523 1351 exemplo-

822 1374 896 1394 rum
925 1373 990 1394 non
1019 1367 1120 1394 esset.
1147 1362 1188 1392 de
1214 1362 1334 1402 quibus
1351 1361 1440 1393 alibi.
1478 1361 1522 1392 D.

823 1414 936 1445 Heins.

865 1467 903 1494 91
931 1463 1077 1493 Calcatur
1088 1463 1226 1503 achates]
1259 1463 1424 1492 Cala-antur
1440 1460 1523 1492 Hel-

823 1513 1079 1544 maestadiensis.
1103 1513 1200 1543 Idem.

866 1565 907 1593 92
930 1562 1028 1601 Area]
1054 1562 1219 1592 Planities
1233 1560 1370 1602 quaevis.
1407 1560 1524 1591 Barth.

866 1615 907 1642 94
933 1612 1091 1643 Panchaia
1104 1613 1245 1652 turgent]
1264 1612 1340 1642 Non
1357 1611 1526 1640 Puncliaeu-

823 1672 879 1703 que
915 1662 1058 1702 Gyrald.
1083 1666 1116 1691 et
1146 1667 1292 1700 quatuor
1323 1660 1390 1690 alii.
1424 1660 1524 1690 Ovid.

826 1713 966 1743 Metam.
994 1721 1029 1742 x.
1075 1713 1083 1728 4
1100 1711 1216 1741 'slmra
1240 1710 1328 1740 ferat
1358 1709 1526 1750 floresque

827 1762 910 1793 alios
928 1761 1099 1792 Panchaia
1128 1760 1251 1792 tellus.'
1296 1761 1390 1800 Yirg.
1414 1760 1445 1790 in
1464 1761 1528 1792 Cu-

826 1812 913 1843 lice:
946 1813 954 1828 ‘
972 1812 1017 1841 iili
1044 1811 1215 1842 Panchaia
1235 1811 1346 1849 thura,
1374 1810 1526 1841 Floribus

826 1866 978 1901 agrestes
994 1861 1107 1891 herbae
1137 1860 1358 1898 variantibus,
1385 1860 1529 1891 adsunt!

828 1912 876 1942 sic
893 1916 1037 1951 utroque
1064 1912 1138 1942 loco
1169 1911 1298 1951 scripti.
1324 1920 1384 1951 pro
1401 1914 1527 1949 turgent

827 1961 929 1992 etiam
947 1970 1127 2001 perperam
1142 1964 1274 2000 surgunt
1288 1960 1426 1999 vulgati,
1439 1960 1528 2000 quod

828 2016 1050 2051 praecesserat.
1069 2021 1076 2041 :
1096 2011 1195 2051 idque
1213 2011 1346 2050 aliijam
1359 2010 1529 2041 viderunt.

829 2066 946 2092 noster
975 2062 1034 2092 lib.
1068 2071 1104 2092 ιι.
1136 2061 1179 2092 de
1211 2062 1314 2101 Rapt.
1338 2061 1346 2076 ‘
1363 2061 1469 2091 omnis
1496 2060 1528 2090 in

829 2112 951 2142 herbas
967 2113 1094 2152 Turget
1107 2112 1247 2142 humus!
1262 2112 1387 2141 Lucan.
1407 2110 1461 2141 lib.
1478 2118 1529 2141 vt.

828 2163 837 2179 4
856 2161 1002 2192 nondum
1020 2161 1234 2202 turgentibus
1258 2161 1360 2191 altam
1380 2160 1417 2190 [ιι
1434 2169 1529 2199 sege-

830 2216 896 2243 tem
914 2212 1052 2251 culmis,'
1069 2221 1144 2242 cum
1162 2212 1303 2242 vetustis
1314 2210 1529 2242 membranis.

830 2263 874 2293 D.
895 2262 1008 2293 Heius.

871 2316 911 2342 95
939 2313 1004 2342 Nec
1019 2312 1098 2342 sicco
1116 2311 1319 2349 frondescunt
1336 2311 1450 2341 viminu
1466 2321 1529 2341 cos-

830 2362 876 2402 t'o]
901 2362 991 2392 Sicca
1013 2368 1144 2402 septem
1173 2363 1302 2402 scripti.
1328 2361 1428 2393 Ovid.
1443 2361 1529 2392 Met.

831 2422 866 2443 x.
888 2414 896 2428 ‘
917 2413 1148 2453 Cinnam-aque
1161 2417 1359 2452 costumque
1371 2420 1462 2441 suam
1476 2420 1529 2440 su-

831 2462 977 2503 dataque
1009 2462 1101 2502 ligno
1127 2462 1239 2492 Thura
1263 2460 1372 2492 ferat!
1405 2461 1453 2491 ita
1483 2460 1529 2490 ibi

832 2522 964 2554 quoque
983 2512 1060 2542 libri
1080 2518 1222 2543 veteres.
1264 2513 1388 2542 Lucan.
1408 2510 1465 2541 lib.
1479 2518 1529 2540 lx.

831 2564 839 2578 ‘
858 2564 900 2593 Et
919 2563 1062 2592 tamarix
1081 2572 1144 2592 uon
1162 2563 1241 2592 laetu
1261 2562 1376 2599 comis,
1395 2561 1529 2599 anque

833 2613 972 2645 costus!
994 2615 1042 2645 sic
1069 2617 1078 2631 4
1096 2612 1325 2644 Acliaemenia'
1342 2617 1376 2641 et
1405 2611 1413 2627 ‘
1431 2611 1529 2648 Assy-

834 2665 882 2694 ria
899 2664 1034 2695 nardus'
1050 2664 1204 2699 Horatio,
1225 2664 1233 2678 ‘
1251 2662 1373 2692 nardus
1390 2659 1528 2699 liquida'

835 2714 972 2751 Ovidio,
998 2714 1053 2744 lib.
1072 2722 1127 2743 ιιι.
1146 2712 1221 2742 Art.
1239 2722 1302 2741 am.
1320 2715 1387 2740 tres
1405 2708 1462 2738 alii
1477 2717 1530 2738 co-

835 2764 939 2804 dices,
955 2766 1036 2795 casto
1054 2772 1115 2804 pro
1130 2765 1223 2792 costo.
1240 2770 1301 2801 pro
1316 2759 1444 2799 vimina,
1455 2768 1530 2799 gra-
