1852 3182
517 231 580 259 DE
612 230 678 258 lv.
710 231 847 261 CONS.
880 232 1066 263 HONOR.

62 323 113 354 uti
131 328 302 354 testantur
318 324 444 354 indubii
469 328 575 354 testes
592 323 762 353 Ausonius

61 377 98 403 et
114 373 271 404 Pacatus.
321 374 431 404 Vultus
447 374 612 411 habitum,
628 380 764 413 statum,

61 432 239 464 personam
257 434 387 454 omnem
406 430 511 453 notat.

103 475 308 514 Manibaeque
336 473 495 513 revinctis]
527 475 625 504 More
648 475 763 505 noxio-

59 534 133 556 rum
158 527 326 557 bominum
353 527 392 557 ad
421 527 624 566 supplicium
653 532 763 567 rapto-

58 583 144 606 rum.
163 576 282 617 Vin-gil.
297 576 371 607 AEn.
390 586 428 607 ιι.
445 577 454 593 ‘
474 577 564 607 Ecce
580 577 763 616 manusju-

59 634 178 657 venem
197 627 327 657 interea
340 632 417 667 post
435 631 530 667 terga
544 626 761 657 revinctum.’

58 675 177 706 Barth.

100 729 140 757 85
168 727 305 768 Gladits]
331 728 585 758 Militat-imore.
619 726 762 758 Gladius

58 782 172 808 autem
198 777 372 808 honestior
407 784 483 810 erat
513 779 648 809 securi:
685 778 761 808 ride

58 837 133 868 quae
154 833 249 859 notat
264 828 481 860 doctissimus
497 829 624 860 Petrus
642 828 762 868 Faber,

57 878 80 909 l.
94 887 120 909 1.
136 878 300 910 Sernestr.
315 890 342 911 c.
359 883 390 911 4.

100 927 295 959 Sabmittunt
311 930 403 969 colla]
430 931 507 961 Non
536 930 642 969 ignari
668 930 763 960 nimi-

58 986 131 1008 rum
162 979 273 1009 meriti
314 979 423 1009 ultimi
447 980 620 1020 supplicii,
649 980 761 1020 itaque

56 1024 252 1060 necessitati
275 1030 483 1060 voluntatem
507 1030 760 1060 submittentes.

61 1077 174 1108 Barth.

100 1131 140 1159 86
181 1129 285 1159 Vitam
314 1130 492 1170 veniamque
522 1129 649 1169 rogant]
708 1131 761 1160 De

57 1179 209 1219 Eugenio
239 1188 302 1209 non
333 1190 416 1210 iuius
444 1180 668 1220 Scriptorum.
709 1180 761 1210 De

56 1229 210 1260 Maximo
237 1230 373 1268 nescim
409 1231 550 1260 multum
579 1230 667 1259 enim
699 1230 761 1260 iste

55 1279 112 1310 illo
131 1280 258 1310 virtute
276 1280 399 1319 potior.
436 1281 480 1310 Et
493 1284 573 1310 sunt
589 1281 643 1320 qui
661 1280 760 1310 istum

56 1339 75 1360 a
90 1330 254 1360 militibus
271 1340 405 1369 caesum,
422 1339 484 1360 nec
505 1330 537 1360 in
554 1335 759 1369 potestatem

55 1381 240 1412 Theodosii
271 1382 401 1412 venisse
427 1382 555 1421 dicant,
574 1388 610 1413 ut
631 1384 760 1413 Sozom.

55 1440 122 1463 vn.
141 1435 192 1462 lt.

99 1481 225 1512 Damna
251 1482 397 1522 pudoris]
431 1481 602 1512 Amissum
627 1492 761 1513 omnem

54 1531 234 1572 pudorem,
252 1542 322 1562 rem
341 1533 428 1563 ultra
445 1542 542 1563 omne
568 1534 761 1572 exemplum

55 1582 250 1622 pudendam
268 1582 364 1614 dicit.
397 1582 546 1612 Innunnt
560 1587 673 1613 autem
687 1583 760 1612 liaec

54 1633 162 1663 verba
188 1634 397 1673 culpantque
414 1632 609 1663 foeminenm
640 1634 761 1663 utrius-

56 1692 121 1723 que
154 1683 313 1720 animum,
341 1682 431 1722 qnod
469 1691 535 1712 non
574 1682 763 1712 ceciderint

53 1730 146 1762 ferro
160 1741 359 1772 quacunque
369 1732 500 1762 ratione
512 1731 634 1772 potito.
647 1732 762 1763 Barth.

98 1784 138 1812 87
164 1783 254 1812 Nutu
272 1791 391 1812 movere
403 1782 553 1822 cohortes]
589 1782 677 1812 Vide
695 1782 762 1813 No-

53 1837 106 1863 tas
124 1831 166 1862 ad
186 1832 363 1872 Rutilium,
378 1832 434 1863 lib.
450 1841 475 1863 1.
493 1842 540 1862 vs.
553 1835 628 1863 271.
662 1832 762 1863 Idem.

98 1885 139 1913 88
167 1883 286 1914 Dubius
300 1892 362 1913 sese
379 1882 544 1913 libraverat
563 1881 660 1921 orbis]
690 1882 762 1912 Du-

53 1932 111 1964 bia
141 1933 230 1964 enim
247 1942 300 1963 res
318 1937 405 1970 erat,
429 1931 642 1962 Theodosius
659 1941 700 1961 an
717 1932 762 1962 al-

55 1988 109 2014 ter
147 1983 266 2012 horum
305 1983 470 2020 vinceret,
507 1981 762 2022 Imperiumque

55 2034 258 2073 susciperet.
304 2033 346 2063 In
371 2042 428 2063 eos
459 2031 592 2071 dubius,
623 2041 697 2062 sese
727 2032 762 2062 li-

56 2083 227 2115 braverat.
284 2081 465 2113 Pendebat
489 2081 562 2121 jam
597 2087 762 2112 terrarum

55 2135 159 2171 orbis,
199 2134 319 2164 dubius
358 2133 389 2163 in
423 2142 507 2173 qnos
545 2132 762 2163 concederet.

55 2184 268 2225 Singularem
286 2183 489 2214 felicitatem
512 2182 691 2213 Theodosii
714 2187 763 2213 ta-

55 2234 124 2266 cite
157 2233 385 2272 commendat,
413 2243 487 2273 quae
515 2242 595 2263 sane
626 2233 764 2273 insignis

56 2283 135 2324 fuit,
152 2289 265 2315 tantas
283 2284 414 2324 copias,
430 2288 498 2314 tam
518 2293 655 2323 prorsus
676 2284 763 2324 peri-

56 2338 110 2366 tos
128 2334 287 2365 ductores
316 2333 468 2374 singulos
484 2333 622 2373 singulis
637 2334 764 2373 praeliis

62 2393 254 2424 superasse.
281 2384 378 2415 Idem.

101 2436 143 2464 90
187 2433 326 2464 Damnat
339 2443 409 2464 voce
425 2432 507 2473 reos]
536 2433 763 2473 Exprobratis

57 2482 255 2514 sceleribus.
279 2483 334 2514 De
352 2483 504 2514 Maximo
522 2483 687 2514 Zosimus.
706 2484 762 2515 De

58 2533 213 2572 Eugenio
227 2534 474 2574 Theodoretus‚
488 2544 519 2566 v.
531 2537 584 2567 24.
612 2536 708 2566 Idem.

105 2584 190 2619 Quos
217 2585 323 2615 Marte
344 2585 508 2626 tyrannos]
546 2586 603 2617 Ita
631 2587 762 2627 scripti.

59 2634 147 2666 male
163 2635 214 2674 qui
226 2635 487 2675 Raphelengius.
505 2646 683 2676 perperam
700 2637 763 2668 eti-

60 2694 114 2717 am
126 2684 336 2724 distinguunt
353 2688 463 2726 vulgo.
498 2688 544 2717 D.
563 2687 676 2719 Heius.

103 2738 143 2766 91
168 2735 336 2765 Amborum
351 2737 469 2775 periere
484 2738 591 2777 daces]
612 2739 669 2769 Sic
685 2748 763 2769 con-

60 2790 195 2819 stanter
210 2790 346 2816 veteres
357 2786 442 2818 libri.
455 2792 491 2818 et
501 2792 609 2820 recte.
630 2787 763 2821 Andra-

148 2839 263 2880 Delplg.
277 2842 308 2870 et
327 2839 401 2872 γαν.
424 2840 509 2874 Clas-

754 2843 866 2873 Claud.

1407 229 1519 270 1329

815 325 965 361 ¹{zatbium
986 325 1127 356 Maximi
1155 326 1277 357 (lucem
1293 328 1465 369 intelligit,
1483 336 1519 363 et

816 374 958 413 Eugenii
979 375 1214 414 Arbogastem,
1227 376 1267 406 de
1281 387 1419 417 quornm
1435 390 1520 411 inor-

816 429 849 454 te
881 425 1100 456 Marcellinus
1132 426 1164 455 in
1199 426 1366 456 Chronico
1398 428 1519 468 aliique

815 474 932 504 eadem
950 481 1111 506 narrant:
1143 476 1236 506 nulla
1252 476 1304 506 bie
1325 476 1519 509 difficultas.

815 525 934 556 Virum
952 526 1054 565 igitur
1071 526 1250 556 maximum
1264 526 1362 557 Ambo
1373 528 1419 557 rei
1437 529 1521 567 peri-

815 585 864 605 ere
881 576 971 606 (luces
998 577 1210 615 emendasse,
1242 577 1341 617 idque
1366 584 1520 609 secutum

816 625 1087 666 Raplielenginm
1131 628 1244 658 miror.
1282 627 1320 657 τὸ
1356 638 1423 659 reos
1447 629 1519 668 jam

815 683 1042 716 praecesserat
1073 678 1237 717 superiori
1270 689 1382 717 versu,
1406 684 1443 710 ut
1468 680 1520 710 vel

816 726 859 756 ob
876 727 939 756 hoc
957 737 1058 756 unmn
1076 726 1156 758 ferri
1175 737 1238 758 uon
1265 728 1370 768 possit
1387 738 1427 759 ea
1441 739 1522 761 eou-

809 777 959 816 jectum.
987 777 1081 808 Idem.

857 830 898 857 92
922 827 1048 858 Decidit
1067 827 1241 867 instat-tus]
1266 828 1520 869 Andragatliins

815 877 897 907 mari
915 877 1012 908 Ionio
1029 877 1249 917 obnavigans,
1268 879 1407 910 Maximi
1423 880 1520 911 clade

815 933 972 967 accepta,
990 928 1143 958 Gratiani
1162 929 1334 960 interemti
1353 930 1520 962 vindicem

815 982 982 1016 metuens,
998 978 1124 1008 desiliit
1142 979 1173 1008 in
1191 989 1294 1010 mare.

859 1028 949 1058 Illam
962 1038 1032 1058 suus
1047 1029 1174 1059 abstulit
1193 1030 1287 1069 ensis]
1313 1030 1521 1070 Arbogastes

814 1077 915 1108 biduo
935 1083 1010 1117 post
1035 1079 1180 1117 Eugenii
1208 1079 1340 1109 cladem
1369 1089 1443 1111 sese
1471 1081 1521 1120 ip-

814 1139 885 1159 ¹sum
901 1130 1086 1160 interemit.

855 1180 1008 1219 Abstulit]
1047 1179 1240 1212 Interfecit.
1266 1182 1378 1221 Maro,
1394 1182 1452 1213 lib.
1467 1192 1520 1214 vr.

812 1229 855 1260 de
873 1229 1087 1261 Infantibus:
1114 1232 1122 1247 ‘
1143 1231 1185 1261 ab
1203 1232 1305 1262 ubere
1319 1237 1433 1272 raptos
1450 1232 1521 1263 Ab·

811 1280 910 1310 stulit
927 1285 1001 1310 atra
1018 1280 1103 1319 dies,
1115 1284 1147 1311 et
1163 1279 1283 1311 funere
1297 1282 1415 1313 mersit
1427 1291 1522 1314 acer—

814 1330 880 1361 bo.'
909 1331 1022 1361 Barth.

856 1383 896 1410 03
921 1380 1059 1419 Solatia]
1097 1381 1203 1420 Ultio,
1234 1381 1449 1412 morientium
1469 1392 1520 1413 so-

812 1431 944 1467 latium,
962 1431 1055 1462 etsie
1074 1432 1176 1462 etiam
1191 1437 1411 1464 mortuorum.

858 1482 957 1512 Coesis
975 1481 1157 1522 Fratribus]
1183 1482 1441 1522 Consanguineis,
1453 1492 1520 1514 non

813 1533 1006 1572 Germanis,
1034 1532 1246 1573 Ammianus,
1268 1533 1335 1564 fine
1353 1533 1411 1564 lib.
1432 1542 1521 1565 xxx.

812 1583 1044 1613 Valentiniani
1087 1583 1176 1614 enim
1222 1588 1332 1613 mater
1372 1584 1524 1624 Justina,

813 1633 1007 1672 Magnentii
1023 1633 1192 1674 quondam
1218 1633 1389 1673 Principis
1407 1633 1522 1674 vidua,

813 1688 865 1714 tot
877 1689 1114 1724 tantarumque
1132 1683 1306 1714 turbarum
1325 1689 1444 1715 contra
1459 1685 1522 1714 Ca-

813 1733 956 1763 tliolicos
982 1743 1043 1772 pro
1061 1733 1196 1765 Arianis
1218 1734 1364 1767 auctrix.
1408 1734 1524 1765 Grati-

813 1793 913 1813 anum
931 1793 973 1813 ex
991 1784 1059 1814 alia
1079 1784 1266 1815 sustulerat
1283 1789 1362 1814 ante
1381 1783 1523 1823 Imperi·

813 1843 868 1864 um
900 1833 1160 1864 Valentinianus
1198 1834 1330 1873 Senior,
1357 1840 1393 1865 nt
1425 1834 1521 1865 vides

812 1883 1106 1923 apud·Socratein‚
1124 1892 1161 1914 11.
1175 1886 1205 1914 9.
1230 1884 1347 1915 Barth.

855 1937 896 1964 94
927 1935 1022 1964 Ultor
1045 1934 1173 1974 tribuit]
1207 1936 1340 1976 Reapse
1363 1936 1441 1975 illis,
1456 1946 1522 1967 non

813 1983 888 2014 sibi.
935 1983 1034 2014 Quod
1066 1983 1154 2014 enim
1188 1984 1352 2016 Gratiano
1384 1986 1523 2016 volente

813 2038 1025 2074 roganteque
1058 2039 1255 2074 acceperat,
1275 2044 1315 2066 eo
1340 2040 1523 2066 contentus

812 2083 1033 2123 Theodosius,
1050 2089 1158 2115 morte
1176 2085 1248 2125 ejus
1268 2085 1454 2126 vindicata,
1470 2095 1524 2117 re-

814 2134 941 2175 liquum
972 2135 1116 2175 Imperii
1144 2135 1298 2167 reddidit
1315 2136 1528 2167 Valentinia-

814 2195 870 2225 no,
884 2196 958 2216 cnm
976 2186 1161 2217 Maximum
1178 2192 1214 2217 et
1230 2187 1406 2218 Victorem
1429 2187 1524 2218 devi-

815 2236 927 2267 cisset.
974 2238 1059 2267 Cum
1092 2238 1243 2277 Eugenio
1271 2236 1438 2269 offerente
1464 2247 1523 2279 pa-

816 2295 902 2325 cem,
927 2285 1027 2317 facile
1054 2293 1191 2328 poterat
1212 2289 1347 2330 quietus
1375 2298 1521 2329 regnare

814 2337 913 2377 idem.
950 2338 1050 2369 Idem.

857 2390 896 2418 95
922 2387 1070 2427 Labitur]
1096 2388 1289 2428 Proruitur,
1305 2389 1485 2420 evertitur.

857 2436 996 2476 Mitigat
1026 2437 1163 2477 umbras]
1203 2439 1254 2469 Ex
1280 2437 1522 2478 superstitione

815 2488 934 2529 gentili
975 2488 1139 2529 loquitur,
1185 2498 1303 2519 manes
1337 2488 1520 2518 amicorum

815 2540 943 2579 placari
974 2540 1070 2571 caesis
1099 2539 1141 2570 ad
1174 2540 1340 2571 tumulum
1363 2544 1422 2570 aut
1455 2548 1522 2569 nie-

815 2589 952 2619 moriam
983 2590 1150 2628 hostibus,
1178 2595 1260 2621 nota
1277 2590 1433 2629 exempla
1450 2588 1520 2619 Ho-

815 2641 899 2670 meri
916 2646 951 2671 et
968 2641 1130 2671 Maronis.
1156 2641 1271 2671 Barth.

858 2692 900 2721 96
922 2691 1136 2731 Juvenumque
1151 2690 1294 2729 duorum]
1330 2690 1382 2719 De
1398 2688 1522 2717 Valen-

817 2740 939 2770 tiniani
956 2740 1182 2771 adolescentis
1199 2744 1304 2771 aetate
1322 2738 1450 2768 dietum
1468 2742 1524 2768 est

815 2799 930 2829 supra.
976 2790 1162 2822 Gratianus
1177 2788 1378 2821 interfectus
1394 2793 1448 2818 est
1463 2797 1522 2819 an-

1358 2843 1379 2872 4
1402 2840 1432 2872 Ρ
