1851 3213
309 223 423 266 1324

312 328 465 359 locorum
483 326 554 367 ejus
570 326 699 356 insulae.
725 324 844 356 Barth.

355 381 397 409 29
419 377 532 408 Boreoe
544 380 681 408 vastator
696 379 727 406 et
742 373 870 414 Austri]
895 372 1019 405 Rebel-

311 429 392 460 lium
407 427 490 458 inibi
512 427 750 458 Barbarorum.
778 424 874 455 laem.

354 482 395 509 30
419 478 523 517 Rigor
551 476 700 516 aternus]
740 474 859 514 Frigus
898 482 1019 513 perpe-

312 532 406 559 tuum
423 540 430 559 ;
456 527 675 558 inelementia
692 526 766 556 coeii
783 524 885 564 nulla,
899 523 1020 564 inquit,

312 580 474 610 virtutem
511 579 610 618 liujus
649 576 757 607 Ducis
796 574 1018 615 impediebat,

313 631 393 671 quin
418 630 456 659 iis
473 629 556 659 locis
573 627 727 658 caederet
755 626 883 664 hoste5‚
899 624 1017 666 quibus

313 681 378 711 tuti
393 680 470 711 aere
487 689 546 709 suo
563 678 776 709 videbantur.
801 677 898 707 Idem.

358 730 438 760 Coelz·
469 730 543 770 qaid
558 728 688 767 frigora
715 727 861 767 prosunt]
906 725 1018 755 Sidera

313 781 432 821 primae
451 780 621 810 editiones
652 788 727 808 cum
756 786 822 807 uuo
850 775 1017 805 Vat1cano

311 835 347 861 et
372 830 600 861 Fames-iano:
626 836 726 867 qnam
753 825 936 857 lectionem
963 833 1019 854 ve—

313 890 386 911 ram
404 879 562 920 probavit
576 876 773 908 Gronovius
789 878 904 906 noster
919 874 942 904 l.
961 882 1018 905 111.

314 933 366 961 12.
413 927 726 960 Observationum:
766 935 852 956 unus
889 924 1018 955 Medic.

313 984 394 1010 tert.
421 979 536 1009 Vatic.
555 983 590 1009 et
615 977 869 1017 Rottendorph.
900 976 1020 1006 littora.

311 1028 350 1059 τὸ
364 1029 467 1059 sidera
481 1038 523 1059 ex
539 1027 728 1068 Drepanio,
742 1027 842 1057 Floro
867 1030 902 1057 et
914 1026 1019 1056 Plinii

313 1079 531 1120 Panegyrico
548 1083 642 1109 recte
660 1078 763 1108 etiam
781 1076 924 1107 asseruit
939 1076 1020 1106 Bar-

314 1130 427 1161 thius:
452 1134 569 1161 noster
594 1130 704 1160 denuo
720 1138 770 1159 vx.
794 1128 931 1159 Consul.
950 1126 1021 1158 Ho-

313 1181 415 1219 norii,
452 1190 500 1212 vs.
534 1183 609 1212 444.
633 1181 721 1220 ‘quo
758 1178 916 1219 gentibus
954 1178 1020 1209 illis

312 1231 432 1263 Sidere
471 1231 627 1262 consueti
668 1230 764 1260 favet
801 1229 1021 1259 inclementia

313 1281 412 1313 coeli.’
450 1282 507 1312 ubi
539 1280 617 1311 vide
648 1289 724 1320 quae
762 1282 930 1309 notamus.
976 1279 1020 1309 D.

313 1332 427 1363 Heius.

356 1385 396 1413 31
421 1382 628 1421 Ignotumque
663 1378 803 1418 fretum]
851 1377 1020 1409 Remotis-

313 1433 398 1463 sima
420 1433 498 1464 loca
536 1432 583 1463 sic
608 1430 786 1471 appellant
819 1428 1019 1469 scriptores.

313 1483 431 1514 Barth.

355 1532 479 1564 Saxone
496 1532 585 1572 suso]
624 1530 807 1562 Fortitudo
842 1534 876 1561 et
912 1530 1020 1561 virtus

314 1587 444 1615 caetera
472 1583 571 1623 hujus
599 1581 815 1613 nobilissimae
846 1580 957 1621 gentis
973 1580 1020 1610 fe-

314 1644 392 1666 cere
409 1638 447 1665 ut
464 1634 506 1665 ab
523 1634 562 1664 iis
585 1633 640 1663 vel
658 1632 756 1663 victis
774 1632 829 1662 vel
845 1640 1020 1672 oppugna-

313 1686 357 1716 tis
372 1685 607 1724 Imperatores
631 1683 685 1714 vel
703 1683 737 1714 in
762 1681 879 1723 primis
904 1681 1020 1712 lauda-

314 1739 444 1766 rentur.

357 1785 484 1816 Saxone
492 1783 567 1823 fuso
586 1781 739 1821 Orcades]
755 1781 908 1812 Palustri
924 1781 1019 1812 nimi-

314 1847 387 1868 rum
414 1841 474 1867 aut
498 1835 670 1865 maritimo
694 1833 822 1874 praelio.
866 1833 1019 1864 Saxones

314 1888 404 1919 enim
421 1896 462 1918 eo
479 1894 604 1926 genere
622 1883 771 1915 bellandi
789 1883 932 1914 nobiles.

356 1941 398 1969 32
437 1937 595 1967 Pictorum
619 1933 785 1973 sanguine]
835 1933 1021 1965 Notissima

314 1998 389 2030 quae
407 1987 450 2018 de
466 1987 515 2018 his
529 1985 668 2017 tradunt
682 1984 815 2023 Poetae,
828 1984 951 2024 aliique
965 1993 1019 2014 ve-

314 2044 403 2070 teres
433 2037 636 2076 Scriptores.
683 2034 797 2064 Latini
825 2033 937 2064 Pictos
962 2043 1020 2064 vo-

313 2094 394 2121 cant
417 2089 477 2119 hos
495 2086 638 2128 populos
663 2096 682 2116 a
704 2085 904 2125 corporibus
929 2085 1018 2116 colo-

313 2140 405 2171 ribus
424 2137 624 2178 variegatis,
640 2140 674 2167 et
697 2135 777 2176 quia
793 2135 942 2175 ipsorum
959 2135 1019 2165 lin-

314 2199 380 2230 gua
407 2187 591 2229 appellatio
621 2195 687 2216 non
715 2185 853 2216 ablusit.
889 2185 1019 2216 Pehitos

315 2239 403 2270 enini
435 2238 624 2278 appellatos
663 2239 809 2276 apparet
840 2244 883 2266 ex
913 2236 1018 2266 Wite-

314 2288 451 2321 chindo.
476 2287 597 2318 Barth.

356 2341 397 2369 33
421 2338 584 2368 Scotorum
607 2335 757 2375 cumulos]
787 2335 914 2367 Merito
939 2336 1018 2367 Sco-

315 2395 426 2422 torum
464 2393 612 2427 stragem
651 2386 822 2417 Hibernia
864 2385 1017 2426 deflevit,

315 2451 392 2473 cum
409 2439 527 2470 eadem
542 2447 625 2478 gens
651 2436 757 2467 fuerit
774 2436 950 2478 utriusque
966 2446 1016 2467 re-

314 2491 422 2533 gionis
437 2488 631 2519 habitatrix.

359 2540 513 2571 Glaez'alis
529 2536 633 2576 Ieme]
659 2537 714 2567 De
727 2535 906 2575 Hibernia,
919 2546 1017 2577 qnam

314 2601 403 2623 nunc
416 2590 618 2627 dicimus,et
636 2585 1018 2627 appellaruntAntiqui‚

315 2650 440 2674 sermo.
484 2640 567 2671 Eam
604 2637 729 2668 Iernen
761 2640 878 2667 noster
903 2641 1016 2667 vocat.

314 2691 507 2777 Βᾝὴριιὶε
532 2739 615 2772 calor
644 2736 782 2778 obsistit]
809 2736 948 2770 Obsistat
962 2737 1016 2769 vel

541 231 684 262 NOTAE
718 228 984 260 VARIORUM
1018 227 1071 257 IN
1105 227 1180 257 ct..
1212 223 1396 256 CLAUD.
1429 222 1539 252 VH(-

1068 320 1140 351 sine
1156 319 1250 352 libris
1267 320 1356 359 lego.
1370 317 1423 348 vel
1437 315 1614 348 obstiterit.-
1627 325 1703 348 uam
1719 327 1771 358 pr.

1069 371 1184 401 Vatic.
1216 375 1251 401 et
1284 370 1423 401 Farnes.
1447 366 1603 398 obstituit.
1628 367 1773 399 Lucens.

1068 420 1141 460 quid
1155 421 1237 451 calor
1249 431 1258 451 .·
1272 418 1439 461 quomodo
1453 423 1488 448 et
1505 417 1561 448 alii
1579 416 1774 448 duodecim.

1070 470 1115 503 D.
1133 470 1244 501 Heius.

1114 521 1194 556 Quis
1209 522 1292 552 calor
1307 520 1433 550 obsistat
1459 517 1560 558 forti]
1585 517 1688 549 Silius
1703 517 1775 548 Ita-

1070 569 1166 610 licus,
1195 571 1217 602 l.
1235 579 1295 601 xv.
1328 570 1538 600 Punicorum
1554 579 1562 600 ε
1585 569 1594 586 ‘
1613 568 1721 598 virtus
1739 571 1774 598 te

1069 631 1159 652 saeva
1192 621 1332 662 jubebit
1369 621 1438 651 Per
1469 619 1598 650 medias
1630 617 1776 648 volitare

1069 671 1172 711 acies,
1188 671 1382 711 mediosque
1400 679 1462 710 per
1484 668 1601 709 ignes!
1625 666 1777 706 Curtius,

1069 723 1091 754 l.
1109 731 1191 753 vm.
1211 722 1221 739 ‘
1239 721 1335 753 Nihil
1361 725 1430 751 tam
1447 720 1517 751 alte
1545 718 1680 750 Natura
1696 726 1775 748 con-

1070 773 1196 811 stituit,
1224 781 1288 812 quo
1314 771 1421 801 virtus
1439 779 1505 801 non
1535 768 1645 810 possit
1669 766 1777 799 eniti!

1071 821 1235 852 Ovidius:
1270 821 1279 837 ‘
1308 820 1408 850 Invia
1436 819 1569 850 Virtuti
1599 818 1692 849 nulla
1722 821 1777 848 est

1070 870 1147 903 via.'
1172 870 1288 902 Barth.

1113 926 1154 954 35
1180 922 1279 954 Novis
1314 919 1474 961 maniplis]
1512 918 1561 950 Iis
1589 917 1675 949 locis
1709 926 1777 949 non

1073 972 1163 1004 visis.

1115 1022 1264 1063 Atlanta]
1287 1023 1396 1055 Quem
1413 1024 1564 1052 montem
1578 1018 1712 1050 infinita
1727 1017 1777 1050 vis

1070 1074 1263 1114 ignotarum
1286 1072 1359 1104 fere
1390 1072 1542 1113 gentium
1566 1070 1779 1102 adhabitavit

1072 1134 1219 1165 semper.
1264 1124 1425 1155 Atlantem
1443 1125 1620 1163 penetrasse
1633 1119 1777 1151 ducibus

1071 1175 1231 1206 Romanis
1260 1179 1412 1205 veterem
1441 1173 1581 1212 gloriam
1597 1170 1703 1202 fuisse
1718 1179 1777 1201 no·

1074 1231 1124 1257 tat
1141 1226 1283 1264 Plinius,
1295 1234 1330 1256 v.
1346 1228 1374 1255 1.
1400 1223 1517 1254 Barth.

1115 1279 1156 1307 36
1185 1276 1368 1315 Virgineum
1384 1274 1513 1304 Tritona
1526 1271 1621 1312 bibit]
1646 1271 1702 1303 Ob
1718 1280 1776 1302 na-

1073 1332 1142 1357 tam
1169 1336 1212 1357 ex
1228 1335 1268 1357 eo
1283 1330 1416 1365 stagno,
1431 1321 1617 1353 secundum
1646 1320 1778 1352 fabula-

1073 1383 1176 1417 tores,
1213 1377 1405 1408 Minervam
1440 1382 1575 1414 semper
1612 1371 1777 1412 virginem

1071 1430 1196 1468 Deam,
1207 1427 1458 1469 praesidemque
1474 1427 1511 1455 et
1523 1422 1691 1454 vindicem
1701 1421 1779 1452 Vir-

1071 1479 1237 1521 ginitatis.
1283 1477 1382 1509 Unde
1396 1478 1405 1494 ⁴
1420 1474 1546 1517 palude
1562 1471 1777 1515 prognatam'

1071 1530 1258 1571 appellavit
1288 1528 1437 1559 Ennius:
1462 1527 1471 1543 ‘
1490 1526 1643 1566 Corpore
1672 1528 1779 1555 tarta-

1070 1581 1158 1620 rino,
1174 1583 1341 1621 prognata
1358 1576 1483 1618 palude
1500 1573 1643 1616 virago.'
1674 1574 1777 1605 Idem.

1113 1633 1153 1661 37
1179 1627 1369 1668 Gorgoneis]
1405 1627 1485 1658 Non
1503 1626 1692 1664 Gorgoneos.
1721 1623 1778 1654 Ita

1069 1680 1255 1721 legendum
1280 1678 1359 1709 olim
1390 1676 1622 1717 conjeceram:
1654 1671 1775 1705 confir·

1069 1735 1163 1762 mant
1180 1734 1250 1761 tres
1268 1728 1400 1769 scripti.
1426 1728 1470 1758 D.
1488 1726 1603 1757 Heius.

1115 1781 1290 1820 Gorgoneis
1303 1778 1382 1810 vidit
1407 1776 1572 1818 thalamos]
1610 1774 1776 1806 Lutacius

1069 1832 1219 1864 fabulam
1247 1830 1405 1861 brevibus
1430 1830 1603 1866 recenset,
1618 1830 1776 1858 extrema

1070 1881 1340 1922 Metamorphosi
1357 1881 1503 1913 Quarta.
1529 1878 1645 1910 Barth.

1113 1936 1154 1964 38
1176 1929 1410 1969 Ditalfabula]
1446 1928 1570 1960 Aureis
1599 1928 1709 1967 malis,
1733 1927 1775 1959 ab

1071 1993 1151 2015 auro
1177 1982 1359 2014 fructibus.
1405 1980 1570 2011 Fabulam
1587 1978 1666 2009 vide
1683 1978 1776 2020 apud

1070 2033 1259 2065 Diodorum
1286 2031 1449 2069 Siculum,
1475 2028 1535 2060 lib.
1560 2037 1618 2060 111.
1656 2029 1710 2059 Ex
1725 2027 1776 2059 his

1070 2083 1178 2124 pomis
1193 2082 1295 2113 fuisse
1310 2080 1344 2112 id
1366 2090 1432 2122 quo
1450 2080 1576 2120 injecto
1590 2078 1666 2110 Eris
1680 2079 1775 2110 Deas

1070 2133 1113 2164 de
1151 2131 1270 2164 formae
1301 2130 1504 2172 praestantia
1528 2129 1564 2160 in
1601 2133 1776 2160 certamen

1068 2183 1214 2221 miserit,
1230 2191 1306 2213 cum
1335 2180 1470 2212 doleret
1487 2179 1527 2210 ad
1546 2178 1695 2219 Nuptias
1709 2178 1776 2209 Pe·

1069 2233 1118 2264 le'i'
1133 2237 1168 2264 et
1189 2231 1344 2263 Thetidis
1373 2240 1438 2261 non
1471 2229 1626 2269 invitata,
1648 2238 1775 2260 memo-

1069 2288 1122 2314 rat
1136 2283 1303 2314 Coluthus
1319 2281 1353 2311 in
1370 2281 1483 2320 Raptu
1501 2279 1656 2311 Helenae.
1671 2279 1769 2310 Idem.

1111 2337 1153 2365 39
1174 2334 1247 2365 Arx
1263 2333 1383 2363 incensa
1400 2331 1510 2371 Juboe]
1544 2331 1646 2371 Regis
1672 2330 1772 2361 Mau-

1066 2383 1200 2415 ritaniae
1218 2394 1225 2413 :
1247 2382 1349 2415 anae
1373 2392 1454 2422 ergo
1479 2381 1621 2421 Regiam
1643 2384 1773 2412 certam

1067 2434 1186 2465 urbem
1202 2433 1356 2473 agnoscit
1373 2431 1591 2463 Claudianus.

1110 2483 1219 2523 Juhoe]
1236 2483 1305 2513 Per
1316 2482 1454 2519 Jubam,
1463 2480 1596 2522 accipio
1608 2481 1773 2522 Firmum,

1069 2534 1226 2566 Gildonis
1241 2532 1395 2563 fratrem.
1417 2532 1541 2563 Delrio.

1111 2584 1227 2616 Rabies
1242 2583 1421 2624 Maurusia]
1443 2582 1674 2613 Barbas-arum
1690 2590 1772 2622 gen-

1068 2636 1151 2667 tium
1179 2633 1313 2672 feritas,
1343 2642 1426 2673 quas
1454 2632 1617 2662 immanes
1644 2631 1772 2663 excivit

1065 2685 1226 2717 funereus
1242 2684 1343 2722 latro,
1368 2683 1419 2713 uti
1445 2683 1595 2713 Firmum
1617 2682 1771 2723 appellat

1065 2734 1276 2769 Ammianus.
1334 2733 1535 2781 ligaumrum
1570 2735 1691 2775 gentes
1726 2732 1770 2765 ad
