1852 3182
547 232 595 261 ΙΝ
633 231 866 262 RUFINUM
902 231 997 261 Lm.
1030 232 1081 261 11.

61 331 110 359 cat
129 327 327 368 legendum
356 331 391 358 et
417 326 466 356 sie
496 324 623 355 Moreti
652 324 759 354 alter:

62 378 194 420 confinia
218 378 319 409 etiam
347 375 554 414 Isingrinus:
594 373 762 414 quomodo

62 437 166 467 supra
187 430 195 444 ‘
214 427 355 467 gemina*
373 423 519 455 confinia
537 423 655 454 librau'
680 423 763 453 Mox

60 478 198 516 anhelas,
223 486 289 507 non
310 474 424 513 anheli,
451 473 561 504 Aldus
585 478 620 504 et
644 472 763 513 scripti

61 537 187 558 omnes.

104 581 166 609 415
191 575 335 616 Spatium
358 584 417 605 uon
439 574 556 605 incenit
576 572 642 613 ira]
681 574 762 604 Cor-

61 629 153 669 poris
182 625 306 658 tantilli
342 625 490 665 spatium
531 634 597 655 non
637 623 763 655 sufficit

60 681 154 709 tanto
169 675 286 706 furori.
312 675 430 706 Barth.

100 729 164 759 416
189 727 377 766 Consumpto
379 724 493 763 funere
504 726 557 755 vix
567 724 646 765 lum]
670 725 761 764 Lege

56 776 199 807 vixdum:
217 775 384 816 quomodo
393 774 482 815 apud
494 774 762 813 Statium‚'r11eb.

58 835 108 858 vl.
129 826 139 842 ‘
155 826 222 856 Vix
240 825 319 855 dum
337 830 458 865 captus
476 825 571 866 equis
594 825 701 863 labor,
726 829 762 855 et

51 876 123 918 jam
138 877 279 917 pulvere
296 882 417 916 quarto
433 875 597 915 Campum
618 874 760 906 ineunt.'

58 927 222 958 Lucensis
246 932 360 957 tamen
383 932 418 957 et
446 926 692 967 Isingrinianus
710 935 761 956 ar-

57 981 152 1017 gute,
178 977 294 1007 victor.-
317 975 486 1017 quomodo
514 981 548 1005 et
574 975 760 1005 Vaticanus

58 1027 186 1067 primus
207 1037 225 1057 a
244 1027 350 1067 prima
368 1036 478 1057 manu.
526 1025 594 1055 Alii
611 1024 762 1055 nonnulli

57 1078 184 1108 victum.
230 1077 327 1107 Unus
345 1076 481 1113 justum.
526 1075 682 1105 Victorem
707 1084 761 1104 vo-

57 1133 129 1165 cat,
154 1127 244 1167 quod
261 1127 405 1156 militum
424 1125 519 1155 furor
545 1124 576 1153 in
594 1124 761 1154 cadavere

56 1178 132 1218 ejus
147 1176 372 1208 discernendo
385 1176 501 1206 satiari
520 1185 584 1205 uon
597 1176 761 1215 potuerit.

56 1227 218 1259 Barthius
240 1225 279 1256 τὸ
301 1227 398 1257 victor
415 1226 456 1256 ad
474 1225 616 1256 militem
634 1224 760 1256 refert:

55 1276 115 1307 sed
129 1277 257 1308 vixdum
268 1287 286 1307 a
299 1275 477 1308 Claudiani
491 1285 589 1305 manu
603 1285 677 1306 esse
691 1275 762 1315 opi-

55 1337 127 1359 nor.
171 1326 382 1365 Ammianus,
405 1326 462 1356 lib.
490 1334 564 1356 xrv.
600 1326 608 1342 ‘
632 1325 687 1366 qui
713 1326 762 1356 ita

56 1377 264 1408 evisceratus
281 1381 346 1414 est,
372 1380 409 1406 ut
435 1374 643 1406 cruciatibus
661 1383 762 1404 mem-

56 1428 117 1459 bra
134 1427 318 1458 deessent.’
363 1427 528 1467 Sequenti
545 1436 642 1456 versu
668 1430 761 1456 recte

56 1481 138 1511 Luc.
153 1480 273 1518 Isingr.
289 1478 386 1519 prim.
397 1478 553 1508 Vatican.
565 1483 599 1508 et
611 1477 665 1507 alii
684 1486 762 1507 non-

55 1530 139 1560 nulli
152 1530 250 1570 perit,
276 1538 341 1560 non
358 1528 455 1559 cudit.
500 1528 678 1560 Juvenalis
697 1529 762 1558 ista

53 1579 123 1611 Sat.
141 1589 197 1610 111.
214 1579 366 1609 imitatus
383 1578 529 1608 videtur.
574 1578 583 1593 ‘
601 1577 692 1608 Quid
709 1586 761 1606 su-

56 1635 172 1670 perest
189 1629 232 1659 de
255 1628 477 1668 corporibus?
507 1627 580 1668 quis
598 1627 762 1665 membra,

54 1680 128 1721 quis
144 1689 222 1710 ossa
238 1679 394 1709 Invenit?
418 1677 581 1708 obtritum
596 1677 687 1716 vulgi
705 1686 762 1716 pe-

54 1730 98 1761 rit
129 1738 228 1760 omne
260 1727 429 1758 cadaver?
476 1726 659 1766 Euripides
692 1728 762 1756 An-

55 1778 358 1819 dromacha,quem
372 1777 482 1807 locum
497 1775 666 1805 Livineius
682 1785 761 1816 quo-

54 1837 119 1870 que
146 1828 246 1864 vidit,
272 1828 334 1857 πᾶν
372 1826 396 1856 δ’
423 1825 580 1856 ἀνάλωται
607 1824 699 1863 δέμας
723 1826 761 1857 τὸ

0 1904 1 1915 ,
55 1878 269 1918 κᾶλλίμορφον
283 1875 465 1917 τραυμάτων
488 1876 536 1906 ὑπ’
550 1875 673 1915 ἀγρίων.
699 1877 762 1907 Lu-

0 1918 2 1965 }
55 1930 195 1969 cretius,
212 1929 270 1960 lib.
285 1939 318 1959 v.
337 1928 400 1958 sub
416 1927 539 1959 finem:
565 1929 573 1945 ⁴
589 1929 633 1958 Et
648 1933 761 1958 tamen

54 1979 145 2010 inter
163 1989 220 2010 eos
244 1979 448 2009 distractum
473 1978 637 2017 sanguine
656 1978 762 2008 multo

56 2029 276 2070 Disperiisse,
302 2038 414 2069 neque
443 2029 476 2059 in
508 2028 656 2059 fructum
684 2038 763 2059 con-

55 2086 190 2112 vertere
206 2081 318 2121 quisse
333 2080 352 2110 :'
386 2079 552 2119 quomodo
569 2078 635 2109 duo
653 2084 763 2110 veter-

57 2131 133 2162 rimi
160 2131 336 2161 Vossianae
366 2129 581 2160 bibliothecae
612 2128 764 2167 codices,

58 2190 126 2212 non
149 2180 340 2220 dispersisse.
388 2179 511 2209 Lucan.
538 2178 596 2208 lib.
614 2186 654 2209 11.
678 2179 687 2194 ⁴
706 2179 763 2208 vix

57 2235 94 2262 te
111 2239 264 2270 sparsum
283 2238 345 2269 per
364 2229 505 2266 xiscera,
529 2227 642 2266 Baebi,
659 2228 762 2258 Innu-

57 2290 168 2312 meras
180 2280 270 2310 inter
281 2278 455 2318 carpentis
467 2277 618 2307 membra
629 2286 763 2308 coronae

27 2339 32 2343 ”
58 2331 266 2371 Dis-periisse
282 2327 423 2360 manus.’
459 2328 516 2359 Ita
539 2328 627 2358 enim
650 2329 765 2368 legen-

60 2380 138 2412 dum
156 2381 304 2420 videtur,
327 2389 402 2411 cum
421 2379 541 2419 scripti
565 2378 671 2409 nostri
689 2387 766 2409 con-

60 2436 204 2469 stanter,
213 2430 421 2472 Dispersisse;
444 2439 506 2460 nec
517 2429 640 2460 damno
650 2433 765 2459 tamen

60 2482 262 2515 Discessisse:
277 2481 366 2522 quod
379 2480 428 2510 vir
438 2489 578 2519 magnus
591 2479 766 2519 amplexus

60 2538 124 2564 est.
143 2532 351 2563 Prudentius
362 2530 645 2570 Psychomachia:
662 2532 671 2546 ⁴
686 2530 765 2560 Dis-

61 2583 181 2614 cissum
197 2581 298 2613 foedis
324 2581 524 2612 animalibus
543 2590 642 2612 omne
664 2580 765 2611 cada-

63 2642 122 2664 ver
148 2632 343 2663 Dividitur:
382 2631 491 2672 ruptis
518 2630 644 2661 heresis
674 2630 766 2671 perit

60 2682 201 2714 horrida
216 2682 395 2714 membris.’
417 2683 462 2713 D.
481 2682 593 2713 Heius.

110 2735 276 2765 Consumto
294 2732 407 2772 funere
428 2734 484 2763 vix
503 2736 570 2764 tum
586 2732 765 2773 Deseritur]

65 2785 182 2822 Funus,
199 2782 356 2813 cadaver.
401 2782 557 2814 Cadaver
577 2782 765 2813 destituere

151 2835 270 2876 Delph.
287 2838 318 2866 et
338 2834 412 2867 Var.
426 2835 510 2867 ctus.

747 2832 858 2865 Claud.

1403 224 1517 267 129⁷

814 321 964 353 furorem
990 322 1145 353 hostilem
1172 322 1250 354 irati
1278 323 1394 354 militis
1421 325 1518 364 dicit,

813 383 876 404 nec
894 374 976 404 satis
991 383 1064 404 esse
1079 373 1256 412 explendae
1271 378 1376 403 tantm
1394 375 1451 405 irae
1467 382 1518 407 tot

814 422 923 453 modis
940 427 1107 453 momento
1133 428 1354 462 concerptum
1382 433 1516 464 corpus.

815 473 964 504 Michael
990 474 1156 504 Bentinus
1183 473 1337 513 praetulit
1362 479 1518 505 consumto

805 522 920 561 funere
951 523 1060 554 Victor
1086 523 1263 554 Deseritur.
1310 522 1421 554 Quam
1452 523 1518 555 lec·

815 573 941 603 tionem
972 573 1205 613 recipiendam
1232 572 1392 603 arbitror.
1438 572 1518 604 Non

814 623 903 653 enim
920 624 1044 654 victum
1071 630 1128 654 aut
1153 623 1394 654 dilancinatum
1418 623 1518 654 cada-

814 682 873 703 ver
890 672 1071 711 deseritur,
1094 673 1154 704 sed
1178 673 1364 703 inhiantem
1388 672 1521 714 majori-

814 723 877 755 bus
895 725 1072 764 suppliciis
1096 724 1225 755 deserit
1248 724 1392 755 militem
1414 724 1520 756 victo-

812 784 896 805 rem.
919 775 1036 805 Barth.

855 827 918 855 417
944 825 1035 855 Perit
1049 834 1106 864 per
1121 825 1183 855 tela
1199 822 1345 863 cadaver]
1378 823 1428 856 Ut
1445 824 1518 855 nul-

812 873 872 904 libi
888 880 1067 914 appareat,
1081 875 1191 914 ipsum
1208 875 1258 905 uti
1275 874 1422 906 cadaver
1438 884 1518 906 cou-

812 930 974 955 sumatur.
1000 925 1098 955 Idem.

853 975 918 1003 418
943 974 1037 1003 Mons
1053 972 1187 1013 Aonius]
1225 973 1407 1013 Cytheron.

812 1022 873 1062 rip.
893 1023 925 1051 in
943 1023 1098 1053 Bacchis.

856 1071 1126 1109 Pentlieaserrent
1139 1071 1316 1111 Maenades]
1331 1071 1518 1112 Diruptum

812 1123 844 1153 in
859 1127 984 1162 partes.
1003 1123 1090 1153 Vide
1103 1122 1252 1153 Pansan.
1266 1122 1325 1153 lib.
1338 1131 1379 1153 11.
1401 1123 1518 1155 Barth.

854 1176 918 1203 420
942 1173 1074 1203 Latonia
1095 1172 1200 1212 virgo]
1238 1172 1400 1203 Lucensis
1430 1173 1518 1204 risa:

812 1224 939 1264 placet,
977 1224 1018 1254 ab
1050 1223 1219 1254 Actaeone
1249 1223 1380 1253 scilicet
1412 1223 1518 1254 nuda.

812 1275 881 1305 Pro
911 1275 1061 1305 Traderet
1085 1275 1172 1305 alter
1202 1274 1333 1305 Moreti
1359 1274 1518 1314 proderet,

811 1324 912 1355 etiam
931 1324 1027 1355 bene.
1052 1325 1097 1355 D.
1116 1324 1228 1355 Heius.

854 1377 915 1404 421
930 1374 1056 1414 Speras,
1063 1374 1208 1412 fortuna,
1219 1372 1349 1412 mederi]
1365 1372 1472 1405 Aldus
1481 1377 1519 1405 et

812 1426 946 1464 plurimi
964 1435 1005 1455 ex
1024 1426 1161 1465 scriptis
1176 1425 1288 1462 credis,
1309 1430 1344 1455 et
1361 1425 1518 1465 sequenti

813 1485 910 1505 versu
928 1485 990 1514 pro
1007 1479 1118 1513 certas,
1143 1484 1268 1514 speras:
1304 1475 1429 1513 rependi
1455 1483 1517 1515 pro

810 1526 951 1565 rependis
970 1525 1297 1556 Helmaestadiensis.
1322 1525 1420 1555 Idem.

854 1578 916 1606 425
945 1575 1113 1614 Truncum]
1126 1575 1264 1605 Truncus
1277 1574 1436 1613 designat
1447 1583 1519 1604 cor-

813 1635 886 1665 puS‚
914 1625 1029 1665 capite
1056 1625 1206 1664 dempto.
1250 1623 1372 1661 virgil.
1397 1623 1456 1652 lib.
1475 1632 1518 1653 11.

811 1679 820 1693 ⁶
838 1676 1071 1715 Regnatorem
1089 1674 1177 1705 Asiae
1192 1684 1200 1704 :
1219 1673 1315 1713 jacet
1328 1672 1447 1711 ingens
1464 1672 1520 1703 lit·

813 1731 887 1757 tore
905 1724 1070 1756 truncus.'
1099 1723 1216 1755 Bortlz.

854 1778 917 1806 427
941 1773 1121 1816 Sufficiunt]
1146 1772 1266 1803 Malim
1283 1770 1457 1812 Sufficiant.

859 1825 961 1856 Vacuo
973 1824 1059 1865 plebs
1081 1823 1169 1853 obvia
1190 1831 1289 1860 muro,
1312 1821 1389 1851 Jum
1411 1830 1519 1852 secura

810 1874 892 1914 ruit]
916 1875 969 1905 Sic
987 1880 1135 1914 quatuor
1151 1871 1325 1903 veterrimi
1339 1876 1375 1902 et
1389 1871 1445 1902 alii
1462 1872 1520 1902 ali-

813 1931 906 1964 quot.
942 1924 1055 1964 Vulgo
1072 1924 1217 1964 undique.
1263 1922 1424 1953 Imitatus
1447 1922 1518 1962 ipse

812 1975 903 2005 bello
921 1974 1003 2005 Get.
1025 1976 1034 1990 ⁴
1050 1978 1167 2013 portas
1188 1982 1308 2004 secura
1325 1982 1387 2013 per
1403 1982 1519 2003 onmes

812 2024 926 2054 Turba
943 2023 1099 2053 salutatis
1125 2021 1312 2053 effunditur
1328 2022 1429 2052 obvia
1453 2021 1520 2062 sig-

813 2073 864 2104 nis
877 2072 897 2104 :’
922 2071 960 2102 τὸ
975 2072 1152 2113 effunditur
1169 2072 1268 2111 primi
1285 2081 1324 2102 ac
1342 2071 1437 2102 tertii
1453 2071 1520 2102 Va-

814 2124 930 2161 ticani,
944 2129 980 2153 et
996 2122 1126 2153 codicis
1144 2122 1311 2153 Oiseliani
1333 2121 1518 2152 lectionem

812 2172 1003 2212 confirmat,
1019 2173 1050 2203 in
1069 2172 1134 2203 illis
1150 2173 1238 2203 enim
1263 2182 1324 2211 pro
1340 2171 1420 2209 ruit,
1436 2172 1520 2212 fluit

812 2223 988 2262 scriptum.
1036 2223 1150 2253 Bene:
1177 2231 1253 2252 nam
1280 2225 1376 2252 ruunt
1402 2221 1519 2252 statim

812 2274 974 2314 sequitur.
1000 2272 1149 2304 Videtur
1163 2272 1222 2303 illa
1238 2271 1367 2302 Lucani
1384 2280 1522 2311 respex-

813 2324 878 2353 isse
909 2323 967 2354 lib.
988 2332 1043 2354 111.
1080 2325 1088 2340 ‘
1107 2332 1171 2353 non
1204 2320 1345 2352 confluit
1374 2330 1517 2362 usquam

815 2374 929 2412 Obvia
946 2374 1043 2406 turba
1060 2374 1162 2405 dnci.'
1208 2373 1263 2404 Ita
1286 2372 1376 2403 enim
1399 2372 1440 2403 ab
1458 2372 1517 2403 illo

814 2427 970 2457 relictum
988 2436 1062 2457 esse
1076 2433 1199 2456 censeo
1213 2435 1222 2463 ;
1237 2434 1311 2455 cum
1326 2433 1415 2455 nunc
1428 2424 1520 2462 lega-

815 2481 870 2507 tur
886 2476 994 2506 minus
1013 2475 1098 2506 bene
1115 2474 1275 2505 constitit:
1291 2472 1436 2513 rbfluere
1448 2472 1520 2512 ple·

815 2526 866 2557 bis
883 2528 1102 2557 securitatem
1119 2525 1246 2565 optime
1263 2523 1447 2564 exprimit:
1471 2521 1520 2552 sic

814 2582 851 2609 et
865 2582 980 2608 vestes
990 2576 1182 2617 laxaefluere
1195 2575 1368 2605 dicuntur.
1397 2571 1521 2610 Virgil.

814 2629 889 2660 AEn.
907 2636 957 2659 11.
982 2629 991 2645 ‘
1011 2628 1080 2660 Olli
1106 2635 1312 2663 convenere,
1339 2623 1517 2661 fluuntque

815 2679 858 2710 ad
869 2679 964 2719 regia
975 2678 1084 2719 plenis
1094 2678 1206 2708 Tecta
1220 2675 1281 2706 viis
1292 2674 1311 2705 :'
1328 2680 1362 2703 et
1375 2671 1432 2702 lib.
1448 2679 1519 2701 ΧΠ.

815 2729 824 2746 ‘
842 2728 986 2760 Antaeus
1000 2727 1270 2765 Mnestheusque
1283 2722 1455 2760 omnisque
1469 2728 1521 2750 re-

815 2779 906 2810 lictis
921 2777 1039 2810 Turba
1063 2775 1140 2809 fluit
1163 2772 1308 2806 castris!
1352 2774 1361 2788 ⁴
1376 2770 1522 2810 l'opulis

1357 2825 1377 2854 4
1397 2823 1425 2854 N

1453 974 1522 1005 Eu:
