1852 3182
658 235 1039 265 ssPlGRAMMA'rA.

1442 227 1555 270 1181

104 333 258 375 Editus
279 346 335 374 ex
356 335 479 372 utero
501 342 649 370 caecus
671 342 787 369 nova
806 329 976 369 lumina
997 328 1150 378 sensit,

123 382 147 400 κ
161 400 216 440 Et
237 402 382 451 stupet
403 399 594 448 ignotum
616 409 663 435 se
683 396 890 436 meruisse
911 396 1043 436 diem.

1502 387 1557 439 1'0

102 467 294 508 Lazarus
316 478 339 504 e
364 464 542 512 tumulo,
565 463 741 503 Christo
763 463 1041 513 inclamante,
1061 462 1264 515 resurgit,

158 535 214 575 Et
233 534 352 574 durae
376 534 525 573 mortis
547 533 616 572 lex
639 532 831 571 resoluta
854 533 976 584 perit.

102 601 337 643 Nutantem
361 600 502 653 quatit
523 599 644 639 unda
666 599 846 638 Petrum
866 612 875 639 :
909 599 979 639 cui
1004 599 1207 639 Christus
1230 598 1272 638 in
1293 597 1384 639 alto

155 667 212 708 Et
231 668 385 707 dextra
407 680 582 719 gressus
602 665 760 714 firmat,
782 673 825 706 et
847 679 920 706 ore
942 666 1086 706 fidem.

98 734 347 786 Exstinguis
371 732 535 774 Christi
558 733 763 785 contingit
785 732 968 773 foemina
989 737 1181 774 vestem:

154 802 252 843 Stat
272 815 398 842 cruor
419 803 462 842 in
485 803 636 851 venis3
670 803 715 842 fit
738 801 951 841 medicina
975 800 1100 842 fides.

96 869 260 910 Jussus
283 873 385 922 post
406 870 568 910 multos
590 870 779 922 graditur
799 869 1073 922 paralyticus
1097 881 1248 918 annos,

156 937 423 985 Mirandruu,
447 938 546 978 lecti
571 938 754 990 portitor
780 937 876 989 ipse
900 937 982 975 sui.

95 1073 134 1094 ex
150 1067 219 1094 tam
234 1065 318 1094 tenui
333 1064 408 1094 cibo
426 1065 557 1103 imperat
571 1065 639 1102 plus
655 1066 781 1093 restare.

830 1063 941 1093 Homo
957 1073 1052 1093 caecus
1079 1063 1127 1092 sic
1151 1066 1242 1093 natus
1266 1073 1306 1093 ex
1322 1066 1422 1094 matre
1440 1063 1558 1103 recepit

94 1107 191 1136 risum
209 1117 329 1140 norum.
345 1111 374 1136 et
390 1107 563 1136 admiratur
575 1116 606 1135 se
620 1106 821 1144 promeritum
847 1114 909 1135 esse
925 1106 1021 1136 lucem
1038 1105 1239 1144 incognitam.
1264 1105 1414 1143 Lazarus,
1432 1105 1558 1135 Christo

94 1153 231 1185 vocante,
248 1149 382 1187 resurgit
398 1159 436 1179 ex
451 1149 601 1187 sepulcro,
626 1152 655 1179 et
681 1149 733 1178 lex
749 1149 858 1178 mortis
879 1158 993 1178 sereroe
1018 1147 1138 1178 sublata
1165 1148 1328 1178 evanescit.
1373 1149 1463 1187 Aqua
1490 1157 1559 1177 con-

92 1191 169 1222 cutit
196 1192 323 1221 Petrum
339 1192 490 1222 labaulem
502 1203 511 1221 .·
536 1192 585 1221 cui
613 1191 757 1221 Christus
773 1191 804 1220 in
823 1191 904 1221 mari
919 1190 1070 1230 profundo
1085 1191 1245 1231 coufirmat
1261 1201 1351 1221 manu
1366 1191 1457 1230 pedes
1479 1190 1560 1220 titu-

96 1233 230 1271 hames,
247 1234 382 1275 ‹tfidcm
398 1244 457 1265 suo
479 1244 539 1264 ure.
587 1234 726 1264 Foemz'na
740 1235 884 1263 ‹mzittens
899 1235 1082 1271 sanguinem
1098 1234 1203 1272 tangit
1222 1234 1401 1264 vestimenta
1420 1232 1560 1262 Christi.-

94 1279 124 1306 et
145 1277 273 1315 sanguis
300 1281 434 1307 remanet
461 1277 491 1306 in
509 1277 712 1315 earnm-fides
726 1276 770 1317 fit
789 1277 850 1316 ipsi
867 1277 1044 1306 remedium.
1095 1276 1296 1316 Paralyticus
1315 1276 1405 1313 jussu
1432 1274 1560 1306 Christi

93 1319 232 1350 ambulat
246 1320 382 1351 tandem
397 1323 465 1360 post
482 1329 576 1350 annos
586 1320 764 1359 complures,
778 1319 843 1359 ipse
852 1323 920 1358 ges!
926 1329 981 1350 ans
994 1320 1105 1349 lectum
1119 1328 1220 1358 suum,
1235 1328 1305 1349 rem
1321 1318 1533 1350 admirabilem
1546 1316 1561 1348 !

763 1415 907 1447 NOTAE

98 1504 158 1525 nos
183 1492 447 1533 fragmentorum
473 1501 514 1521 ex
537 1491 686 1531 quinque
711 1490 802 1530 paui-

97 1545 158 1575 bus
189 1544 378 1579 hordaceis,
405 1552 478 1582 quae
508 1539 800 1579 superfuerunt...

98 1594 382 1626 Manducantium
411 1597 524 1622 autem
547 1590 617 1628 snit
644 1600 802 1620 numerus

97 1645 246 1686 quinque
262 1644 366 1674 millia
384 1643 542 1677 virorum,
560 1641 715 1680 exceptis
733 1650 803 1670 mu-

97 1696 237 1727 lieribus
251 1701 284 1725 et
301 1693 472 1735 parvulis!
512 1693 588 1724 Hoc
605 1692 801 1721 miraculum

98 1746 227 1777 editum
260 1751 312 1777 est
344 1746 376 1775 in
414 1744 553 1775 deserto
593 1740 803 1779 Bedrsaidae,

99 1801 190 1828 trans
213 1806 306 1827 mare
321 1794 524 1826 Tiberiadis.
572 1793 666 1823 Alias
691 1791 802 1822 Clu-is-

98 1852 150 1878 tus
198 1852 330 1886 septem
361 1846 503 1886 panibus
534 1849 569 1875 et
600 1842 802 1884 quibusdam

100 1898 271 1938 pisciculis
297 1896 391 1936 pavit
414 1897 422 1912 ‘
441 1900 587 1936 qumuor
615 1893 721 1923 millia
746 1892 802 1922 lio-

98 1949 237 1985 minum,
254 1953 352 1978 extra
370 1947 529 1987 parvulos
547 1951 581 1976 et
594 1943 773 1974 mulieres.'

142 2002 162 2030 9
188 1998 310 2038 Coecus]
333 2000 453 2028 Czrcus
479 1997 536 2026 ille
562 2001 662 2026 natus
685 1995 732 2025 sic
758 1994 804 2024 lo-

100 2049 214 2090 quitur
226 2050 268 2079 de
285 2050 430 2086 Christo,
445 2049 585 2078 ‘Lutum
601 2046 680 2077 mihi
695 2046 804 2086 posuit

101 2109 202 2141 super
216 2100 344 2133 oculos,
362 2104 395 2129 et
413 2099 477 2128 lavi
492 2103 528 2128 et
545 2096 666 2127 video!

145 2156 184 2183 10
213 2152 377 2191 thz’ssc‘]
403 2152 454 2181 Ex
473 2150 705 2181 misericordia
723 2149 803 2180 dan-

101 2203 145 2234 tis
163 2208 198 2233 et
220 2202 306 2233 fide:
331 2203 389 2232 lios
408 2201 494 2231 enim
521 2210 580 2231 sua
596 2199 680 2230 tides
697 2201 805 2230 salvos

100 2251 262 2283 faciebat.

143 2306 181 2334 ll
229 2304 352 2333 Clu-iseo
388 2301 588 2340 inclamante]
635 2301 803 2338 Christus,

99 2355 108 2371 ‘
128 2364 209 2385 voce
233 2364 357 2390 may-rna
381 2353 553 2391 clamavit,
579 2352 701 2382 Lazare
727 2351 801 2381 veni

100 2404 203 2437 foras.
250 2406 293 2435 131
318 2405 430 2434 statim
456 2402 595 2444 prodiit,
611 2402 666 2442 qui
688 2400 802 2432 fuerat

102 2462 265 2494 mortum,
279 2457 399 2488 ligatus
416 2453 544 2494 pede&
561 2456 624 2484 &a

147 2509 185 2537 12
209 2506 308 2536 Dura·
324 2507 434 2536 unm-tis
446 2504 513 2544 leae]
537 2504 623 2536 Quae
636 2503 805 2534 neminem

103 2556 183 2588 sinit
198 2565 390 2598 resurgere.
780 2551 785 2555 ⁴

146 2609 186 2638 13
210 2606 356 2646 Petrum]
380 2607 448 2638 Hic
471 2607 480 2624 ‘
495 2605 691 2637 ambulabat
705 2612 807 2646 super

858 1500 990 1529 aquam,
1007 1489 1065 1519 sed
1083 1499 1158 1519 cum
1176 1489 1336 1528 coepisset
1359 1488 1479 1529 mergi,
1494 1489 1561 1520 cla-

858 1541 962 1568 mavit
976 1538 1104 1577 (licens,
1120 1539 1266 1569 Domine
1278 1539 1407 1568 salvum
1422 1548 1474 1569 me
1489 1537 1562 1570 fac:

858 1595 892 1619 et
910 1589 1070 1619 continuo
1085 1589 1185 1620 Jesus
1210 1588 1397 1618 extendens
1413 1597 1562 1627 manum,

859 1638 1087 1678 apprehendit
1107 1648 1196 1676 eum,
1213 1642 1247 1668 et
1261 1638 1307 1667 ait
1326 1637 1386 1676 illi,
1409 1637 1559 1668 Modicae

857 1687 951 1725 fidei,
969 1697 1073 1728 quare
1091 1687 1290 1718 dubitasti?

901 1741 938 1768 15
969 1738 1165 1778 Exsanguz's]
1190 1738 1476 1775 Haemorrhoissa,
1500 1745 1560 1767 seu

855 1790 864 1806 ‘
880 1789 1000 1819 mulier
1017 1799 1091 1829 quae
1116 1788 1291 1828 sauguinis
1307 1786 1435 1818 fluxum
1457 1787 1564 1827 patie-

859 1841 972 1879 batur,
1000 1840 1180 1871 duodecim
1210 1840 1316 1878 aunis,
1341 1849 1404 1870 uec
1430 1838 1472 1869 ab
1496 1839 1564 1869 ullo

857 1892 974 1922 medico
991 1891 1102 1932 potuit
1120 1891 1246 1929 curari,
1263 1890 1379 1929 tetigit
1395 1889 1563 1919 fimbriam

859 1943 1052 1973 vestimenti
1070 1942 1156 1982 ejus,
1169 1946 1202 1972 et
1220 1940 1399 1971 confestim
1413 1941 1563 1970 siccatus
1585 1945 1588 1948 ·

857 1999 912 2024 est
927 1992 1003 2023 fons
1022 1991 1219 2033 sanguinis!

903 2048 945 2075 16
986 2044 1037 2075 Fit
1067 2044 1222 2074 medicina
1249 2043 1349 2084 fides]
1387 2044 1396 2059 ‘
1421 2041 1564 2073 Confide

860 2095 950 2134 filia‚’
969 2096 1083 2125 aiebat
1108 2095 1279 2125 Christus:
1310 2097 1319 2110 ‘
1335 2092 1421 2124 fides
1446 2098 1505 2124 tua
1530 2098 1563 2123 te

860 2147 987 2177 salvam
1004 2144 1110 2176 fecit)

904 2200 943 2227 17
971 2195 1182 2236 paralyticus]
1212 2195 1267 2225 Sic
1284 2195 1420 2233 dicitur,
1435 2193 1496 2224 ἀπὸ
1509 2193 1565 2223 τοῦ

859 2246 1038 2287 παραλύειν,
1052 2247 1229 2283 dissolvere,
1246 2245 1334 2286 quod
1357 2246 1410 2276 hic
1427 2245 1565 2276 morbus

860 2300 1009 2330 resolvat
1025 2297 1189 2336 membra,
1211 2302 1247 2327 et
1272 2296 1351 2336 ipsis
1375 2305 1508 2326 sensum
1526 2304 1565 2325 ac

860 2354 987 2380 motum
1006 2348 1144 2379 adimat.
1201 2347 1302 2378 Hunc
1324 2354 1448 2385 autem,
1464 2354 1564 2386 quem

834 2425 837 2427 .
860 2402 868 2417 ⁴
888 2409 947 2440 per
964 2398 1096 2439 tegulas
1113 2397 1369 2434 submiserunt,'
1392 2396 1439 2426 sic
1456 2395 1565 2427 Chris-

861 2457 916 2481 tus
932 2451 1124 2491 alloquutus
1138 2454 1209 2479 est:
1235 2450 1244 2465 ‘
1257 2448 1380 2489 Surge,
1393 2447 1476 2478 tolle
1493 2454 1564 2486 gra-

859 2501 977 2532 batum
995 2507 1102 2538 tuum,
1117 2504 1153 2530 et
1169 2499 1325 2530 ambula.'
1370 2497 1462 2529 Hinc
1484 2495 1564 2527 dici-

861 2556 930 2592 tur,
944 2550 1016 2582 lecti
1028 2550 1165 2591 portitor
1177 2549 1243 2590 ipse
1255 2549 1314 2580 sui.
