1852 3182
518 217 580 247 DE
614 217 676 246 tv.
709 215 847 245 CONS·
879 214 1066 244 HONOR.

60 316 176 347 mittas
194 322 229 347 et
255 315 422 348 incautius
449 322 539 353 agas.
584 310 757 341 Securitas

59 367 199 397 ninnium
227 371 388 406 quantum
416 372 523 394 nocua
553 361 758 391 t’stmilitrui

59 415 263 447 fortitwtim.
324 414 430 445 Etiam
474 411 642 441 Fortuizae.
679 410 759 440 Vel-

58 466 154 504 leius,
173 468 228 496 nb.
250 475 286 496 ιι.
305 465 335 494 iu
354 464 450 494 clude
469 461 637 491 Variana:
661 461 669 476 ⁴
690 460 758 490 Nc-

57 517 180 548 minem
211 516 355 547 celerius
383 513 540 554 opprimi,
571 522 669 553 quam
701 512 758 553 qui

58 568 139 598 nihil
171 567 318 598 timeret.
372 566 413 595 Et
446 562 756 604 frequentissimum

57 617 190 648 initium
203 626 276 646 esse
290 615 504 651 calamitatis,
517 611 759 644 securitatem!

98 665 270 704 Remulus]
302 664 355 696 Ab
384 675 477 700 arcu,
505 664 602 703 cujus
627 663 758 693 remissi

49 717 146 757 jacet
164 726 250 746 usus.
293 716 458 746 Salustius
473 715 516 745 dc
535 714 662 744 Mario:
687 715 695 729 ‘
709 713 758 743 ui-

55 765 101 796 hil
125 766 215 805 apud
245 774 279 795 se
308 766 496 803 natussum,
527 765 617 805 apud
643 765 758 794 hostes

55 820 162 846 tutmn
180 815 274 856 pati!
297 815 413 846 Barth.
693 821 695 823 ’

96 867 159 896 334
184 867 299 897 Multis
312 867 456 896 damnosa
465 864 598 902 suerunt
616 863 758 903 Gaudia]

52 917 244 947 Exsultatio
300 916 499 946 inconsulta⁸
554 914 756 945 securitatis.

53 966 205 1006 Curtius,
231 967 289 998 lib.
307 976 355 997 vr.
379 970 387 983 ‘
408 967 521 996 Parva
549 974 640 1004 scope
670 964 756 994 svin-

54 1018 128 1048 tilla
153 1023 328 1048 contenda
353 1027 509 1057 maguum
527 1015 692 1046 excitavit
710 1015 757 1044 in-

53 1067 220 1099 cendium.
267 1068 324 1099 Nil
344 1073 416 1098 tuto
433 1067 466 1097 in
491 1068 587 1097 hoste
611 1065 757 1105 despici-

52 1122 128 1148 tur:
171 1127 270 1158 quem
309 1117 492 1158 spreveris,
534 1117 757 1147 valentiorem

51 1167 260 1207 negligentia
275 1167 404 1198 far-ies!
429 1167 526 1197 Idem.

93 1219 154 1248 335
179 1216 350 1258 Somnoque
370 1216 479 1256 soluti]
505 1216 582 1247 Non
600 1215 756 1247 observa-

52 1267 95 1299 tis
112 1268 242 1309 legibus
260 1274 295 1299 et
313 1278 404 1299 more
423 1268 567 1306 militiae,
583 1267 707 1298 deinde
722 1267 756 1298 in

50 1322 224 1358 torporem
262 1318 406 1358 crapula
442 1317 606 1358 feriisque
643 1317 756 1356 soluti,

51 1369 253 1399 somnolenti
272 1368 429 1408 appetitu
454 1368 595 1399 luxuriae
618 1372 653 1399 ct
670 1377 756 1398 mar-

50 1418 119 1449 cidi
137 1417 262 1450 effccti.
287 1419 386 1450 Idem.

93 1472 156 1500 336
180 1469 302 1509 Soepius
329 1470 461 1499 incautae
490 1469 594 1500 nocuit
625 1469 756 1499 victoria

49 1519 163 1560 turba]
196 1519 389 1550 Prudentia
404 1520 560 1550 nimirum
573 1519 756 1559 jungenda

42 1571 215 1611 rpotcutiae
229 1576 265 1601 et
283 1569 456 1608 felicitati,
470 1576 505 1600 ut
516 1571 638 1600 scitum
652 1569 757 1610 Apol-

48 1621 138 1652 lonio
156 1622 320 1662 Tyanaeo,
335 1621 445 1661 Epist.
463 1629 523 1651 xx.
560 1621 634 1652 Nec
653 1620 754 1651 facile

0 1672 1 1686 ³
48 1671 107 1702 illa
123 1672 202 1703 alibi
228 1672 336 1712 magis
360 1682 460 1713 quam
485 1673 519 1703 in
545 1671 670 1702 talibus
687 1672 757 1702 clu-

50 1726 119 1753 cet.

91 1771 213 1813 Saepius
228 1771 376 1812 incautoe]
406 1771 582 1802 Velleius:
616 1772 625 1788 ‘
645 1771 755 1802 Nemo

49 1822 196 1854 celerius
223 1823 440 1864 opprimitur,
467 1832 568 1864 quam
591 1822 649 1863 qui
674 1823 756 1853 nihil

49 1872 168 1905 timet!
192 1874 314 1905 Barth.

91 1926 154 1955 337
180 1924 251 1954 Neu
277 1923 337 1954 tibi
364 1923 515 1964 regificis]
550 1923 756 1963 Temperan-

50 1976 130 2006 tiam
153 1975 228 2015 jam
244 1974 445 2005 Prudentiae
467 1973 607 2005 militari
627 1973 756 2014 jungit,

47 2025 223 2057 laudatam
246 2025 336 2055 omni
352 2023 515 2055 laudabili
539 2024 572 2054 iu
589 2023 756 2064 principe.

49 2077 148 2108 Idem.

92 2128 155 2158 338
178 2124 328 2164 Deliciis]
353 2124 605 2155 Abstinentiam
623 2123 758 2154 delicia-

48 2187 124 2209 rum
149 2174 366 2206 commendat
383 2185 442 2215 pro
470 2183 598 2205 summa
629 2174 756 2204 virtute

48 2228 82 2259 in
99 2226 298 2266 Stilichone,
323 2225 466 2267 aliisque
493 2225 665 2256 Heroibus
687 2225 755 2256 suis

49 2278 197 2311 caeteris.

92 2329 232 2361 Imbelles
247 2329 287 2359 ad
313 2327 404 2367 signa
428 2326 594 2368 maniplos]
620 2328 674 2359 Ne
702 2337 759 2368 ap-

50 2384 207 2421 paratum
235 2379 383 2410 aulicum
410 2378 573 2409 militibus
599 2378 757 2418 misceas,

49 2441 91 2463 ne
108 2430 377 2473 pocillatoribus‚
402 2429 543 2470 aliisque
565 2438 757 2460 mensarum

50 2483 198 2522 asseclis,
213 2481 403 2522 manipulos
421 2479 555 2512 farcias.
579 2480 698 2511 Barth.

91 2534 143 2565 Aa
164 2534 256 2573 signa
281 2530 455 2571 ministros]
492 2531 638 2563 Rectius
663 2530 756 2571 prior

51 2585 179 2616 Moreti
203 2594 279 2616 cum
302 2593 366 2615 nno
378 2580 480 2615 Med.
506 2583 676 2624 maniplos:
699 2592 755 2613 ne-

49 2643 116 2675 que
140 2635 237 2665 aliter
262 2638 428 2675 excerpta
452 2633 635 2674 Pomponii
657 2633 755 2665 Laeti.

50 2683 98 2715 D.
112 2683 225 2714 Heius.

92 2737 158 2765 339
182 2734 252 2765 Neu
259 2733 414 2773 flantibus
429 2734 557 2774 austris,
570 2744 629 2765 neu
641 2735 754 2775 pluviis

49 2783 154 2825 cedas]
177 2783 427 2825 Argumentum
441 2784 506 2816 hoc
530 2785 633 2816 annui
649 2785 752 2817 bella-

1398 209 1512 251 1:349

811 309 858 340 cis
873 313 908 340 et
926 308 1043 339 invicti
1061 307 1187 340 habent
1204 309 1236 339 in
1256 310 1407 341 Ducibus
1425 313 1513 352 opti-

811 361 872 390 mis
898 360 1104 399 Scriptores.
1163 359 1297 389 Hirtius
1335 359 1376 390 de
1415 361 1511 393 Bello

811 410 974 441 Africano
991 421 998 439 2
1023 412 1030 426 ‘
1049 409 1219 440 Labienus
1236 410 1269 439 in
1286 420 1384 450 equo,
1399 413 1513 451 capite

811 461 911 498 nudo,
937 461 1062 491 versari
1087 460 1120 491 in
1139 460 1247 500 prima
1273 458 1367 490 acie?
1412 460 1514 499 Spar-

811 511 920 541 naum
939 511 1108 541 Adriano:
1133 511 1141 527 ‘
1162 510 1304 550 Frigora
1317 516 1352 539 et
1369 512 1514 549 tempes-

811 566 902 592 tates
930 568 996 592 tam
1027 562 1197 601 patienter
1225 559 1317 598 tulit,
1347 563 1386 589 ut
1412 564 1515 599 caput

810 622 980 652 nunquam
999 611 1158 651 tege·‹·t.'
1181 610 1298 642 Barth.

854 666 916 694 340
939 662 1134 701 Defert-utra]
1159 661 1389 692 Prohibitura.
1414 660 1513 692 Idem.

854 715 914 744 341
945 712 1144 751 Umbrae-ula]
1168 711 1261 742 Auro
1277 716 1376 742 texta
1387 711 1517 750 tapetia

811 773 869 795 seu
885 764 971 802 vela,
997 764 1119 804 quibus
1135 762 1285 793 obtentis
1301 761 1417 792 calens
1443 761 1516 792 dies

813 816 1045 845 avertebatur.
1072 813 1169 844 Idem.

853 867 915 895 342
942 864 1080 895 Inventis
1096 868 1183 894 utare
1199 862 1293 902 cibis]
1326 861 1513 894 Abstinen-

811 915 891 945 tiam
904 914 1083 945 Theodosii
1106 914 1243 945 laudant
1261 918 1294 944 et
1311 913 1352 944 Β.
1369 912 1513 944 Ambro-

810 965 890 1003 sius,
904 965 1113 995 Victorinus.
1149 964 1322 995 Laudatur
1339 963 1371 994 in
1391 963 1513 994 Heroi-

809 1014 870 1045 bus
887 1015 960 1045 aliis
975 1015 1043 1045 cibi
1062 1014 1224 1054 parcitas.

853 1064 999 1095 Salabere
1014 1067 1120 1103 parles
1142 1063 1271 1102 sEquali
1295 1063 1406 1093 sudore
1429 1062 1514 1102 tuas]

811 1115 994 1154 Nunquam
1013 1114 1180 1153 promtior
1195 1113 1236 1142 ad
1253 1112 1376 1142 Martis
1399 1112 1515 1142 munia

809 1165 918 1204 miles,
955 1174 1053 1205 quum
1092 1164 1251 1204 exemplo
1290 1162 1513 1202 Imperatoris

809 1220 1006 1254 conspecto.
1030 1214 1147 1245 Barth.

852 1268 912 1296 345
937 1264 1047 1295 Sumla
1068 1275 1105 1295 ne
1127 1265 1245 1305 pudeat
1269 1273 1412 1304 quercum
1434 1267 1515 1294 stra-

807 1316 900 1356 visse]
933 1317 988 1347 De
1005 1316 1140 1346 Caesare
1159 1316 1337 1346 Lucanus:
1371 1314 1381 1331 ⁴
1398 1314 1517 1354 Impli-

808 1367 896 1398 citas
913 1376 1037 1406 magno
1054 1366 1169 1397 Caesar
1197 1371 1334 1406 torpore
1358 1366 1514 1396 cohortes

808 1417 858 1448 Ut
874 1417 969 1456 vidit,
996 1421 1127 1456 raptam
1157 1416 1284 1456 primus
1305 1415 1438 1446 vibrare
1466 1415 1513 1446 bi-

809 1477 953 1508 pennem
971 1466 1098 1506 Ausus,
1114 1471 1149 1498 et
1167 1466 1302 1497 aeream
1318 1464 1410 1497 ferro
1427 1475 1515 1507 prae-

808 1518 923 1549 cidere
940 1516 1127 1557 quercum.'
1156 1516 1249 1547 Idem.

852 1570 913 1598 347
939 1567 1068 1598 Fluvios
1083 1570 1116 1597 lu
1131 1570 1255 1606 protere
1270 1564 1379 1605 curru]
1415 1564 1514 1596 Cursu

807 1618 988 1659 legendum
1003 1627 1079 1648 cum
1093 1617 1204 1648 Dclrii
1218 1616 1349 1655 codice,
1361 1625 1427 1646 uno
1440 1616 1515 1647 Me-

808 1669 917 1707 diceo,
934 1668 1116 1709 Excerptis
1134 1668 1388 1707 Pomponianis,
1402 1672 1437 1698 ct
1449 1668 1516 1699 Va-

809 1721 933 1752 ticanis
961 1720 1114 1751 duobus:
1148 1719 1270 1759 probat
1294 1719 1398 1749 etiam
1425 1718 1516 1749 curis

809 1770 968 1802 secundis
986 1769 1163 1800 Barthius.
1209 1769 1355 1799 Cursum
1382 1768 1516 1799 natatui

808 1821 963 1862 opponit.
1008 1819 1179 1850 Hoerentes
1206 1819 1310 1850 etiam
1338 1827 1401 1859 pro
1430 1818 1515 1849 Hor-

807 1875 922 1912 renles‚
953 1870 1075 1910 scripti
1106 1869 1317 1910 paucissimis
1335 1868 1512 1909 exceptis:

808 1921 899 1963 quod
932 1926 1024 1952 recte
1066 1919 1323 1960 Raphelengius
1364 1923 1514 1950 secutus.

807 1973 963 2012 Scriptor
991 1971 1035 2001 de
1062 1970 1153 2001 laud.
1187 1970 1331 2001 Hercul.
1369 1970 1378 1986 ‘
1398 1969 1514 2000 solidis

808 2023 981 2054 haererent
996 2020 1136 2052 flumina
1147 2019 1317 2060 lymphis.’
1341 2019 1385 2050 D.
1402 2019 1516 2051 Heius.

851 2077 914 2105 348
939 2071 1082 2111 Natatu]
1106 2071 1260 2103 Natandi
1278 2071 1403 2111 peritia
1413 2080 1515 2112 qnam

809 2126 975 2167 requisita
990 2122 1202 2164 principibus
1226 2121 1349 2153 doceat
1364 2122 1516 2152 velSue-

810 2178 936 2216 tonius,
962 2175 1018 2216 qui
1046 2175 1136 2205 inter
1164 2172 1358 2204 rudimenta
1395 2171 1516 2205 refert.

809 2227 956 2269 Augusti
982 2235 1058 2266 cap.
1075 2227 1128 2256 64.
1175 2223 1405 2255 Athenienses
1432 2232 1516 2254 nare

810 2278 982 2310 docebant
998 2285 1120 2318 pueros
1148 2284 1226 2306 cum
1252 2274 1371 2316 primis
1395 2274 1517 2306 literis.

809 2330 926 2361 Barth.

851 2373 915 2410 349
942 2379 1031 2411 Nunc
1046 2379 1148 2420 eques]
1171 2377 1263 2408 Laus
1280 2376 1516 2417 Imperatoris,

809 2432 1019 2464 confortatio
1035 2431 1167 2470 militis,
1192 2428 1319 2470 praeire
1333 2428 1454 2470 ipsum,
1479 2431 1515 2458 et

808 2483 962 2524 pericula
992 2482 1134 2524 aggredi
1166 2480 1369 2522 principem.
1414 2478 1514 2509 Silius

808 2534 962 2575 Italicus,
990 2533 1049 2565 lib.
1069 2543 1128 2566 Χν.
1151 2534 1160 2551 ‘
1177 2533 1292 2565 alacer
1314 2529 1514 2572 praecedere

808 2585 953 2617 ductor!
976 2586 1077 2617 Idem.

852 2639 915 2668 350
939 2637 1041 2668 Pedes
1056 2636 1182 2668 assistas
1193 2632 1309 2675 pediti]
1333 2631 1388 2663 Ne
1401 2639 1465 2671 qua
1479 2629 1513 2659 in

809 2697 846 2720 re
876 2688 1141 2728 praerogativam
1167 2686 1302 2722 habeas,
1328 2686 1387 2713 aut
1404 2680 1512 2720 potio·-

807 2747 878 2770 rem
895 2736 1182 2769 commilitonibus
1198 2735 1308 2766 locum
1332 2732 1364 2762 in
1382 2739 1512 2770 campo.

848 2789 1012 2820 Promtius
1036 2787 1124 2818 ibunt
1153 2786 1196 2818 Te
1220 2782 1317 2824 socio]
1340 2779 1510 2814 Commili-
