1851 3213
313 235 428 278 1104
743 246 816 277 cr..
849 244 1131 276 CLAUDIAM
1166 244 1347 274 XLv111.

314 342 415 384 Indi
435 342 652 383 littoribus
669 342 801 382 rubra
821 344 1068 382 scrutantur
1089 340 1135 381 in
1156 340 1271 393 alga.
1716 337 1772 377 15

314 409 433 451 Nam
454 410 570 451 ferro
590 410 747 451 meruit
764 410 917 458 vitam,
940 409 1127 462 ferrique
1148 408 1288 460 rigore

314 477 539 519 Vescitur.
601 477 704 517 Hoc
728 477 884 517 dulces
905 477 1072 528 epulas,
1093 476 1176 516 hoc
1197 475 1362 528 pabula
1379 474 1516 516 novit.

318 544 438 586 Hinc
460 545 661 598 proprias
680 546 860 584 renovat
881 543 1018 583 vires:
1052 542 1195 583 infusa
1214 555 1292 595 per
1314 545 1434 583 artus

318 612 495 666 Aspera
514 614 724 652 secretum
742 613 918 651 servant
938 610 1146 650 alimenta
1165 609 1375 661 vigorem.

318 680 424 721 Hoc
448 680 629 721 absente
649 679 790 732 perit:
822 678 934 719 tristi
953 677 1186 717 morientia
1207 680 1376 729 torpent
1720 673 1779 715 20

319 747 524 788 Membra
544 747 674 794 fame,
692 758 916 796 venasque
940 745 1041 784 sitis
1063 744 1279 784 consumit
1298 748 1491 796 apertas.

320 814 521 863 Mavors,
543 812 782 864 sanguinea
803 811 878 862 qui
901 809 1087 861 cuspide
1108 810 1312 850 verberat
1332 810 1478 859 urbes,

319 882 378 923 Et
395 881 571 928 Venus,
592 879 807 919 humanas
828 890 928 930 quae
948 877 1075 917 laxat
1093 877 1138 916 in
1159 877 1249 916 otia
1269 890 1409 927 curas,

320 948 479 989 Aurati
499 946 680 987 delubra
702 948 853 985 tenent
870 944 1117 984 communia
1135 944 1302 996 templi.

321 1015 500 1069 Effigies
524 1027 612 1054 non
629 1026 716 1054 una
738 1012 874 1053 Deis:
910 1012 984 1052 sed
1005 1011 1145 1052 ferrea
1163 1011 1322 1052 Martis
1727 1011 1785 1053 25

322 1082 484 1123 Forma
502 1082 632 1122 nitet:
665 1080 885 1121 Venerem
905 1080 1151 1133 magnetica
1167 1092 1340 1132 gemma
1360 1079 1532 1133 figurat.

322 1149 417 1190 Illis
439 1149 702 1190 connubium
726 1148 919 1189 celebrat
940 1147 992 1186 de
1013 1159 1132 1187 more
1150 1147 1378 1187 sacerdos.

319 1267 424 1307 rubro,
447 1269 480 1300 in
503 1270 596 1300 terris
617 1269 769 1300 Orientis.
820 1269 945 1300 Etenim
968 1270 1113 1309 Magnes
1136 1271 1245 1299 nactus
1272 1271 1316 1299 est
1347 1267 1445 1298 vitam
1465 1276 1507 1297 ex
1527 1265 1631 1305 ferro,
1655 1268 1684 1296 et
1709 1265 1788 1296 vivit

324 1312 441 1342 duritie
454 1312 550 1350 ferri.
596 1312 667 1342 Hoc
689 1312 843 1351 cognoscit
861 1317 898 1341 ut
921 1312 1155 1342 nutrimentum.
1201 1311 1288 1341 Hinc
1303 1313 1459 1340 restaurat
1482 1309 1563 1339 vires
1579 1319 1660 1340 suas.
1707 1309 1790 1339 Esca

325 1354 398 1385 haec
420 1356 499 1385 dura
523 1353 640 1394 diffusa
662 1364 720 1393 per
743 1357 850 1394 partes
864 1354 1052 1393 Magnetis,
1076 1356 1236 1384 conservat
1259 1353 1322 1392 ipsi
1346 1352 1491 1382 virtutem
1508 1361 1664 1382 arcanam.
1709 1351 1791 1381 Lan-

322 1400 399 1436 guet
415 1397 469 1427 hoc
486 1396 576 1427 ferro
591 1399 718 1426 remoto.
767 1397 884 1436 Corpus
909 1397 983 1435 ejus
1011 1396 1184 1436 Magnetis
1205 1395 1348 1436 deficiens
1375 1394 1535 1424 marcescit
1556 1393 1645 1431 fame
1673 1396 1792 1433 moesta,

325 1443 355 1469 et
371 1439 442 1469 sitis
456 1439 589 1469 absumit
602 1442 723 1469 meatus
737 1439 810 1478 ejus
822 1438 955 1478 patulos.
993 1439 1094 1477 Mars,
1110 1438 1162 1477 qui
1185 1447 1260 1468 cum
1283 1437 1372 1467 hasta
1385 1439 1515 1467 cruenta
1534 1436 1669 1476 percutit
1690 1435 1793 1474 urbes,

325 1485 355 1512 et
381 1481 493 1521 Venus,
511 1492 577 1521 quse
588 1482 679 1511 solvit
699 1481 911 1511 solicitudines
929 1481 1086 1511 hominum
1105 1481 1139 1511 in
1164 1480 1312 1519 requiem,
1335 1479 1445 1510 habent
1469 1480 1611 1510 sacellam
1637 1487 1792 1510 commune

325 1524 360 1554 in
379 1525 491 1564 templo
511 1534 615 1555 aureo.
660 1523 776 1554 Statua
794 1533 854 1554 non
888 1533 951 1553 una
976 1528 1027 1554 est
1052 1524 1129 1554 Diis
1153 1523 1283 1553 duobus
1303 1534 1310 1553 z
1332 1523 1386 1552 sed
1414 1525 1521 1552 statua
1542 1521 1663 1552 Martis
1681 1519 1790 1557 ferrea

325 1568 484 1607 splendet:
505 1566 680 1607 margarita
706 1567 882 1605 magnetica
902 1570 1104 1606 reprcesentat
1126 1566 1280 1596 Venerem.
1332 1564 1485 1595 Sacerdos
1504 1563 1589 1602 facit
1614 1563 1791 1602 conjugium

938 1647 1172 1658 eeeeeeeeeeee

328 1705 444 1736 Parni.
468 1707 591 1745 superet
607 1704 688 1735 vat.
704 1713 756 1744 pr.
772 1713 817 1734 m.
835 1713 902 1735 sec.
931 1702 990 1733 an·
1005 1703 1084 1733 Vat.
1102 1707 1254 1735 sem—15
1281 1703 1377 1734 Indus
1402 1706 1561 1734 scrutatur
1584 1704 1664 1734 Vat.
1686 1702 1794 1734 Livin.

330 1747 424 1778 India
442 1748 534 1778 Rott.
559 1748 632 1777 Indi
647 1750 826 1777 scrutantur
843 1746 927 1777 Exc.
947 1746 1096 1776 Lucens.
1113 1756 1165 1785 pr.
1193 1747 1273 1778 Var.
1297 1747 1365 1777 LL.
1393 1756 1410 1777 e
1438 1756 1544 1786 marg.
1560 1746 1674 1777 Parm.
1690 1752 1725 1777 et
1740 1745 1794 1776 ed.

330 1789 437 1820 Antv.
462 1790 549 1820 Imlz's
562 1791 641 1821 Vat.
659 1800 727 1820 sec.
755 1790 878 1820 Petav.
907 1799 976 1819 sec.
1003 1788 1079 1819 Ald.
1104 1789 1177 1819 Indi
1204 1789 1285 1819 Pur.
1313 1789 1430 1819 Ambr.
1456 1793 1536 1820 tert.
1564 1789 1649 1820 Cod.
1679 1788 1796 1829 Epigr.

330 1832 449 1863 Ambr.
473 1836 652 1863 scrutantur
667 1834 747 1863 Vat.
764 1842 831 1863 sec.
850 1832 954 1863 Hafn.
970 1832 1097 1862 Petav.
1116 1842 1181 1862 sec.
1207 1831 1327 1863 Anibr.
1345 1837 1424 1863 tert.
1443 1832 1526 1862 Cod.
1539 1831 1660 1873 Epigr.
1676 1830 1795 1862 Ambr.

330 1876 526 1914 nigra...alga
541 1876 667 1906 Moret.
685 1885 736 1915 pr.
753 1875 1016 1913 rubram...algam
1030 1875 1110 1904 Vat.
1129 1884 1178 1914 pr.
1195 1875 1304 1905 Oisel.
1322 1874 1440 1905 Ambr.
1460 1884 1512 1913 pr.
1525 1873 1620 1904 Med.
1638 1876 1796 1905 sem—16

332 1916 518 1955 Namferro
538 1917 629 1949 Med.
644 1927 712 1948 sec.
730 1916 850 1948 Ambr.
877 1927 928 1956 pr.
946 1927 988 1947 m.
1009 1926 1076 1947 sec.
1102 1918 1182 1948 Vat.
1199 1917 1306 1947 Livin.
1324 1918 1408 1948 Exe.
1435 1917 1514 1947 Pat.
1533 1926 1603 1947 rec.
1629 1917 1683 1946 Ex
1704 1915 1796 1953 ferro

332 1960 400 1991 dno
414 1961 511 1991 Vatt.
527 1961 621 1991 Rott.
639 1958 744 1990 Hafn.
773 1961 813 1993 Et
828 1961 908 1990 Vat.
926 1970 979 2000 pr.
996 1960 1080 1990 Put.
1105 1960 1211 1999 vigore
1227 1961 1304 1990 Vat.
1320 1970 1372 2000 pr.
1403 1960 1495 1989 Med.
1517 1969 1583 1990 sec.
1611 1957 1729 1988 Ambr.
1743 1968 1796 1997 pr.

332 2004 472 2042 vigorem
499 2002 607 2033 Hafn.
632 2003 768 2042 rigorem
796 2002 916 2033 Ambr.
944 2005 1111 2033 tert.—l7
1148 2002 1197 2032 hic
1220 2003 1411 2034 dulces...kic
1428 2003 1557 2033 Moret.
1575 2010 1624 2041 pr.
1648 2000 1796 2031 hoc...hoc

334 2046 484 2076 Floreut.
501 2046 580 2077 Put.
599 2046 666 2076 duo
694 2046 815 2076 Petav.
835 2044 951 2076 Ambr.
982 2049 1062 2075 tert.
1092 2044 1224 2075 ssuslid.
1242 2045 1327 2076 Cod.
1356 2045 1474 2085 Epigr.
1495 2044 1610 2075 Ambr.
1626 2043 1712 2074 Exc.
1731 2043 1798 2073 Lu-

334 2097 423 2119 cens.
440 2098 489 2128 pr.
507 2088 588 2120 And.
605 2089 685 2119 Var.
704 2089 770 2119 LL.
784 2099 802 2119 e
815 2098 920 2127 marg.
937 2088 1052 2118 Parm.
1077 2088 1141 2118 hoec
1157 2088 1238 2118 Vat.
1256 2098 1307 2128 pr.
1331 2088 1442 2119 Oisel.
1458 2086 1554 2118 Med.
1581 2096 1648 2117 sec.
1677 2084 1798 2118 Ambr.

332 2140 384 2171 pr.
397 2131 463 2161 inc.
479 2131 599 2161 Heius.
614 2132 699 2162 Exc.
716 2132 813 2162 Laeti.
832 2131 886 2160 Ιιοο
897 2132 999 2161 dulces
1010 2131 1142 2160 Bonon.
1158 2132 1261 2169 epulas
1272 2132 1375 2161 dulces
1385 2131 1466 2161 Vat.
1482 2140 1549 2163 sec.
1560 2130 1625 2160 hoec
1637 2129 1717 2159 Var.
1730 2128 1798 2159 LL.

335 2173 389 2204 ed.
406 2173 600 2205 Antv.—18
622 2184 748 2204 reum-as
765 2175 845 2204 Vat.
864 2178 943 2204 tert.
969 2177 1090 2203 revocat
1108 2173 1239 2203 anlid.
1263 2173 1367 2210 infusa
1383 2174 1461 2204 Vat.
1491 2182 1540 2212 pr.
1569 2172 1676 2203 Oisel.
1701 2170 1798 2201 Med.

336 2225 403 2246 sec.
419 2215 537 2247 Ambr.
555 2227 605 2256 pr.
629 2217 701 2247 hinc
710 2216 785 2254 fusa
804 2217 936 2247 al.—19
960 2216 1082 2254 rigores
1100 2214 1204 2246 Hafn.
1228 2217 1366 2255 rigorem
1383 2217 1458 2246 Vat.
1475 2220 1555 2245 tert.
1571 2224 1614 2244 m.
1632 2223 1682 2253 pr.
1705 2223 1798 2253 vapo-

335 2268 402 2288 rem
417 2259 470 2288 vel
486 2259 622 2297 rigorem
639 2260 768 2290 Moret.
784 2261 922 2299 pin—20
946 2259 1013 2289 Hic
1031 2263 1065 2288 et
1091 2268 1160 2298 seq.
1189 2268 1304 2289 versus
1319 2258 1560 2288 desiderantur
1586 2257 1619 2286 in
1640 2256 1720 2287 Vat.
1749 2265 1799 2296 pr.

337 2304 373 2332 et
389 2300 586 2332 Oisel.—·22
610 2303 796 2341 sanguineas
810 2302 978 2332 Put.-23
1002 2302 1096 2331 lassat
1111 2302 1239 2331 Moret.
1257 2310 1307 2340 pr.
1331 2301 1364 2330 in
1380 2301 1443 2330 otia
1463 2303 1573 2339 gentes
1600 2298 1720 2329 Ambr.
1747 2308 1799 2339 pr.

335 2343 456 2374 Sched.
474 2343 650 2374 Gud.—24
674 2344 846 2375 communia
862 2345 916 2375 vel
929 2344 1073 2374 convivia
1103 2344 1226 2374 Moret.
1257 2346 1396 2383 pr.-—26
1420 2343 1535 2373 Forma
1561 2341 1644 2373 ciret
1675 2341 1800 2372 Petav.

337 2395 389 2426 pr.
415 2386 584 2424 Magnetia
601 2385 813 2418 Hafn.Med.
827 2396 895 2418 sec.
920 2386 1110 2426 Magnetida
1125 2386 1203 2417 Vat.
1231 2389 1310 2417 tert.
1328 2387 1423 2417 Rott.
1439 2386 1676 2416 Florent.—27
1699 2379 1800 2422 conju-

993 2481 1135 2513 NOTAE

382 2553 422 2581 16
451 2550 573 2591 Vitam]
595 2551 716 2582 Thales
733 2551 873 2582 dicebat
894 2551 926 2581 iu
944 2552 1043 2591 Mag·
1094 2550 1120 2581 si
1136 2549 1224 2581 farne
1239 2555 1275 2582 et
1290 2550 1346 2582 siti
1359 2553 1628 2582 consumeretur.

338 2605 419 2632 nete
433 2601 575 2632 animani
591 2611 677 2640 esse,
693 2611 766 2642 quae
785 2601 928 2632 viveret.
1139 2603 1179 2631 24
1196 2601 1314 2632 Αιιναίἰ
1328 2600 1449 2641 templi]
1466 2600 1517 2631 Ex
1530 2598 1622 2630 fastu
1637 2598 1800 2632 Romanae

383 2653 422 2682 17
452 2651 610 2691 Vescitur]
634 2652 768 2690 Nempe
782 2654 962 2681 recreatur
976 2650 1043 2681 fer·
1098 2651 1366 2691 superstitionis.

341 2710 391 2740 ro,
409 2710 468 2732 seu
484 2700 564 2731 ferri
579 2701 726 2741 parvulis
737 2700 911 2740 ramentis,
923 2699 1043 2741 quibus
1142 2703 1181 2730 27
1209 2700 1415 2740 Connubium]
1438 2701 1602 2732 Sacerdos
1616 2701 1694 2732 dum
1705 2700 1803 2732 videt

341 2760 417 2782 enm
444 2752 535 2782 vesci
575 2757 610 2782 et
636 2752 795 2782 renovari
824 2755 949 2791 putes;
979 2760 1045 2792 qno
1100 2754 1245 2781 statuam
1269 2751 1392 2781 Martis
1415 2750 1572 2788 ferream,
1595 2755 1631 2782 et
1654 2755 1802 2782 statuam

341 2799 434 2833 ferro
448 2806 590 2843 remoto,
602 2806 747 2843 pereunt
760 2801 834 2842 ejus
848 2801 954 2842 vires,
969 2811 1048 2843 qua·
1100 2800 1245 2832 Veneris
1286 2801 1513 2842 magueticam
1549 2810 1624 2834 sese
1655 2800 1802 2833 invicem
