1852 3182
519 207 582 237 DE
616 207 794 238 MALLII
828 209 1010 241 THEOD.
1043 212 1180 244 CONS.

122 308 199 330 nani
227 301 276 331 sic
303 301 531 339 acribendum,
560 311 626 333 non
656 308 826 336 resonante.

121 350 241 391 Virgil.
259 351 332 384 AEn.
349 361 383 384 v.
407 353 416 369 ‘
436 353 497 383 Est
516 355 634 393 procul
654 355 685 384 iu
706 356 826 395 pelago

118 409 251 440 saxum,
287 403 482 443 spumantia
519 407 636 434 contra
685 406 826 444 Litvoia,

121 452 209 492 qnod
250 452 387 483 tumidis
420 453 628 484 submersum
669 456 825 487 tunditur

119 501 243 533 undis)
287 503 453 541 Tibullus,
478 503 564 534 libro
596 514 635 535 ιι.
675 507 769 545 Eleg.
794 510 823 538 4.

119 552 245 584 ‘Stare
270 554 326 584 vel
364 554 490 584 insanis
529 560 646 585 cautes
678 555 824 588 obnoxia

119 604 242 643 ventis,
258 603 435 645 Naufraga
446 614 543 646 quam
553 606 642 637 vasti
661 608 824 639 tunderet

118 653 208 684 unda
230 654 357 685 maris.'
403 655 580 695 Horatius,
596 658 705 697 Epod.
730 667 822 690 xvu.

116 704 223 735 ‘Non
254 715 335 736 saxa
372 706 473 736 nudis
506 707 661 738 surdiora
693 706 822 740 ‘navitis

117 755 301 795 Neptunus
318 756 387 787 alto
404 756 517 787 tundit
543 757 713 797 hybernus
730 759 822 790 salo.'

116 804 316 836 Giinther-us
347 806 500 846 Liguriui
531 807 614 837 libro
645 817 694 839 iv.
721 809 822 840 ‘Nec

116 864 210 886 mora
225 867 232 886 :
252 856 439 887 Dalniatici
452 866 516 897 qua
533 855 692 888 fluctibus
709 869 822 899 aequo-

115 905 159 937 ris
177 905 299 938 Ancon
312 907 501 938 Tunditur:
546 908 741 939 Priscianus
757 909 822 940 Pe-

116 955 258 996 riegesi:
295 958 303 974 ‘
323 957 409 988 Post
450 958 522 989 haec
560 959 678 989 AEoliae
720 961 821 991 tellus

116 1008 344 1047 praetenditur
381 1019 462 1049 orae,
500 1010 681 1041 Fluctibus
718 1012 822 1051 AEgaei

114 1059 230 1099 primis
254 1070 329 1100 quae
359 1060 514 1092 tun'ditur
546 1061 629 1093 alti?
668 1062 823 1093 Pruden-

116 1107 182 1139 tius
217 1109 374 1140 Cathem.
431 1113 439 1127 ‘
460 1111 639 1152 Salsosqiie
671 1113 822 1143 candens

114 1168 234 1199 spuma
262 1160 375 1191 tundit
392 1161 568 1201 pumices!
614 1161 710 1192 Unus
727 1163 821 1194 Med.

103 1209 254 1251 finditur.
280 1212 379 1251 alius,
409 1213 574 1244 clauditur.
600 1214 767 1253 quomodo
785 1219 820 1245 et

113 1260 299 1292 Vaticanus
324 1262 495 1293 secundus
521 1273 598 1293 cum
637 1263 818 1295 Palatino:

112 1311 170 1351 qui
196 1312 355 1342 clauditur
378 1323 469 1343 urna.
516 1314 620 1343 Forte
650 1315 819 1353 plauditur.

114 1366 260 1402 quatuor
276 1361 468 1400 refunditur.
494 1363 537 1394 D.
555 1364 677 1395 Heius.

152 1414 215 1443 205
242 1413 308 1443 Nec
320 1416 350 1443 te
364 1417 410 1444 tot
422 1414 530 1444 limina
542 1416 660 1456 rerum]
684 1414 819 1446 Lumina

113 1462 288 1494 Bartliius:
305 1464 471 1505 quomodo
481 1465 673 1505 complures
685 1475 726 1496 ex
745 1475 818 1497 nos-

113 1512 188 1543 tris.
235 1513 428 1554 lnterquos
452 1520 487 1545 et
515 1515 663 1554 optimus
682 1516 818 1546 Vatica-

112 1572 184 1594 nus.
217 1569 287 1595 tres
324 1565 392 1604 alii,
419 1568 465 1595 tot
485 1568 514 1595 te
543 1565 662 1596 limina.
709 1566 817 1596 Male-

112 1613 188 1643 bam
214 1615 293 1644 olim
320 1615 463 1646 culmina.
482 1621 518 1645 ut
535 1615 592 1646 lib.
610 1625 633 1646 1.
653 1617 684 1646 in
704 1615 817 1647 Rufin.

108 1667 116 1680 ⁶
130 1665 203 1705 jam
221 1675 286 1695 non
302 1666 342 1695 ad
361 1666 508 1697 culmina
532 1676 645 1697 rerum
668 1667 818 1707 Injnstos

110 1715 255 1747 crevisse
271 1716 416 1757 queror.’
442 1723 477 1748 et
508 1717 556 1748 sic
586 1718 735 1748 Claverii
752 1718 819 1748 edi-

111 1765 172 1797 tio.
190 1766 249 1796 sed
267 1775 343 1797 cum
362 1767 393 1796 in
412 1772 557 1807 quatuor
573 1767 748 1798 codicibus
765 1777 819 1798 nec

111 1820 141 1847 te
154 1816 312 1848 molimina
328 1827 433 1848 rerum
450 1816 667 1855 offenderim,
684 1818 819 1849 omnino

110 1867 325 1899 scribendum
339 1868 488 1906 videtur,
513 1877 568 1898 nec
591 1871 635 1898 tot
657 1869 818 1899 molimina

108 1922 224 1949 rerum.
252 1918 354 1950 Ovid.
384 1919 527 1948 Metam.
564 1927 625 1949 xv.
662 1920 671 1935 ⁴
689 1919 817 1959 Magna

109 1969 245 2009 quidem
272 1978 385 1999 rerum
412 1969 585 1999 molimina
608 1969 695 1999 vidit
712 1969 745 1999 in
762 1979 817 1999 ex-

110 2018 176 2050 iis!
194 2023 229 2049 et
252 2018 332 2049 alibi
352 2029 360 2049 z
396 2020 405 2035 ‘
424 2019 553 2057 Magna
586 2023 706 2049 tenent
731 2019 817 2050 illud

111 2079 235 2100 numen
253 2068 425 2099 molimina
436 2069 576 2099 rerum.'
601 2069 699 2101 Idem.

152 2121 215 2150 206
244 2119 335 2149 Velut
353 2119 435 2149 altus
451 2118 577 2158 Olympi
600 2119 732 2160 Vertex]
760 2119 815 2150 De

109 2169 287 2201 cacumine
317 2178 377 2199 seu
407 2169 505 2209 apice
521 2169 644 2199 montis
662 2168 816 2210 Olympi,

110 2219 330 2261 Augustinus,
345 2218 400 2250 lib.
418 2228 441 2250 ι.
456 2223 577 2250 contra
594 2220 816 2252 Manichaeos.

108 2271 228 2303 Barth.

149 2324 213 2353 210
236 2320 300 2352 Sub
325 2320 454 2361 pedibus
469 2319 602 2359 nimbos]
639 2319 712 2351 Ima
737 2330 814 2361 pars

106 2372 244 2411 montis,
260 2381 321 2412 pes
339 2371 470 2402 Poetis.
510 2371 610 2401 Idem.

149 2425 210 2454 211
236 2421 290 2453 Sic
302 2422 426 2463 patiens
443 2421 581 2461 animus]
618 2421 731 2451 Animo
747 2425 814 2452 tre-

106 2473 218 2505 decim
243 2473 375 2513 scripti.
393 2481 491 2511 unus,
512 2472 641 2502 animos.
657 2471 736 2511 duo,
749 2472 816 2502 am'-

107 2523 166 2554 mi:
180 2522 271 2565 quod
282 2532 399 2553 verum
414 2526 509 2562 puto.
523 2520 602 2552 vide
615 2526 712 2552 notas
726 2521 814 2552 bello

108 2572 201 2604 Gild.
216 2582 263 2604 vs.
279 2575 354 2603 281.
378 2572 422 2603 D.
440 2572 554 2603 Heius.

150 2623 280 2654 Patiens
293 2622 429 2661 animus]
449 2622 574 2654 Omnia
589 2622 678 2652 enim
694 2622 815 2663 vincit,

108 2672 318 2715 quantumvis
346 2681 466 2711 aspera
489 2672 669 2703 tolerantis
684 2673 814 2713 patien-

107 2723 167 2762 tia,
196 2721 309 2753 omnia
339 2720 430 2750 levia
459 2719 545 2751 facit
574 2731 651 2762 quae
683 2722 814 2753 atrocia

108 2771 326 2812 videbantur,
352 2769 410 2802 ubi
435 2769 567 2803 animus
597 2771 814 2812 repugnabat

414 2894 429 2911 Q

1470 207 1582 249 14:35

880 304 967 343 fato,
984 306 1167 348 nolensque
1185 306 1321 339 subibat
1337 309 1409 348 ejus
1425 310 1548 350 legem.

923 357 986 387 Per
1002 360 1091 388 tanta
1107 358 1233 396 negotia
1256 358 1346 398 liber]
1379 361 1508 392 Quibus
1534 363 1582 392 in-

879 407 1047 443 umescit,
1084 408 1344 450 libertatemque
1382 420 1474 441 suam
1504 422 1581 453 quo-

878 456 1057 488 daminodo
1086 459 1202 489 vendit
1231 464 1266 489 et
1293 459 1423 490 addicit
1450 462 1580 493 animus

879 510 1060 549 praeceptis·
1091 511 1180 540 veris
1204 510 1380 550 sapientiae
1395 521 1458 541 non
1476 511 1581 543 imbu-

879 562 941 588 ins.
991 560 1144 590 Libertas
1174 566 1237 596 est.
1254 562 1336 592 nulli
1353 561 1500 603 subdita,
1514 573 1581 594 om-

877 607 976 638 nibus
992 609 1169 648 imperans.
1197 612 1308 643 Barth.

920 660 982 688 212
1006 658 1184 699 Similisque
1207 661 1269 700 sui]
1293 663 1582 697 ConstantiaJus-

878 708 961 739 titia*
979 710 1123 740 animum
1150 711 1199 741 ita
1225 719 1430 751 occupante,
1452 718 1490 744 ut
1513 724 1581 745 non

875 764 985 790 mutet
1015 770 1159 801 uuquam
1178 762 1322 799 vultum,
1343 763 1451 793 rideat
1477 762 1582 794 fortu-

876 818 963 848 nam,
979 819 1086 848 spem,
1104 811 1271 850 timorem,
1289 814 1512 853 voluptatem,
1531 814 1581 845 vi-

875 867 955 896 gore
969 865 1139 899 perpetuo
1150 861 1283 901 nobilis,
1299 872 1361 893 nec
1375 873 1394 894 a
1411 873 1445 894 se
1456 863 1580 896 descis-

874 918 967 939 cens.

916 959 1062 1000 Justique
1092 961 1242 1001 tenorem]
1290 963 1452 994 Strictam
1484 965 1578 996 velut

874 1008 1008 1040 lineam.
1049 1011 1165 1042 Barth.

915 1060 978 1089 213
1006 1060 1075 1089 Non
1093 1061 1202 1099 gratia
1225 1063 1348 1102 suadet]
1372 1063 1577 1096 Persuadet.

873 1107 928 1137 Sic
943 1109 1127 1148 scriptores
1145 1111 1212 1141 alii.
1238 1111 1336 1142 Idem.

916 1160 978 1188 214
1003 1158 1185 1199 Iutaetaque
1208 1164 1333 1200 pectora
1360 1161 1456 1202 lucro]
1491 1163 1579 1195 Ava-

873 1207 985 1239 ritiam
1014 1210 1066 1239 vel
1092 1210 1288 1251 Principem
1305 1213 1451 1243 omnium
1468 1213 1578 1245 Hero-

873 1267 927 1288 um
939 1268 1073 1289 suorum
1089 1261 1283 1299 pectoribus
1299 1262 1463 1295 eliminat.
1479 1264 1577 1296 Idem.

915 1311 975 1338 215
1003 1309 1134 1339 Fuerint
1158 1311 1230 1340 aliis
1252 1311 1316 1342 haec
1333 1311 1422 1349 forte
1451 1314 1577 1354 decora]

872 1359 986 1389 Decori
1004 1359 1151 1399 optimus
1172 1361 1370 1393 Vaticanus.
1415 1364 1576 1404 Superio-

871 1417 909 1438 ra
926 1409 1051 1439 rectius
1079 1410 1125 1440 sic
1149 1410 1316 1451 legantur,
1341 1413 1366 1442 si
1395 1423 1455 1453 pei·
1471 1414 1576 1446 libros

871 1458 995 1489 liceat:
1037 1460 1119 1489 Nam
1144 1463 1262 1500 spretas
1285 1462 1357 1501 quid
1384 1473 1453 1502 opes
1477 1463 1576 1495 intac-

869 1511 959 1548 taque
980 1512 1106 1548 pectora
1131 1511 1214 1541 lucro
1235 1513 1497 1548 Commemorem?
1530 1516 1576 1547 D.

871 1559 991 1591 Heius.

912 1612 976 1640 216
1002 1611 1080 1645 Quoe
1096 1611 1226 1642 crimina
1246 1613 1377 1652 purget]
1405 1615 1498 1654 Non,
1515 1615 1576 1656 ait,

870 1659 1054 1691 virtutibus
1088 1662 1152 1691 tuis
1181 1672 1378 1694 accenseam
1407 1666 1576 1705 expulsio-

870 1719 946 1740 nem
963 1711 1136 1750 viliorum‚
1160 1717 1218 1742 aut
1235 1713 1274 1742 iis
1292 1718 1324 1743 te
1343 1723 1475 1753 carere,
1497 1725 1574 1747 cum

870 1761 1052 1799 praeseutia
1069 1770 1183 1791 earum
1206 1761 1266 1792 has
1283 1762 1401 1793 laudes
1427 1768 1577 1796 contem·
1593 1791 1596 1795 .

869 1816 938 1842 nat.
963 1811 1079 1842 Barth.

910 1863 973 1891 217
998 1861 1111 1891 Servat
1149 1860 1333 1901 inoffensam
1368 1863 1475 1894 divina
1512 1875 1576 1895 mo-

867 1911 967 1941 destia
983 1912 1099 1951 vocem]
1138 1909 1252 1941 Animi
1281 1913 1458 1953 compositi
1482 1918 1574 1946 tran-

868 1962 1018 2002 quillitas
1045 1962 1159 1993 elucet
1181 1963 1382 2002 placiditate
1398 1967 1575 2009 sermonis,

867 2022 933 2042 non
947 2017 1114 2043 commoto
1139 2011 1319 2045 affectibus
1337 2015 1464 2055 animo,
1486 2021 1524 2048 ut
1539 2017 1573 2048 in

866 2072 968 2093 voces
995 2068 1191 2103 erumperet
1221 2063 1413 2097 iracundas.
1469 2067 1573 2098 seda-

867 2117 938 2144 tum
964 2114 1112 2144 animum
1142 2124 1303 2144 summam
1322 2117 1497 2156 sapientiae
1515 2118 1572 2150 de-

866 2164 996 2195 clai-ant
1013 2165 1210 2205 scriptores.
1247 2165 1343 2196 Idem.

909 2216 1082 2256 Modestia]
1100 2216 1166 2247 Hic
1184 2216 1275 2247 locus
1289 2216 1386 2247 valde
1403 2218 1576 2258 notabilis;

835 2263 838 2266 ’
864 2271 943 2296 sunt
969 2266 1057 2296 euim
1086 2266 1184 2297 multi
1214 2266 1299 2297 adeo
1326 2268 1452 2306 stolidi,
1478 2273 1517 2300 ut
1543 2270 1571 2301 si

867 2317 1066 2357 quibusdam
1102 2317 1284 2348 virtutibus
1326 2319 1496 2350 excellere
1533 2330 1570 2351 se

865 2368 1028 2404 sentiant,
1046 2367 1078 2398 id
1096 2367 1190 2409 quasi
1213 2377 1275 2408 per
1291 2370 1441 2409 compita
1464 2370 1570 2402 velint

866 2418 1029 2458 publicari
1045 2430 1052 2448 :
1071 2419 1191 2449 saltem
1205 2428 1247 2448 ea
1259 2419 1354 2457 vitia,
1367 2419 1486 2460 quibus
1502 2429 1568 2451 non

865 2469 979 2509 urgeri
993 2478 1027 2498 se
1041 2473 1178 2508 putant,
1193 2469 1304 2508 palam
1320 2469 1568 2509 deprccantur;

864 2518 953 2559 quod
972 2519 1118 2549 alienum
1133 2523 1185 2549 est
1199 2529 1218 2549 a
1233 2518 1411 2549 modestia.
1449 2520 1568 2550 Claver.

906 2571 969 2599 218
994 2568 1062 2599 Nec
1076 2567 1311 2604 luminafervor
1326 2568 1474 2607 Asperat]
1500 2568 1568 2598 Im-

864 2618 971 2649 manis
997 2618 1085 2649 enim
1110 2618 1166 2648 illa
1184 2617 1364 2647 commotio
1393 2617 1493 2647 animi
1509 2626 1567 2648 no-

864 2668 1059 2699 bilissimum
1085 2666 1186 2696 etiam
1212 2674 1367 2695 sensuum
1388 2664 1511 2705 inficit,
1528 2671 1567 2697 ut

864 2718 1021 2749 scintillae
1037 2715 1191 2756 quaedam
1209 2713 1376 2745 fui-orista
1392 2714 1473 2755 ipsis
1489 2724 1566 2748 ocu·

864 2768 904 2800 lis
918 2769 1120 2809 appareant.
1149 2763 1265 2795 Barth.
