1851 3213
322 223 430 265 [372
574 233 717 264 No'rAE
751 233 1017 264 VAR10RUM

317 326 472 369 quaedam
500 328 696 368 peculiaris,
722 328 786 358 soli
811 326 963 358 mollitiae
981 326 1022 357 ti-

318 379 390 410 tulo
402 379 559 410 notabilis
582 383 618 409 et
641 377 932 409 commendabilis.
977 377 1023 407 A-

316 437 427 460 mores
451 429 540 460 enim
571 429 689 459 molles
720 428 842 469 ubique
869 427 1022 458 audiunt.

318 478 438 509 Barth.

359 530 401 558 74
426 528 495 559 Hos
512 529 666 568 Nymphae
682 527 824 567 pariunt]
850 527 1020 567 Populum

318 577 488 615 nimirum,
527 578 597 607 sive
629 577 779 617 plebem,
814 581 873 607 aut
901 577 1022 616 vulgus

318 627 503 659 Amorum:
547 628 611 659 hoc
644 627 814 668 Nymphis
848 627 1022 667 genitrici-

318 678 381 710 bus
395 685 598 720 proguatum
613 679 718 710 tradit
733 684 768 710 et
781 678 1020 710 Philostratus.

318 729 416 761 Idem.

361 784 401 811 75
428 781 488 811 Ille
521 781 620 819 Deos]
678 780 807 810 Eadem
843 779 1023 810 Platonica

316 832 514 871 Theologia‚
545 841 644 871 quam
671 831 843 860 Venerem
874 829 975 860 modo
1003 839 1023 859 a

317 881 495 912 libidinum
514 881 589 911 Dea
615 881 712 910 aliam
741 878 945 910 inferentem
966 889 1022 909 au-

317 930 473 961 divimus.
519 930 724 971 Cupidinem
752 929 869 968 etiam,
901 929 1023 960 ducem

319 981 512 1012 amabilium
532 991 724 1022 puerorum,
739 981 872 1022 qualem
890 980 1024 1011 Claudi-

319 1042 402 1063 anus
440 1033 494 1064 hic
529 1032 670 1072 indicat,
695 1032 834 1072 ingerit,
868 1041 936 1063 non
974 1031 1022 1061 in-

317 1082 495 1113 honestum
523 1092 649 1113 numen
680 1081 831 1122 aliquod,
856 1081 914 1111 sed
933 1090 1022 1112 verae

318 1132 582 1173 pulchritudinis
627 1142 783 1173 veraeque
815 1132 952 1162 virtutis
991 1142 1023 1162 a-

318 1193 424 1215 mans.
470 1183 569 1214 Idem.

362 1236 405 1265 76
431 1233 610 1274 Temperat]

322 1283 421 1315 Idem.

363 1336 405 1364 78
427 1331 586 1371 Licentia]
625 1331 751 1362 Amore
778 1332 898 1370 libero,
922 1336 957 1362 et
979 1332 1026 1362 le·

322 1393 400 1423 gum
427 1387 654 1420 contemtore,
680 1383 821 1412 licentia
849 1383 929 1412 nihil
961 1391 1027 1413 non

321 1433 443 1474 agendi
465 1433 648 1473 mentibus,
665 1443 705 1464 eo
722 1433 881 1474 irretitis,
902 1433 1026 1473 ingeri-

322 1490 388 1516 tur.
435 1485 532 1515 Idem.

363 1537 405 1566 79
429 1535 530 1565 Fceeti
549 1534 666 1572 faciles
692 1534 765 1574 z'roe]
791 1534 875 1565 Cum
894 1534 961 1565 sint
977 1534 1027 1565 ni-

321 1586 442 1616 mirum
458 1585 594 1617 Amoris
608 1585 868 1625 redintegratio,
906 1586 1005 1617 Idem.

365 1636 444 1676 Iroe]
489 1637 578 1667 Nam
605 1640 643 1666 ut
666 1640 761 1666 recte
777 1636 961 1666 Terentius
978 1636 1027 1666 in-

324 1687 398 1726 quit
411 1697 418 1717 :
431 1687 440 1704 ‘
455 1686 653 1717 Amantium
667 1687 724 1717 irae
744 1687 865 1717 amoris
879 1687 1027 1717 redinte-

323 1736 435 1776 gratio
451 1735 529 1767 est?
574 1737 674 1767 Idem.

365 1789 407 1817 80
432 1785 599 1825 Excubiae]
623 1786 678 1816 Ad
691 1785 781 1817 fores
794 1785 1005 1817 Amantium.

368 1837 491 1867 Gratus
509 1836 680 1867 Amanium
716 1837 831 1877 pallor]
876 1836 1027 1867 Pallidus

324 1887 416 1918 color
439 1886 625 1916 amantium
643 1886 737 1916 velut
754 1887 928 1927 proprium
944 1887 1028 1917 iudi-

324 1937 426 1969 cium.
472 1936 589 1967 Barth.

368 1990 407 2018 81
433 1986 583 2017 Titubans
597 1985 744 2026 audacia]
765 1986 939 2025 Tremens,
954 1986 1029 2017 lior-

324 2037 562 2077 rens,incerta
593 2037 656 2073 sui,
685 2045 793 2077 prona
821 2036 979 2075 audendi,
995 2040 1030 2066 et

325 2093 440 2119 tamen
453 2087 638 2126 cogitando
654 2096 722 2117 rem
740 2086 881 2128 aggredi
895 2086 1029 2117 timens.

325 2140 424 2171 Idem.

370 2193 409 2221 83
433 2190 567 2221 Levibus
593 2189 734 2231 perjuria
757 2189 881 2230 pennis]
927 2189 1031 2221 Velut

326 2251 381 2272 res
419 2242 542 2272 nullius
592 2241 764 2282 ponderis.
832 2241 1031 2273 Amantium

327 2291 416 2322 enim
434 2292 582 2332 perjuria
607 2292 732 2323 nullius
757 2301 833 2322 esse
856 2292 929 2323 vitii
952 2301 1031 2322 ceu-

664 1232 781 1273 Regu,
817 1232 1024 1264 moderatur.

328 2346 404 2373 sent
416 2341 549 2382 Poetae,
565 2352 676 2383 neque
693 2352 786 2373 curae
802 2351 843 2373 ea
865 2342 1033 2373 arbitran-

328 2396 385 2424 tur
401 2392 545 2432 superis.
590 2393 690 2423 Idem.

392 2444 525 2476 Levibus
558 2444 697 2484 perjuria
733 2444 860 2484 pennis]
925 2444 1034 2475 Ventis

329 2496 442 2537 potior
476 2495 684 2535 scriptorum
715 2504 794 2535 pars
825 2503 902 2524 cum
931 2495 1032 2534 prim.

329 2546 490 2577 Vatican.
508 2548 543 2575 et
559 2543 703 2584 Gyrald.
721 2553 786 2575 non
803 2544 904 2583 male,
920 2548 958 2574 ut
975 2545 1033 2577 illa

329 2595 543 2635 respexerit:
567 2594 575 2610 ‘
589 2594 727 2634 Jupiter
742 2603 783 2623 ex
797 2594 866 2624 alto
884 2595 1034 2634 perjuria

330 2646 423 2678 ridet
434 2649 618 2683 amantum,
632 2643 785 2684 Etjubet
798 2643 923 2675 AEolios
936 2645 1034 2676 irrita

332 2696 424 2728 ferre
439 2694 558 2727 notos?
604 2695 648 2726 D.
666 2694 781 2726 Heius.

376 2749 416 2777 84
440 2746 516 2777 Alta
530 2745 661 2786 cervice]
693 2744 881 2785 Arrogans.
925 2743 1034 2775 Hora-

333 2797 401 2828 tius
439 2796 481 2826 de
510 2795 659 2833 Juvene,
697 2794 843 2835 primum
877 2794 1035 2835 Ephebos

334 2856 492 2889 egresso:
514 2847 524 2864 ⁶
555 2844 726 2887 Sublimis,
749 2844 973 2889 cupidusque,
999 2849 1036 2878 et

1051 233 1102 264 IN
1137 233 1212 264 CL.
1246 233 1430 264 CLAUD.
1464 234 1515 264 X.

1071 331 1183 358 amata
1199 327 1391 368 relinquere
1409 324 1553 366 pernix!
1597 325 1714 357 Barth.

1117 377 1242 408 Cet-vice
1257 376 1428 416 Juventas]
1452 376 1507 407 Sic
1524 375 1611 406 bene
1628 385 1671 406 ex
1697 375 1777 407 Sca-

1071 426 1167 466 ligeri
1190 428 1387 468 conjectura
1411 425 1687 467 Raphelengius:
1710 435 1776 457 nec

1072 477 1172 508 aliter
1183 478 1326 518 Gyrald.
1340 478 1486 508 Lucens.
1505 476 1604 516 prim.
1613 476 1696 506 Vat.
1707 474 1779 506 alii-

1072 538 1136 570 que
1152 529 1304 559 nonnulli
1319 540 1325 559 :
1351 528 1487 568 quidam
1497 527 1656 566 juventus.
1694 525 1779 556 Vul-

1072 580 1155 620 gati,
1171 580 1311 617 juventa.
1351 578 1474 618 Virgil.
1496 577 1554 608 lib.
1576 585 1632 607 ιιι.
1647 575 1776 615 Georg.

1069 629 1079 645 ‘
1096 629 1236 660 Interea
1253 628 1411 669 gregibus
1433 630 1573 668 superat
1599 626 1678 657 dum
1696 626 1778 657 laeta

1070 679 1265 712 Juventas.’
1288 680 1364 710 Lib.
1381 689 1413 710 v.
1427 679 1502 710 AEn.
1514 679 1523 695 ‘
1539 678 1566 709 si
1584 687 1671 708 nunc
1685 676 1780 708 foret

1071 731 1129 761 illa
1158 729 1347 762 Juventas.'
1372 729 1421 760 sic
1453 734 1599 769 utroque
1621 728 1696 758 loco
1719 736 1780 767 op-

1071 780 1172 810 timus
1202 780 1400 810 Medieeus:
1433 789 1496 810 nec
1521 779 1643 809 mirum
1670 777 1778 818 magis

1071 829 1293 860 Juventatem
1337 837 1398 868 pro
1444 829 1630 868 juventute
1686 826 1780 866 poni,

1073 888 1173 919 quam
1196 879 1318 910 Jovem
1337 887 1396 918 pro
1413 878 1513 917 coelo,
1540 878 1693 908 Nereum
1721 880 1782 908 aut

1072 929 1273 968 Neptunum
1294 933 1352 959 aut
1376 928 1498 958 Thetin
1515 928 1692 967 Tetliyuve
1718 931 1780 958 aut

1072 978 1306 1018 Amphitriten
1332 988 1396 1019 pro
1420 977 1518 1018 mari,
1542 977 1692 1008 Martem
1717 986 1781 1018 pro

1074 1029 1175 1070 bello,
1198 1030 1359 1061 Cererem
1388 1039 1451 1070 pro
1473 1028 1643 1069 frugibus,
1669 1028 1783 1060 Palla-

1073 1081 1149 1112 dem
1178 1091 1239 1121 pro
1267 1081 1367 1120 oliva,
1396 1081 1568 1112 Bacchum
1599 1090 1661 1121 pro
1692 1080 1785 1121 vino,

1071 1132 1213 1163 Vestam
1226 1135 1262 1162 et
1278 1132 1468 1162 Vulcanum
1487 1140 1546 1171 pro
1563 1131 1655 1171 igne,
1667 1130 1780 1160 Vene-

1072 1191 1143 1212 rem
1171 1191 1233 1222 pro
1265 1181 1382 1212 coitu:
1418 1181 1620 1221 similiaque.
1667 1180 1783 1211 Caete-

1073 1242 1147 1262 rum
1182 1232 1278 1272 prim.
1307 1231 1420 1262 Vatic.
1462 1231 1587 1272 aliique
1625 1231 1783 1262 meliores

1073 1291 1195 1321 magno
1218 1291 1359 1312 numero
1385 1282 1469 1316 Quos
1495 1281 1589 1320 inter,
1613 1290 1679 1311 non
1702 1281 1782 1312 Hos.

1075 1332 1131 1362 De
1147 1333 1318 1363 Juventate
1335 1332 1432 1372 plura
1446 1331 1592 1361 diximus
1615 1331 1658 1362 ad
1675 1331 1784 1362 Naso·

1076 1392 1164 1412 nem.
1211 1382 1257 1412 D.
1279 1381 1393 1412 Heius.

1119 1437 1159 1465 85
1187 1434 1300 1464 Procul
1326 1433 1410 1463 atria
1436 1430 1531 1471 diroe]
1558 1429 1786 1463 Pulcherrimi

1077 1489 1157 1516 sunt
1172 1484 1204 1515 hi
1218 1493 1350 1523 versus,
1368 1488 1403 1514 et
1419 1482 1536 1513 nescio
1552 1491 1596 1512 an
1618 1481 1788 1513 inventio-

1077 1536 1176 1567 nibus
1205 1535 1324 1567 talium
1356 1535 1505 1565 locorum
1533 1543 1599 1564 non
1623 1533 1785 1574 princeps

1077 1589 1121 1620 sit
1145 1589 1293 1620 omnium
1307 1587 1416 1618 nostri
1442 1585 1619 1626 scriptoris
1641 1593 1784 1625 operum

1077 1639 1132 1670 hic
1148 1638 1296 1669 libellus.
1342 1638 1425 1678 Ejus
1443 1635 1582 1677 quidem
1605 1633 1787 1675 singularis

1078 1697 1114 1720 et
1131 1689 1330 1720 suavissima
1341 1689 1450 1719 virtus
1466 1693 1519 1718 est
1532 1686 1707 1727 aequalitas
1719 1694 1788 1717 ser-

1078 1741 1199 1779 monis,
1212 1750 1313 1781 quam
1329 1739 1363 1769 in
1377 1743 1445 1769 tam
1461 1736 1605 1767 diversis
1619 1735 1787 1767 inventio-

1078 1791 1177 1821 nibus
1201 1794 1237 1820 et
1262 1787 1548 1828 descriptionibus
1567 1795 1702 1827 semper
1716 1795 1786 1817 ser—

1080 1846 1192 1872 vatam
1211 1839 1326 1870 mirari
1343 1839 1434 1869 lieet.
1481 1837 1597 1869 Barth.

1123 1894 1164 1921 86
1189 1891 1377 1921 Permittant
1404 1887 1525 1927 radios]
1556 1887 1650 1918 Auro
1667 1885 1787 1917 videli-

1081 1945 1137 1972 cet
1149 1939 1355 1970 fabrefacta.
1401 1938 1498 1969 Idem.

1124 1993 1165 2021 88
1190 1991 1370 2021 Admisceus
1395 1991 1495 2018 artem
1528 1985 1648 2028 pretio]
1685 1985 1788 2018 Ovid.

1081 2040 1123 2071 de
1151 2040 1258 2079 Regia
1287 2039 1396 2069 Solis:
1422 2036 1630 2068 ‘Materiam
1653 2045 1791 2077 supera-

1081 2090 1142 2121 bat
1159 2089 1269 2131 opus!
1295 2088 1414 2120 Barth.

1125 2139 1326 2179 Smaragdz's]
1358 2139 1505 2171 Gemma
1517 2138 1592 2169 haec
1608 2141 1725 2168 nostro
1742 2146 1787 2168 ae-

1081 2201 1123 2222 vo
1155 2191 1258 2232 pretii
1285 2199 1351 2221 non
1378 2199 1455 2221 cum
1483 2188 1633 2227 summis,
1659 2196 1789 2219 summa

1082 2243 1160 2274 olim
1190 2241 1397 2273 auctoritate
1429 2238 1507 2278 fuit,
1537 2238 1624 2270 adeo
1650 2241 1689 2268 ut
1716 2237 1789 2268 sola

1082 2302 1159 2324 cum
1190 2290 1384 2331 margaritis
1419 2289 1528 2320 vetita
1565 2288 1610 2318 sit
1639 2287 1789 2328 privato-

1083 2353 1157 2374 rum
1173 2342 1338 2382 vestibus,
1367 2339 1501 2380 legibus
1525 2338 1788 2379 Imperatorum.

1083 2394 1200 2425 Barth.

1129 2443 1339 2483 Trabz'busque
1362 2440 1552 2480 smaragdis]
1591 2439 1727 2470 Primus
1744 2448 1787 2470 ex

1084 2494 1244 2526 Leidensi
1269 2493 1356 2524 libro
1385 2492 1433 2522 sic
1463 2489 1645 2530 legendum
1664 2489 1700 2520 in
1716 2489 1788 2520 Ob-

1083 2543 1330 2576 servationibus
1354 2542 1486 2573 monuit
1506 2540 1697 2572 Gronovius
1712 2549 1790 2571 nos-

1084 2600 1148 2634 ter,
1163 2595 1253 2625 inter
1281 2594 1399 2624 harum
1421 2593 1596 2623 literarum
1613 2591 1788 2632 principes

1083 2644 1287 2676 censendus.
1315 2652 1417 2684 quam
1447 2643 1524 2683 lego
1547 2641 1731 2673 lectionem
1746 2641 1789 2673 ab

1083 2705 1206 2726 novem
1234 2694 1371 2734 scriptis
1402 2697 1523 2734 postea
1552 2690 1788 2723 confirmatam

1083 2744 1223 2784 offendi,
1238 2743 1302 2774 nisi
1319 2743 1409 2784 quod
1425 2742 1460 2773 in
1472 2741 1606 2772 duobus
1616 2741 1788 2780 smaragdi.

1082 2794 1291 2835 strabibusque
1304 2792 1480 2832 smaragdis
1502 2800 1638 2834 quoque
1661 2791 1789 2833 primus

1084 2845 1283 2879 Vaticanus.
1306 2854 1349 2878 ne
1375 2843 1511 2876 dubites
1526 2842 1568 2875 de
1591 2840 1790 2876 sinceritate
