1851 3213
273 210 388 254 1390

316 319 337 347 2
363 315 456 346 Molli
471 314 597 355 corona]
622 314 792 356 Nuptiali,
807 314 900 345 nullo
928 325 982 346 su-

273 366 358 398 dore
382 366 552 408 paranda:
579 364 694 406 στέφος
708 363 865 405 γαμήλιον
880 370 982 397 vocat

272 418 377 449 Bion.
407 417 526 449 Barth.

315 472 335 500 4
361 468 506 508 Releget]
531 467 702 499 Aliorsum
720 466 848 498 mittat.
882 467 981 498 Idem.

315 522 334 549 6
359 519 459 558 Aula]
485 518 593 558 Regia
607 517 718 549 domo.
742 517 841 548 Idem.

316 573 337 601 6
361 569 486 609 Patris]
509 568 720 600 Stilichonis.
744 568 841 599 Idem.

313 623 334 651 ‘7
357 620 464 660 Junge
475 620 596 660 potenti
605 619 740 660 pignora
749 617 879 658 dextra]
899 618 921 650 J
927 627 982 649 uu-

270 670 375 712 gebat
398 671 539 702 dextras
562 669 841 702 convenientium
865 669 981 700 matri-

270 722 397 764 monio,
422 723 535 762 Pater,
564 722 616 752 vel
646 721 704 762 qui
731 720 890 752 Parentis
906 720 980 751 loco

272 779 361 812 erat,
377 779 438 804 aut
453 773 589 804 Mati-is.
618 772 711 802 Idem.

314 824 457 863 Pignora
466 821 595 861 dea-tra]
613 821 776 861 Cujacius
790 823 822 852 in
834 830 893 851 suo
904 820 980 851 cod.

269 874 409 906 habuit:
430 874 462 905 F
461 875 562 904 oedera
572 874 703 903 dextra:
720 871 779 902 sed
790 871 925 911 pignora
938 871 981 901 de

271 923 427 955 Honorio
445 931 532 963 pene
559 930 666 963 puero
691 925 726 951 et
742 921 856 952 Maria
884 920 980 962 puel-

511 220 654 252 NOTAE
685 221 953 252 VARIORUM
986 222 1039 252 IN
1073 221 1149 251 CL.
1182 222 1367 253 GLAUD.
1398 222 1505 254 XIV.

1032 314 1103 345 lula
1128 314 1197 345 dici
1223 324 1290 346 non
1308 316 1394 347 male
1411 314 1631 347 crediderim.
1669 317 1743 348 Cla·

1033 374 1099 397 ver.

1077 417 1096 446 8
1133 415 1240 447 Gener
1270 415 1427 456 Augusti]
1470 416 1538 450 Qui
1577 416 1742 449 Serenam

1034 465 1277 506 adoptaverat,
1292 468 1487 500 Theodosii.
1515 467 1633 498 Barth.

1077 519 1117 547 10
1144 518 1298 556 Quoejam
1312 518 1414 549 rabies
1425 518 1532 549 livoris
1546 517 1624 558 erit]
1655 516 1744 548 Feli-

1034 566 1139 598 citate
1171 577 1391 599 successuum
1422 569 1631 600 exstinctum
1665 577 1743 599 cum

1034 619 1125 649 omni
1146 629 1206 650 sua
1237 620 1331 651 rabie
1357 621 1498 652 livorem
1524 620 1622 652 dicit.
1669 620 1743 651 Non

1031 678 1094 699 esse
1110 669 1198 700 enim
1215 670 1385 701 interiisse
1399 671 1555 702 denotat.
1591 671 1690 702 Idem.

1076 723 1115 750 11
1142 720 1247 761 Color]
1282 721 1410 753 Afficta
1441 722 1588 763 species,
1617 721 1742 754 Fucus.

1033 770 1132 803 Idem.

1077 824 1116 852 12
1140 821 1235 853 Socer
1248 824 1308 864 est]
1330 826 1338 841 ‘
1352 823 1494 856 Stilicho
1514 824 1688 857 Patricius
1704 828 1741 856 et

1032 870 1139 903 Socer
1157 872 1326 905 Honorii.’
1351 873 1450 906 Idem.

928 1127 1069 1170 XIV.

313 1281 328 1309 l
356 1277 608 1319 Idaliumjnbar]
634 1277 764 1309 Veneri
779 1286 875 1308 sacer
892 1276 979 1307 Hes—

268 1339 393 1370 perus;
420 1330 495 1370 quia
520 1330 560 1360 ad
591 1330 663 1370 ejus
692 1333 850 1359 exortum
877 1329 978 1359 collo-

266 1380 411 1411 cabatur
433 1381 548 1421 puella
572 1381 607 1412 in
637 1379 821 1411 thalamum
850 1380 977 1420 sponsi,

266 1430 384 1461 Barth.

308 1483 329 1511 2
357 1481 521 1521 Nascitur]
555 1481 676 1513 Sidera
694 1481 784 1512 enim
802 1490 924 1522 parere
940 1490 975 1512 se

265 1531 438 1563 dicuntur.
466 1534 563 1564 Idem.

308 1584 327 1612 3
355 1582 515 1613 Sollicitus
543 1584 658 1625 pudor]
695 1583 807 1615 Quem
838 1583 872 1614 in
905 1593 974 1614 om-

265 1631 357 1663 nium
395 1643 560 1664 novarum
595 1638 778 1673 nuptarum
820 1633 974 1673 descrip-

264 1684 358 1714 tione
376 1690 563 1724 agnoscunt
580 1690 615 1715 et
631 1685 873 1716 commendant
887 1685 974 1716 Poe-

266 1738 322 1764 tae.
347 1734 445 1765 Idem.

306 1786 326 1814 4
352 1784 527 1824 Flammea]
552 1786 760 1817 Flammeum
784 1796 890 1826 genus
916 1796 972 1826 pe-

263 1834 313 1875 pli
331 1839 389 1866 aut
416 1836 612 1876 velamenti,
626 1837 720 1867 novis
737 1836 853 1877 nuptis
871 1835 972 1867 faciei

262 1885 417 1917 velaudae
442 1887 535 1917 luteo
564 1887 678 1918 colore
710 1887 808 1927 facti,
836 1887 972 1927 illigati-

263 1945 342 1976 que,
359 1946 402 1967 ne
429 1937 540 1976 pudor
568 1942 602 1969 et
629 1939 789 1979 lacrymae
815 1937 969 1969 videren-

263 1989 341 2017 tur:
366 1996 447 2027 quas
473 1991 585 2018 tamen
613 1988 688 2028 ipsa
714 1987 870 2019 flammea
897 1998 972 2028 pro-

262 2035 344 2067 dere
361 2036 444 2068 dicit
471 2038 687 2079 Claudianus,
716 2038 821 2069 nimia
846 2037 973 2079 signifi-

263 2094 353 2117 cans.
378 2087 475 2118 Idem.

305 2140 326 2166 6
350 2137 510 2177 Impacata
526 2139 613 2179 licet]
638 2139 783 2171 Summis
809 2140 896 2171 enim
925 2139 973 2171 vi-

262 2186 354 2218 ribus
372 2198 500 2228 ungues
522 2190 624 2221 etiam
637 2191 709 2231 jam
727 2201 862 2231 sponsae
879 2191 972 2231 puel-

261 2237 304 2268 1ae
323 2247 383 2277 pro
400 2239 597 2280 virginitate
613 2240 831 2272 defendenda
848 2251 970 2282 parare

262 2287 477 2320 dicebantur.
502 2291 598 2322 Idem.

306 2342 348 2369 10
371 2341 484 2370 Armat
507 2342 597 2381 spina
621 2341 721 2381 rosas]
755 2342 831 2373 Hoc
859 2342 969 2383 impar

257 2391 381 2431 jugum
408 2396 529 2422 natura
563 2391 691 2423 factum
724 2393 831 2433 aiunt,
862 2398 900 2424 ut
927 2402 968 2423 ne

263 2442 470 2482 gratissimus
486 2443 570 2473 odor
582 2444 654 2475 siue
667 2443 865 2475 defensione
878 2444 968 2475 omni

260 2492 393 2533 injuriae
411 2497 546 2533 pateret
564 2494 763 2524 temeritati.

304 2543 404 2573 Mella
419 2545 529 2582 tegunt
545 2541 634 2582 apes]
667 2543 851 2574 Petronius
865 2544 966 2585 Saty-

261 2592 355 2631 rico;
380 2594 389 2610 ⁶
404 2592 498 2633 Apes
516 2593 593 2624 ideo
611 2599 778 2634 pungunt,
798 2595 877 2636 quia
894 2595 965 2625 ubi-

259 2652 394 2683 cunque
412 2643 511 2674 dulce
527 2648 592 2684 est,
607 2644 653 2674 ibi
671 2649 705 2675 et
721 2645 856 2676 acidum
873 2646 965 2676 inve-

259 2692 356 2724 nies.’
381 2693 497 2725 Barth.

304 2747 341 2775 11
381 2745 529 2776 Crescunt
559 2745 680 2787 dzfficz'li
703 2747 822 2786 gaudia
838 2747 964 2787 jurgio]

261 2794 466 2828 Claudianus
481 2796 682 2839 Mamertus,
697 2796 755 2831 lib.
771 2806 811 2830 11.
827 2797 870 2829 de
888 2798 962 2830 Sta-

1031 1278 1068 1305 tu
1090 1274 1238 1316 Animae,
1261 1285 1291 1307 c.
1308 1279 1337 1308 2.
1371 1278 1380 1294 ‘
1396 1278 1596 1311 Mortalium
1621 1281 1737 1320 generi

1030 1329 1153 1356 natura
1168 1326 1285 1357 datum
1302 1331 1365 1367 est,
1388 1335 1426 1359 ut
1441 1328 1597 1360 abstrusa
1613 1330 1736 1363 fortius

1029 1380 1176 1416 quaerat,
1203 1381 1241 1407 ut
1262 1383 1389 1418 negata
1414 1380 1521 1420 magis
1543 1381 1683 1422 ambiat,
1699 1387 1738 1414 ut

1030 1426 1161 1457 tardius
1178 1427 1305 1469 adepta
1324 1429 1398 1469 plus
1424 1430 1569 1471 diligat!
1616 1432 1738 1464 Petro-

1027 1475 1124 1507 nius:
1148 1478 1157 1493 ‘
1176 1478 1350 1519 Quicquid
1379 1480 1544 1520 quaeritur
1568 1482 1736 1522 optimum

1027 1526 1189 1559 videtur.⁷
1214 1529 1312 1561 Idem.

1071 1581 1111 1609 12
1143 1578 1357 1620 Accenditque
1380 1580 1496 1621 magis]
1536 1581 1735 1622 Petronius,

1026 1628 1100 1668 pari
1127 1639 1183 1662 re:
1223 1632 1232 1646 ⁴
1252 1631 1342 1661 Nolo
1367 1632 1459 1672 quod
1491 1634 1592 1672 cupio
1619 1633 1734 1664 statim

1026 1684 1158 1720 tenere,
1175 1682 1251 1712 Nec
1273 1682 1428 1714 Victoria
1443 1683 1488 1714 mi
1504 1684 1619 1724 placet
1636 1693 1734 1724 para-

1026 1729 1084 1761 ta!
1113 1731 1213 1762 Idem.
1540 1726 1543 1731 ’

1070 1783 1108 1810 14
1130 1782 1158 1810 O
1175 1782 1301 1822 quoties,
1316 1783 1386 1813 Hoc
1397 1783 1475 1813 mihi
1487 1783 1619 1824 dulcius]
1645 1786 1731 1818 Quae

1024 1830 1113 1860 enim
1132 1831 1238 1862 virtus
1265 1833 1299 1862 in
1323 1833 1488 1874 Principe
1511 1835 1731 1867 concubitum

1024 1880 1126 1911 etiam
1144 1881 1335 1922 legitimum
1352 1890 1582 1925 postponente
1600 1885 1731 1918 Gloriae

1025 1940 1044 1961 a
1060 1931 1161 1962 victis
1178 1932 1347 1973 hostibus,
1365 1940 1503 1966 servata
1525 1936 1650 1976 patria,
1665 1941 1732 1968 sta-

1023 1981 1120 2012 bilito
1137 1982 1303 2023 imperio?
1339 1985 1396 2016 De
1419 1995 1528 2025 puero
1551 1987 1641 2017 enim
1671 1997 1733 2027 pu-

1023 2032 1122 2063 erilia
1151 2038 1232 2064 vota
1270 2040 1533 2075 praeponuntur,
1563 2037 1617 2077 qui
1646 2037 1730 2069 licet

1022 2084 1120 2116 isthic
1145 2086 1297 2116 nominet
1329 2086 1490 2126 Parthos,
1521 2097 1581 2128 spe
1614 2093 1728 2120 tamen

1022 2140 1176 2176 paternae
1194 2138 1329 2169 virtutis
1350 2148 1407 2169 eos
1434 2139 1587 2171 nominat
1614 2141 1727 2181 potius

1022 2198 1122 2229 quam
1140 2199 1274 2220 suorum
1286 2189 1395 2230 gratia
1411 2189 1624 2221 facinorum:
1651 2201 1727 2233 quae

1023 2240 1238 2271 venationem
1260 2246 1295 2272 et
1322 2241 1470 2273 ludicras
1494 2243 1722 2283 equitationes

1020 2291 1169 2322 nondum
1194 2293 1394 2333 excessisse,
1419 2293 1656 2334 praecedentia
1679 2293 1726 2325 af-

1019 2341 1166 2373 firmant.
1192 2343 1289 2374 Idem.

1063 2395 1101 2422 15
1135 2392 1315 2432 Sarmatas]
1353 2393 1521 2425 Paternas
1553 2393 1725 2426 Victorias

1019 2452 1080 2482 pro
1098 2443 1164 2473 suis
1178 2444 1339 2483 loquitur.
1364 2444 1459 2474 Idem.

1062 2495 1102 2523 16
1124 2493 1274 2533 Aspirate
1289 2494 1412 2533 novam]
1444 2492 1722 2534 Alloquitur-jam

1016 2552 1122 2573 novos
1147 2543 1321 2584 conjuges,
1344 2542 1401 2583 qui
1425 2552 1495 2573 mos
1521 2542 1636 2574 fausta
1666 2554 1722 2576 vo-

1015 2594 1179 2624 ventium.

1060 2645 1186 2685 Fidem]
1223 2646 1382 2677 Mutuum
1421 2656 1582 2687 amorem,
1612 2646 1721 2678 fortu-

1015 2705 1087 2735 naS,
1126 2695 1263 2738 fataque
1299 2697 1412 2728 onmia
1446 2697 1717 2730 conculcantem.

1014 2747 1132 2778 Barth.

1059 2801 1096 2829 17
1122 2798 1362 2840 mansuramque
1366 2798 1487 2840 facem]
1511 2799 1635 2832 Donec
1647 2799 1718 2831 vita
