1852 3182
551 183 601 212 ΙΝ
639 182 930 216 EUTROPIUM
964 187 1056 218 LIB.
1090 190 1121 220 l.

152 277 214 307 371
243 274 392 316 Vulgavit
420 277 533 318 Eoum]
571 277 725 316 Vulgarat
750 279 812 311 Ju-

108 323 249 356 nianus:
275 335 336 366 pro
362 326 492 357 Romam·
516 327 640 366 doloris,
668 334 812 369 quatuor

108 375 228 416 scripti
252 377 384 407 laboris:
420 382 458 408 nt
481 377 568 407 bello
598 378 689 410 Gild.
719 382 726 396 ‘
748 380 812 411 Ro-

108 435 294 467 manusque
325 427 421 457 labor
456 427 726 469 Pompeianique
753 431 812 461 tri-

110 476 249 516 umphi!
275 477 320 507 D.
339 477 452 507 Heius.

151 528 213 556 373
239 527 362 566 Etiam]
388 527 472 557 Post
488 531 539 558 tot
555 529 643 558 mala
662 535 812 561 monstra

108 575 269 608 edomita.
316 577 398 608 Noti
425 579 559 619 tyranni
586 580 811 612 aTheodosio

108 626 282 664 debellati,
295 632 393 657 notus
407 632 442 658 et
462 628 576 660 Rufini
595 629 698 661 furor.

149 677 267 706 Nostra
290 677 491 715 dignabimur
511 679 576 719 ira]
600 681 704 716 Velut
730 681 811 713 infe-

106 725 174 757 rior
190 726 234 756 sit
250 732 344 757 motu
361 728 446 767 ejus.
479 729 596 760 Barth.

149 778 211 808 375
248 777 362 817 Rapit]
395 779 613 811 Celeritatem
649 791 809 813 summam

106 826 180 859 haec
197 837 261 858 vox
275 828 392 860 infert.
431 831 530 862 Idem.

150 878 248 918 Rapit
272 881 339 910 coeli
362 891 419 920 per
441 882 546 913 inania
567 884 703 924 cursum]
729 886 810 916 Cele-

104 938 171 959 rem
192 939 251 969 per
266 930 372 961 inania
394 941 515 962 cursum
532 934 659 964 rectius
683 945 744 974 pro
761 935 810 965 di-

105 988 204 1011 versa
221 980 369 1012 lectione
388 983 514 1022 primus
528 984 734 1016 Vaticanus:
763 987 810 1018 sic

106 1030 197 1069 apud
223 1031 396 1062 Nasonem
423 1032 478 1064 lib.
499 1042 539 1064 11.
566 1034 651 1065 Met.
678 1036 687 1052 ‘
707 1037 811 1067 celeri

106 1085 224 1120 raptos
262 1091 324 1121 per
360 1083 471 1113 inania
507 1089 609 1115 vento
644 1085 812 1126 Imposuit

106 1131 216 1162 coel0.'
240 1133 283 1163 D.
301 1133 413 1164 Heius.

149 1183 212 1213 377
235 1181 294 1213 Sui
318 1182 466 1222 rectoris]
509 1183 733 1215 Stilichonem
762 1184 811 1215 di-

106 1230 166 1262 cit.
200 1233 317 1263 Barth.

150 1282 245 1312 Forte
268 1282 411 1322 decorus]
447 1283 563 1314 Fronte
598 1285 693 1316 Unus
731 1285 811 1317 Am-

106 1330 197 1362 bros.
224 1337 260 1363 et
283 1333 433 1365 Florent.
490 1335 572 1365 Mox
606 1344 665 1375 pro
699 1336 812 1377 Caycz's

103 1382 258 1423 Scaliger
285 1384 491 1424 conjiciebat
519 1386 694 1417 Cheruscis.
741 1388 812 1428 Gy-

106 1432 190 1463 rald.
208 1437 243 1464 et
261 1435 406 1465 Lucens.
434 1435 656 1476 antiquissimi
681 1438 812 1469 Caucis:

106 1483 204 1522 prim.
242 1485 354 1516 Vatic.
384 1485 507 1526 aliique
537 1487 634 1518 multi
667 1488 811 1519 Chaucis.

106 1533 198 1574 Lege
215 1535 329 1565 Caiicis
340 1547 350 1566 .-
372 1536 420 1567 sic
436 1541 472 1567 et
488 1535 602 1567 Suet-os
625 1547 684 1577 pro
703 1538 815 1570 Suet-is

106 1584 279 1616 dicebant.
339 1585 442 1627 Apud
472 1587 647 1618 Lucanum
680 1598 814 1630 qnoque

106 1635 323 1666 scribendum
352 1642 449 1677 puto,
478 1637 688 1677 ‘crinigeros
717 1638 815 1670 bellis

106 1694 226 1715 arcere
258 1686 424 1717 Caiicosz’
461 1696 536 1717 nam
572 1687 648 1718 libri
680 1693 813 1720 veteres

109 1734 237 1775 Caycos.
283 1735 415 1767 Graecis
439 1737 539 1767 modo
564 1738 699 1777 Καῦχοι,
716 1739 815 1770 modo

107 1786 234 1826 Καῦκοι,
260 1787 358 1817 modo
376 1787 480 1818 etiam
502 1787 628 1819 Χαῦκοι.
645 1788 736 1828 apud
755 1790 815 1820 La-

106 1835 198 1867 tinos
220 1837 325 1867 etiam
350 1837 470 1876 scripti
492 1838 628 1868 codices
655 1839 721 1869 sibi
748 1848 814 1870 non

107 1891 279 1918 constant.
305 1887 348 1917 D.
367 1887 481 1918 Heius.

150 1939 211 1968 381
238 1937 302 1967 His
315 1936 427 1967 tribuit
442 1937 546 1977 reges]
584 1937 723 1978 Itajam
751 1940 813 1970 viri

107 1986 202 2019 docti
225 1987 442 2018 scribendum
465 1994 678 2020 monuerunt.
703 1990 813 2030 prisca

108 2038 316 2078 exemplaria
329 2037 542 2069 confirmant.
567 2038 605 2068 τὸ
623 2040 705 2078 leges
728 2050 813 2080 prae-

108 2092 273 2120 cesserat.
307 2098 462 2118 nummus
509 2089 687 2129 Hadriani,
734 2091 813 2121 Rex

108 2139 276 2170 Pinnas
300 2147 424 2169 DATUS.
471 2140 636 2178 Exempla
659 2140 763 2171 multa
779 2141 812 2172 in

110 2188 268 2220 Historia
280 2188 434 2228 Augusta
451 2188 610 2229 alibique.
636 2190 733 2221 Idem.

152 2242 214 2271 383
238 2240 377 2270 Detonsn
393 2238 590 2279 Sycambria]
625 2239 662 2269 Iu
680 2241 812 2279 signnm

108 2290 263 2321 vicloriae
299 2291 471 2321 Romanae.
516 2290 602 2320 Nam
638 2290 814 2330 Sycambri

109 2339 257 2381 alioquin
289 2340 403 2380 magni
438 2340 655 2371 aestimabant
691 2341 814 2371 comati

110 2400 197 2422 esse.
225 2391 342 2421 Barth.

152 2444 216 2473 384
243 2442 332 2472 Loela
353 2442 437 2473 subit
462 2443 591 2473 Romam
605 2442 724 2482 pietas]
749 2442 814 2473 Ad-

111 2497 231 2533 spectu
246 2494 355 2525 nnicae
372 2504 440 2525 suae
459 2504 550 2525 curae
578 2494 735 2531 Honorii,
752 2493 814 2524 sub

111 2543 272 2583 praesidio
287 2545 494 2575 Stilichonis.
519 2545 618 2574 Idem.

154 2594 218 2623 386
252 2592 463 2633 Defensanee]
518 2593 589 2624 Per
626 2594 816 2633 intervalla,

110 2651 180 2673 non
206 2642 294 2673 enim
322 2643 430 2674 adhuc
460 2649 512 2674 est
537 2643 631 2674 firma
648 2643 813 2675 defensio.

113 2692 216 2723 Idem.

154 2744 218 2774 388
252 2743 478 2786 Dominamque
504 2743 663 2785 serarum]
709 2745 816 2777 Leoni

427 2905 442 2921 ἱ

1449 184 1561 227 1471

862 280 950 312 enim
985 282 1018 312 in
1044 283 1104 314 lias
1136 284 1318 317 dominium
1347 287 1562 322 adscribitur.

868 332 961 363 Idem.

906 386 968 413 390
995 384 1159 425 Nehulnm]
1194 386 1269 418 Qua
1299 392 1389 419 tecta
1415 396 1500 428 erat,
1526 396 1563 422 nt

863 434 949 465 Dea.
988 435 1040 464 Dii
1072 437 1159 466 enim
1192 437 1323 468 nebulis
1354 444 1389 469 et
1419 441 1562 472 nubibus

862 485 976 515 amicti
991 486 1253 519 inducebantur.
1271 490 1450 523 Horatius:
1469 493 1477 508 ‘
1492 493 1562 523 Nu-

864 535 904 565 be
927 537 1124 568 candcnteis
1147 539 1304 571 humeros
1330 543 1470 574 amictus
1494 543 1563 575 An-

863 596 924 625 gur
940 585 1083 626 Apollo.’

906 636 1035 677 Ingens]
1071 639 1117 668 Ut
1145 641 1290 670 maxima
1319 647 1400 673 erat.
1447 643 1561 684 Majus

861 686 924 717 hoc
939 692 1002 722 est,
1027 698 1126 728 qnam
1153 690 1178 719 si
1207 692 1385 722 maximam
1405 692 1562 725 dixisset.

864 737 1062 768 Lucretius:
1088 741 1096 754 ‘
1115 740 1263 770 Maxima
1281 750 1357 781 qum
1376 741 1460 772 vidit
1477 743 1563 783 quis-

862 797 940 828 qne,
953 789 1023 818 inec
1041 789 1189 823 ingentia
1206 789 1325 827 fingit!
1351 791 1467 823 Barth.

904 842 967 868 392
994 839 1062 868 Non
1088 839 1271 879 longinqua]
1313 841 1454 881 Gyrald.
1489 853 1563 874 nos:

860 887 896 918 τὸ
925 890 1090 929 longinqua
1119 900 1194 921 cum
1229 891 1341 931 Tethys
1367 898 1564 925 construen-

862 939 952 970 dum.
977 940 1021 971 D.
1039 940 1153 971 Heius,

904 990 1103 1031 Longinqua]
1129 993 1205 1023 Non
1232 992 1274 1022 de
1299 993 1484 1033 longinquo
1512 1002 1564 1025 ac-

863 1042 1036 1072 cersenda.
1083 1042 1207 1073 Omnia
1223 1044 1293 1073 liaec
1310 1042 1457 1073 facinora
1473 1044 1565 1074 Stili-

863 1091 976 1122 clionis
993 1093 1226 1131 superioribus
1254 1093 1347 1123 libris
1365 1102 1429 1123 non
1459 1094 1564 1124 semel

862 1141 1043 1171 recensuit.
1066 1141 1181 1172 Barth.

905 1193 968 1220 398
987 1191 1062 1221 Toto
1073 1191 1213 1230 corpore]
1230 1191 1406 1224 Gloriatur
1416 1193 1480 1225 hoc
1491 1193 1564 1226 fieri

857 1239 929 1279 jam
949 1240 980 1270 in
997 1240 1123 1270 Paeane
1141 1241 1334 1272 Gildonico.
1360 1243 1455 1273 Idem.

905 1293 968 1321 399
993 1291 1139 1321 Gildonis
1154 1292 1252 1332 taceo]
1276 1292 1365 1331 Ergo
1382 1293 1453 1332 jam
1472 1294 1562 1326 victo

863 1341 1010 1373 Gildone
1026 1342 1146 1382 scripti
1159 1343 1191 1372 lii
1208 1343 1283 1373 libri
1301 1354 1307 1373 ε
1333 1353 1431 1384 quem
1449 1348 1563 1376 tamen

864 1392 906 1423 ab
920 1392 1086 1433 Eutropio
1102 1393 1299 1434 instigatum
1311 1399 1429 1434 aperte
1446 1396 1565 1427 scribit

863 1442 1028 1473 Zosimus.

908 1494 1074 1534 Receptam
1089 1494 1274 1536 Perfidiam]
1297 1495 1425 1534 Uitam,
1451 1495 1564 1536 dejec-

865 1547 943 1575 tam.
988 1545 1077 1576 Mira
1104 1545 1242 1576 locutio.
1289 1546 1342 1577 Sic
1367 1549 1518 1585 receptam
1545 1556 1565 1577 a

865 1594 960 1635 Rege
976 1595 1159 1636 Tarquinio
1184 1596 1326 1627 Romam
1354 1597 1439 1627 dicit
1456 1596 1565 1627 Mani-

866 1645 939 1684 lius,
954 1655 1015 1685 pro
1030 1646 1184 1683 subacta,
1200 1646 1256 1677 lib.
1272 1656 1295 1677 1.
1321 1647 1436 1677 Barth.

907 1698 971 1725 400
996 1696 1062 1725 Eoo
1077 1695 1198 1734 robore]
1223 1696 1311 1728 Quia
1322 1695 1460 1726 Arcadii
1475 1696 1565 1726 illam

866 1745 1021 1785 partibus
1047 1745 1241 1776 adscribere
1267 1745 1451 1785 Eutropius
1475 1746 1566 1776 vole-

865 1794 936 1833 bat,
958 1799 996 1825 ut
1013 1795 1138 1825 bellum
1164 1795 1254 1825 inter
1273 1794 1397 1825 fratres
1413 1800 1563 1827 sereret:
1596 1791 1600 1794 ⁴

864 1844 897 1873 id
916 1844 1004 1884 quod
1021 1849 1113 1875 metu
1131 1844 1326 1875 Stilichonis
1343 1845 1450 1876 solum
1467 1844 1566 1877 adac-

863 1897 917 1924 tus
932 1894 1142 1934 concupivit,
1156 1904 1198 1925 ne
1215 1894 1258 1925 'ab
1274 1905 1313 1925 eo
1327 1895 1505 1935 puniretur
1520 1896 1564 1927 ob

864 1943 1020 1974 turbatas
1037 1953 1101 1974 res.
1127 1944 1222 1975 Idem.

906 1997 967 2025 401
995 1994 1073 2029 Quoe
1094 1998 1235 2034 suscepta
1250 1993 1370 2035 fames]
1402 1995 1480 2030 Quae
1501 2005 1565 2026 sus-

859 2048 951 2084 pecta
982 2045 1104 2084 Isingr.
1133 2045 1276 2084 Gyrald.
1309 2050 1344 2076 et
1372 2046 1564 2087 quindecim

865 2095 943 2125 alii:
979 2094 1122 2125 totidem
1151 2096 1252 2130 Quam
1278 2100 1441 2135 suspecta:
1474 2095 1564 2136 quod

865 2154 992 2174 verum.
1038 2145 1158 2174 Petav.
1185 2145 1265 2180 Qua>
1279 2148 1439 2180 sustenta;
1461 2147 1564 2177 etiam

864 2193 962 2225 bene.
989 2194 1172 2225 Pensassent
1185 2204 1245 2235 pro
1258 2197 1414 2235 pensasset
1426 2195 1447 2227 J
1453 2196 1564 2227 unian-

843 2270 846 2273 ,
867 2244 912 2274 D.
932 2244 1041 2274 Heius.

906 2297 968 2325 404
994 2295 1129 2326 [ιιι-θείω
1148 2295 1306 2336 Rhodani]
1319 2296 1511 2327 Prim.Vat.
1526 2300 1563 2328 et

866 2344 1045 2375 duodecim
1063 2345 1119 2376 alii
1136 2346 1306 2376 Rhodano:
1331 2346 1447 2386 probe.
1481 2346 1564 2376 Rho-

864 2396 978 2425 danum
994 2396 1200 2427 Pricaeanus.
1224 2396 1319 2427 Idem.

911 2445 1075 2484 Rhodano]
1103 2446 1246 2476 Annona
1264 2445 1412 2476 Gallica.
1445 2445 1562 2476 Barth.

908 2498 970 2527 <105
998 2496 1151 2536 cinysiis]
1180 2495 1358 2526 Africanis.
1382 2497 1478 2526 Idem.

908 2547 971 2575 410
998 2545 1150 2586 Tabraca]
1169 2545 1327 2585 Adquam
1340 2544 1438 2584 perlit
1452 2543 1565 2575 Gildo.

869 2593 913 2624 Hi
930 2599 1040 2625 antem
1058 2601 1128 2625 tres
1155 2595 1230 2624 liin-i
1258 2594 1390 2634 (utique
1407 2593 1496 2624 enim
1514 2598 1566 2624 tot

867 2643 1034 2684 fuerunt),
1064 2645 1157 2674 velut
1193 2644 1236 2674 de
1266 2653 1299 2673 re
1330 2646 1498 2683 praesente
1530 2642 1564 2673 in

865 2704 966 2726 scena
995 2696 1204 2736 loquuntnr;
1244 2700 1279 2725 et
1309 2704 1349 2724 eo
1390 2692 1456 2724 fine
1485 2698 1565 2725 suut

865 2745 1000 2787 scripti,
1022 2749 1060 2776 ut
1085 2749 1191 2776 totam
1205 2743 1362 2786 Eutropii
1377 2743 1564 2775 Historiam
