1852 3182
527 230 576 258 IN
616 225 846 258 RUFINUM
885 225 977 254 Llu.
1012 225 1063 254 ΙΙ.

73 331 213 367 pectore
231 325 337 356 nescit
365 322 505 353 Publica
521 318 711 360 majestas?
738 321 770 347 et

76 378 120 407 dc
146 377 281 407 Consul.
308 372 427 404 Manlii
454 370 639 406 Theodori,
660 369 769 408 princ.

72 429 80 442 ⁶
101 436 162 456 nec
187 424 319 463 dignius
340 430 484 461 unquam
511 419 677 459 Mnjestas
708 427 774 447 mc-

73 475 172 505 minit
189 484 260 504 sese
273 473 418 502 Romana
437 468 606 500 locutaui.'
639 469 773 498 Fratres

75 530 151 554 sunt
181 522 344 553 Arcadius
369 525 403 550 et
422 520 591 550 Honorius
617 517 775 557 Augusti,

72 573 132 604 tilii
149 571 328 603 Theodosii
345 570 468 609 magni.
499 570 636 608 Dempst.

117 621 313 660 Gentiumque
328 620 485 650 exercitus
497 620 590 658 aulae]
607 618 708 649 Hunc
725 616 773 646 ‹li-

72 672 201 707 vis-isse,
217 671 367 710 partibus
379 670 536 709 licetjam
552 667 773 702 tumentibus,

72 723 160 752 inter
177 721 298 751 fratres
315 720 554 755 Stilichonem,
569 719 599 748 iu
620 718 690 758 ejus
710 719 774 747 lau-

70 771 169 801 dibus
187 775 355 808 recenset‚
371 770 428 800 lib.
451 779 489 799 11.
509 779 537 799 v.
554 772 607 799 90.
634 768 745 798 Barth.

115 821 315 860 Gemimeque
328 820 483 851 exercitus
495 819 589 857 uulw]
628 818 774 848 Gemina

71 872 158 910 aula,
172 871 203 901 id
223 877 286 908 est,
309 871 506 911 imperium:
537 869 775 899 Constantino-

70 921 256 962 politanum
267 931 324 952 seu
336 922 528 957 Orientale,
542 926 575 950 et
591 921 774 950 Romanum

71 981 129 1002 seu
147 971 395 1002 Occidentale:
413 980 486 1000 nam
503 970 555 999 illa
567 969 774 999 Theodosius

71 1022 218 1052 moriens
236 1021 413 1051 distraxit:
441 1031 505 1060 pra
515 1026 568 1050 ter
583 1020 775 1057 historicos,

71 1076 187 1102 noster
201 1071 242 1101 de
257 1081 305 1101 vi.
324 1071 415 1101 Hon.
434 1071 533 1101 Cous.
553 1070 658 1109 princ.
682 1069 774 1099 etde

72 1129 128 1151 111.
146 1121 245 1150 Cous.
262 1119 339 1149 fine.
356 1125 389 1149 et
405 1119 446 1149 de
462 1119 550 1149 bello
569 1118 772 1149 Gildonico:

68 1171 77 1186 ‘
94 1170 205 1202 Quum
225 1169 338 1199 subito
356 1178 417 1208 par
439 1168 547 1199 Roma
575 1168 665 1206 milii,
692 1167 775 1198 divi-

68 1228 170 1260 saque
198 1219 291 1259 cepit
318 1219 477 1260 AEquales
505 1217 640 1249 Aurora
657 1217 775 1258 togas.’

69 1271 214 1311 Dempst.

112 1324 130 1352 7
158 1322 223 1352 Nec
247 1321 327 1351 enim
352 1321 516 1360 patiuntur
539 1329 620 1350 sat-a
644 1319 775 1359 quietem

73 1370 232 1410 Crimina]
245 1370 471 1401 Conscientia*v
483 1370 570 1399 laesa‘
582 1378 689 1406 more,
701 1378 776 1408 quae

71 1422 220 1462 quietem
239 1430 306 1450 non
324 1420 438 1458 babet,
467 1419 526 1449 sed
554 1429 571 1449 e
597 1419 725 1449 scelere
743 1418 775 1448 in

69 1471 179 1501 scelus
210 1470 342 1500 transit.
397 1469 564 1499 Salustius
592 1468 633 1498 de
658 1467 776 1498 Catili-

68 1530 112 1550 na
131 1531 138 1551 :
162 1522 171 1537 ‘
191 1521 319 1551 animus
349 1520 514 1559 impurus,
532 1519 608 1550 Diis
637 1518 776 1548 homini-

72 1571 199 1612 busque
215 1569 375 1607 infestus,
395 1579 505 1610 neque
525 1569 648 1609 vigiliis
666 1577 775 1609 neque

70 1622 241 1663 quietibus
260 1621 372 1651 sedari
387 1619 548 1660 poterat)
572 1620 690 1650 Barth.

111 1677 131 1704 S
159 1674 346 1712 Pouutoeque
359 1675 474 1711 negant
486 1680 692 1702 mansuescere
698 1670 776 1708 fau-

69 1724 145 1764 ceis]
168 1722 199 1753 A
221 1722 302 1753 feris
318 1721 554 1761 sanguinariis,
572 1730 653 1761 quas
671 1720 775 1751 semel

70 1775 227 1805 haustum
264 1774 464 1813 sanguinem
510 1780 644 1810 semper
683 1770 775 1801 sitire

71 1825 176 1856 aiunt.
214 1825 371 1854 Lucanus
390 1822 448 1853 lib.
466 1831 491 1852 1.
516 1823 525 1838 ‘
544 1822 654 1852 nullus
669 1821 773 1851 semel

71 1884 130 1907 ore
147 1879 309 1914 receptus
322 1873 478 1904 Pollutas
495 1873 626 1913 patitur
642 1872 776 1913 sanguis

71 1934 309 1956 mansuescere
327 1923 476 1955 fauceis?
512 1924 611 1955 Idem.

115 1976 243 2014 Negant
266 1983 403 2004 arescere
418 1973 544 2011 fauces]
584 1974 680 2003 Unus
714 1973 777 2003 Pe-

74 2030 139 2057 taV.
167 2029 202 2055 et
231 2024 327 2054 Med.
351 2033 580 2054 mansuescere:
607 2024 654 2054 sic
687 2023 777 2063 apud

73 2076 202 2106 Lucan.
218 2074 277 2104 lib.
294 2083 318 2105 1.
359 2074 368 2088 ‘
386 2073 497 2103 nullus
519 2073 623 2103 semel
642 2082 700 2103 ore
730 2082 779 2102 re-

71 2130 193 2166 ceptus
212 2125 365 2155 Pollutas
387 2123 517 2163 patitur
534 2123 669 2163 sanguis
687 2132 777 2152 man-

71 2186 229 2208 suescere
243 2175 359 2206 fauces
375 2175 394 2205 :’
417 2175 470 2204 hic
490 2181 604 2205 tamen
629 2173 715 2204 iufra
732 2184 778 2204 vs.

72 2229 124 2258 41.
152 2235 360 2256 mansuescere
390 2224 502 2255 denuo
529 2224 691 2265 sequitur.
729 2225 777 2254 1).

73 2277 185 2308 Heius.

114 2330 135 2358 9
156 2325 282 2365 Terras]
318 2324 496 2365 Mundum,
524 2325 684 2355 humanas
715 2334 777 2355 res.

73 2377 190 2408 Barth.

115 2431 156 2458 10
182 2428 295 2458 Pacem
319 2426 445 2457 turbare
467 2425 616 2465 tumultu]
657 2425 778 2456 Vexare

74 2477 192 2518 scripti
209 2477 386 2518 plerique:
415 2477 533 2517 probe.
549 2477 623 2516 jam
648 2476 778 2506 dictum

73 2527 241 2569 superiori
260 2528 358 2565 libro,
376 2537 427 2557 vs.
441 2530 493 2558 65.
520 2527 567 2557 D.
586 2526 701 2557 Heius.

116 2578 230 2608 Pacem
260 2577 387 2608 turbare
412 2577 564 2617 tumultu]
605 2576 778 2607 Tumultui

75 2626 165 2658 enim
181 2628 328 2658 turbatio
345 2633 397 2658 est
409 2628 595 2668 aptissima.

120 2680 160 2708 12
185 2678 326 2718 Fluctus]
342 2679 436 2709 Mala
458 2678 593 2709 cumulo
619 2677 778 2718 quopiam

75 2727 270 2767 ingruentia
315 2733 351 2759 et
387 2729 566 2759 obruentia
602 2728 780 2768 rationem,

75 2776 237 2810 fluctibus
252 2782 441 2818 aequantur.
487 2779 611 2820 Sicque
627 2779 697 2809 vita
713 2788 780 2809 om-

1413 215 1430 254 1
1441 213 1525 256 269

824 318 873 347 nis
898 317 1042 346 bumana
1071 315 1152 346 nibil
1180 321 1339 345 censetur
1358 316 1419 345 nisi
1438 316 1524 346 Pon—

825 372 891 404 tus,
916 366 1143 396 mutabilitate
1161 373 1272 395 rerum
1290 365 1399 394 omnia
1427 366 1526 395 alter—

825 422 939 447 nante.
965 416 1080 446 Barth.

870 469 906 497 13
935 467 1063 496 Fremor
1095 465 1166 495 Ιιῐιιι·
1189 464 1282 503 odiis]
1306 463 1523 493 Domestico-

825 526 898 546 rum
934 516 1029 546 ΑιιΙιιἱ
1062 524 1250 555 procerum.
1298 514 1372 543 Nec
1408 512 1526 542 mirum

825 567 972 596 omnium
1002 565 1078 595 odia
1101 566 1275 595 incurrere
1301 562 1358 603 qui
1374 561 1526 592 avaritiae

825 616 937 646 studio
969 616 1078 645 omnia
1115 613 1356 654 postposuerit.
1411 612 1526 651 Ipsum

825 666 929 696 ctiam
959 666 1149 705 principem
1176 663 1344 695 infensum
1369 661 1527 698 habebat,

825 717 851 747 si
868 726 948 746 vera
965 721 1042 746 sunt
1057 726 1132 757 quae
1147 714 1324 754 subjungit
1341 713 1416 743 istic
1433 711 1530 742 Clau-

826 766 956 796 dianus.
979 767 1076 797 Idem.

871 820 908 847 15
935 816 1080 855 Matura]
1120 817 1206 848 Quae
1231 814 1346 846 caveri
1378 813 1432 843 vix
1456 812 1527 852 jam

827 866 955 906 possint
979 866 1057 907 quin
1078 866 1110 895 in
1125 869 1229 905 caput
1254 873 1366 894 meum
1381 862 1527 898 cadant3

826 927 891 947 non
920 917 961 947 (le
991 917 1174 957 longinquo
1198 914 1374 953 minantia,
1397 913 1457 943 sed
1475 923 1528 943 co-

827 977 897 997 ram
914 967 1136 997 imminentia.

869 1018 1011 1055 Surgunt
1028 1015 1175 1056 undique]
1212 1016 1340 1055 Suapte
1362 1014 1455 1044 velut
1471 1022 1530 1043 na-

826 1073 912 1097 tura.
957 1066 988 1096 A
1007 1066 1150 1096 nubibus
1168 1066 1200 1095 in
1215 1069 1456 1104 tempestatem
1470 1071 1529 1092 un-

826 1117 926 1156 dique
957 1115 1253 1155 consurgentibus,
1278 1118 1336 1144 aut
1364 1112 1528 1142 undarum

824 1166 996 1198 fluctibus.
1024 1166 1139 1196 Barth.

869 1220 909 1248 16
936 1217 1076 1257 Impositi
1092 1217 1217 1247 radiant
1234 1214 1402 1246 caricibus
1417 1211 1529 1251 enseis]

825 1267 992 1307 Exemplo
1016 1267 1191 1298 Damoclis
1220 1276 1238 1296 a
1265 1265 1430 1306 Dionysio
1447 1263 1531 1294 invi-

826 1318 897 1349 tati.
943 1318 1066 1348 Horat.
1092 1316 1148 1347 lib.
1178 1325 1234 1346 111.
1268 1316 1335 1345 Od.
1364 1319 1391 1346 l.
1429 1316 1437 1331 ⁴
1457 1313 1532 1344 Dis-

826 1368 949 1399 trictns
959 1367 1050 1397 ensis
1062 1367 1116 1397 cui
1129 1375 1262 1406 semper
1272 1365 1376 1405 impia
1388 1364 1530 1395 Cervice

826 1417 976 1458 pendet.'
1007 1418 1105 1448 Idem.

871 1471 908 1498 17
935 1470 1052 1498 Cuncta
1068 1478 1142 1498 not-o
1156 1466 1341 1504 confundere
1357 1463 1458 1503 luctu]
1475 1463 1531 1494 In-

826 1519 982 1549 cendium
1003 1519 1099 1548 ruina
1118 1517 1343 1556 restinguere,
1369 1513 1458 1555 quod
1476 1522 1532 1543 ne-

827 1568 913 1598 farie
925 1568 1071 1608 jactavit
1089 1567 1249 1604 Catilina,
1266 1565 1441 1596 convictus
1459 1572 1530 1594 sce-

827 1619 947 1655 lerum,
972 1618 1077 1648 exitio
1101 1617 1322 1657 propinquus.
1363 1614 1528 1645 Tacitus:

827 1671 835 1685 ‘
851 1667 1003 1699 Difficile
1040 1674 1094 1698 est
1130 1672 1323 1706 temperare
1362 1663 1532 1703 felicitati,

827 1728 893 1758 qua
910 1722 942 1748 te
959 1727 1025 1747 non
1046 1723 1145 1757 putes
1161 1716 1219 1746 diu
1240 1713 1403 1745 usurum!

871 1771 911 1799 19
935 1768 1055 1798 Solatia
1080 1767 1160 1798 letho
1200 1765 1347 1796 Exitium
1376 1774 1532 1795 commune

825 1819 928 1859 dabit]
959 1819 1092 1849 Seneca
1119 1816 1330 1848 Troadibus:
1364 1815 1373 1831 ‘
1390 1814 1532 1845 Lentius

827 1871 938 1901 luctus
970 1870 1198 1909 lacrymaeque
1229 1865 1389 1897 mordent
1419 1863 1533 1894 Turba

828 1931 908 1962 quas
922 1919 1005 1950 fletu
1020 1918 1120 1949 simili
1139 1917 1348 1958 frequentat,
1359 1917 1424 1946 διο.
1454 1915 1534 1945 Fer-

829 1981 865 2002 re
891 1980 990 2011 quam
1026 1973 1153 1999 sortem
1198 1966 1379 2007 patiuntur
1415 1973 1532 1996 omnes

832 2022 941 2053 Nemo
958 2017 1118 2057 recusat,’
1135 2021 1219 2048 &c.-
1241 2016 1358 2047 Barth.

871 2070 993 2101 Solatia
1018 2069 1114 2109 letho]
1156 2068 1233 2098 Fato
1258 2066 1534 2097 Mazarinianus:

829 2121 919 2163 quod
932 2120 1032 2159 magis
1047 2118 1231 2159 poeticum.
1257 2118 1302 2147 D.
1320 2116 1432 2146 Heius.

871 2175 910 2202 21
949 2169 1107 2209 Potestas]
1154 2167 1332 2208 Tyrannis.
1393 2166 1537 2196 Potestas

830 2221 1035 2262 quandoque
1063 2219 1218 2260 injustam
1235 2222 1270 2248 et
1287 2217 1318 2246 vi
1336 2220 1536 2256 usurpatam

830 2271 1097 2302 dominationem
1114 2272 1225 2306 notat⁷
1245 2267 1377 2308 qualem
1393 2266 1426 2296 in
1443 2263 1535 2296 Rufi-

830 2332 872 2353 no
885 2321 1045 2362 proponit
1058 2318 1263 2350 Claudianus
1273 2321 1401 2348 noster.
1419 2314 1536 2346 Barth.

872 2376 913 2402 22
938 2371 976 2402 St
997 2370 1092 2408 frena
1117 2368 1277 2408 remittat]
1308 2367 1453 2399 Resolvat
1469 2366 1535 2396 Lu-

830 2414 922 2454 cens.
940 2422 1082 2462 Gyrald.
1111 2420 1208 2461 prim.
1224 2419 1337 2450 Vatic.
1355 2423 1391 2448 ut
1409 2414 1535 2456 nuptiis

830 2474 960 2505 Honor.
995 2472 1004 2488 ‘
1020 2472 1094 2503 Nec
1120 2470 1217 2501 frena
1233 2468 1372 2501 resolvit
1392 2464 1536 2498 Gratia.'

829 2525 977 2564 Vulgata
1015 2527 1129 2553 tamen
1157 2521 1260 2552 lectio
1284 2520 1388 2551 etiam
1417 2518 1534 2558 proba.

831 2573 932 2605 Ovid.
948 2574 1039 2605 Met.
1055 2581 1092 2603 ιι.
1109 2573 1117 2589 ‘
1129 2572 1184 2602 cui
1202 2572 1293 2602 victa
1310 2569 1441 2600 remisit
1456 2568 1535 2598 Fre-

831 2635 875 2656 na
903 2635 980 2655 suus
1018 2622 1158 2655 rector.'
1203 2622 1304 2652 Trist.
1345 2620 1397 2649 El.
1430 2626 1454 2647 1.
1485 2619 1532 2646 3.:

831 2678 839 2693 ‘
856 2675 1008 2707 Cervicis
1027 2674 1148 2715 rigidae
1162 2672 1259 2703 frena
1270 2669 1414 2701 remittit
1427 2669 1536 2707 equo.'

831 2732 947 2758 noster
963 2735 1009 2757 vx.
1026 2726 1128 2756 Cons.
1146 2723 1235 2754 Hon.
1253 2723 1261 2738 ‘
1277 2722 1365 2759 Ergo
1376 2717 1433 2748 ubi
1451 2726 1536 2756 prae-

831 2777 933 2808 clusae
963 2775 1038 2806 voci
1061 2774 1175 2804 laxata
1195 2769 1323 2801 remisit
1340 2768 1460 2798 Fraena
1476 2764 1536 2797 do·
