1852 3182
651 235 912 266 EIDYLLL-x.
1397 225 1510 268 1103

56 334 183 377 Unde
206 338 353 377 tonent
373 333 522 380 nubes,
545 344 633 384 quo
657 331 819 371 lumine
841 332 996 371 floreat
1014 344 1170 373 arcus:

55 403 158 444 Hoc
181 403 281 443 mihi
305 399 516 454 quaerenti
538 399 573 438 si
598 398 703 450 quid
725 397 988 450 deprendere
1009 399 1097 438 veri

54 469 184 510 Mens
205 469 330 514 valet,
355 465 608 518 expediam.
671 464 813 517 Lapis
834 468 899 504 est
921 465 1177 515 cognomine
1200 463 1399 516 Magnes,

55 536 258 582 Decolor,
282 534 509 581 obscurus,
533 533 644 572 vilis.
707 532 812 572 Non
834 532 905 571 ille
927 545 1134 585 repexam

54 602 296 645 Caesariem
320 600 504 652 Regum,
526 613 605 640 nec
628 599 819 639 candida
843 600 1024 652 virginis
1046 604 1168 641 ornat

53 669 198 717 Colla,
220 681 298 708 nec
318 668 476 719 insigni
496 667 700 721 splendet
721 680 798 720 per
817 667 988 720 cingula
1009 681 1157 708 morsu
1175 682 1183 709 :

54 736 141 778 Sed
160 749 277 776 nova
298 736 335 775 si
355 735 466 787 nigri
489 735 642 776 videas
663 736 875 776 miracula
897 736 1013 785 saxi,

51 804 165 846 Tum
186 803 387 856 pulchros
409 808 585 856 superet
607 804 766 854 cultim,
791 809 834 844 et
855 804 1065 857 quicquid
1090 803 1197 844 Eois

1452 531 1506 571 10

52 925 168 956 viscera
184 929 276 955 terroe
289 924 462 961 trementis,
478 936 544 964 φατ’
562 925 640 955 rimu
657 925 780 955 emittat
800 926 954 963 fulmina,
967 928 1048 956 uncle
1062 925 1157 956 nimbi
1169 925 1354 963 fulminent,
1377 934 1434 964 qua
1451 924 1516 954 lnce

52 978 140 998 arcus
158 967 257 998 Iridis
272 969 432 1002 varietur:
457 969 512 997 ille
532 968 756 1007 Philosophus
776 969 906 1008 explicet
932 969 986 998 hoc
1011 969 1086 998 mihi
1106 969 1239 1008 petenti,
1261 968 1288 997 si
1310 969 1383 1006 quid
1404 966 1520 996 veritu-

52 1011 94 1041 tis
112 1011 232 1041 artimus
253 1011 440 1047 investigare
461 1013 570 1050 potest.
615 1010 713 1049 Lapis
729 1015 773 1041 est
788 1012 1023 1049 cognominatus
1042 1011 1187 1049 RIagnes,
1214 1010 1371 1047 subniger,
1396 1018 1517 1048 opacus,

51 1053 196 1091 abjectus.
244 1054 315 1083 Non
342 1054 392 1082 ille
417 1054 538 1083 decorat
566 1052 665 1082 crines
688 1054 917 1083 calamistratos
948 1054 1080 1091 Regum,
1114 1063 1210 1092 neque
1240 1053 1386 1083 cert-icem
1417 1052 1518 1081 albam

50 1097 231 1135 puellarum,
255 1106 349 1135 neque
364 1096 472 1125 rutilat
490 1104 589 1125 morsu
607 1095 721 1124 illustri
743 1096 773 1125 in
793 1096 921 1126 hamis.-
945 1099 978 1125 at
994 1106 1064 1125 vero
1079 1095 1106 1124 si
1121 1096 1254 1134 aspicias
1272 1094 1418 1133 prodigia
1442 1092 1520 1132 Iupi-

51 1139 101 1168 αἱς
121 1139 216 1177 nigri,
236 1142 301 1168 tum
324 1138 425 1168 vincat
447 1141 574 1168 ornatas
595 1138 737 1177 eximios,
759 1141 788 1169 ct
814 1139 846 1168 id
867 1148 954 1169 omne
977 1139 1055 1178 quod
1078 1138 1149 1168 Indi
1178 1140 1321 1177 quoerunt
1348 1136 1381 1166 in
1408 1135 1514 1165 littore

667 1220 904 1232 eeeeeeeeeeee

53 1278 103 1306 rat
121 1275 204 1306 Exc.
220 1273 307 1305 Laeti
338 1284 382 1305 m.
399 1283 450 1314 pr.
478 1274 643 1305 Concutiat
658 1273 752 1305 Med.
768 1284 835 1305 sec.
854 1274 920 1306 inc.
936 1275 1058 1306 Heius.
1075 1275 1156 1305 Put.
1175 1275 1297 1305 Pctav.
1315 1283 1366 1314 pr.
1384 1273 1518 1303 Bonon.

52 1317 119 1349 duo
136 1317 254 1348 Ambr.
272 1317 354 1349 Cod.
372 1318 490 1356 Epigr.
508 1317 626 1349 Ambr.
645 1317 772 1347 Moret.
801 1327 852 1357 pr.
882 1318 994 1349 Oxou.
1012 1328 1079 1349 sec.
1096 1318 1176 1348 Vat.
1193 1317 1304 1348 Livin.
1334 1317 1417 1347 Exc.
1442 1316 1521 1346 Pat.

53 1370 122 1391 rec.
148 1361 294 1390 Lucens.
310 1370 359 1399 pr.
376 1360 499 1390 Sched.
517 1360 609 1390 Gud.
625 1360 681 1390 ed.
700 1360 813 1389 Parin.
832 1363 939 1391 ventus
967 1370 1028 1400 pro
1046 1364 1146 1391 motas
1159 1361 1238 1390 vat.
1255 1369 1305 1399 pr.
1322 1369 1365 1390 m.
1384 1368 1435 1398 pr.
1453 1357 1521 1395 sul-

54 1404 138 1434 me'na
154 1403 234 1433 Yat.
254 1402 508 1442 Lirimflumina
524 1403 652 1432 Moret.
671 1411 719 1441 pr.
735 1402 865 1433 Buslid.
889 1403 992 1442 quoef.
1009 1404 1099 1433 ducat
1115 1402 1204 1440 origo
1221 1402 1288 1432 duo
1303 1402 1400 1431 Yatt.
1418 1399 1523 1431 Hafn.

56 1446 151 1477 Rott.
169 1446 253 1475 Exc.
275 1444 374 1482 Laefi,
390 1445 503 1474 Parm-
518 1443 597 1475 Ald.
614 1444 712 1475 Jnnt.
731 1444 854 1483 isingr.
870 1445 1004 1484 Gryph.
1023 1446 1130 1476 Colin.
1155 1443 1262 1483 quisf.
1279 1446 1308 1474 d.
1325 1443 1428 1473 hiatus
1446 1443 1523 1473 Vat.

56 1498 107 1528 pr.
123 1488 216 1519 Med.
234 1496 299 1517 sec.
313 1488 391 1517 Pur.
410 1486 528 1516 Ambr.
547 1496 597 1526 pr.
624 1487 705 1517 Vat.
728 1486 836 1516 Lirin.
863 1487 946 1518 Exc.
977 1487 1053 1518 Pat.
1072 1496 1140 1518 rec.
1157 1486 1280 1517 Sched.
1299 1485 1452 1516 Gud.——7
1478 1488 1524 1514 lo·

54 1534 129 1561 nant
149 1530 241 1561 Med.
259 1539 328 1560 sec.
353 1529 459 1558 limine
478 1530 606 1558 Bouon.
624 1529 736 1558 Oxon.
754 1538 819 1558 sec.
834 1529 969 1567 flumine
988 1529 1118 1559 Buslid.
1147 1530 1273 1559 Moret.
1309 1538 1359 1565 pr.
1390 1527 1519 1565 fulgeat

54 1573 134 1603 Vat.
150 1572 327 1602 Livin.—s
351 1571 422 1601 Hoc
436 1577 506 1601 tres
523 1571 618 1600 Vatt.
641 1569 743 1600 Hafn.
776 1571 869 1600 Rott.
903 1572 1014 1601 Oisel.
1039 1572 1124 1601 Exc.
1154 1572 1237 1600 Lmt.
1269 1571 1348 1600 Hoec
1370 1570 1519 1599 Florent.

54 1614 149 1646 Med.
167 1624 234 1644 sec.
250 1614 374 1644 Moret.
393 1623 442 1652 pr.
466 1623 571 1642 reram
589 1613 666 1642 Vat.
686 1621 735 1651 pr.
755 1611 861 1643 Oisel.
882 1613 961 1643 Vat.
978 1613 1089 1643 Livin.
1107 1614 1192 1643 Exc.
1211 1613 1307 1642 Laeti.
1333 1612 1421 1641 velim
1441 1610 1520 1642 Ald.

54 1657 118 1687 teri
133 1656 198 1687 duo
211 1657 308 1686 Vatt.
327 1654 429 1685 Hafn.
447 1655 601 1685 Florent.
620 1655 685 1684 inc.
700 1653 820 1684 Heius.
839 1654 920 1685 Put.
933 1655 1001 1684 duo
1020 1655 1143 1686 Petav.
1161 1655 1290 1684 Bonon.
1310 1653 1426 1683 Anxur.
1446 1658 1526 1684 tert.

56 1699 139 1731 cod.
158 1698 410 1738 Epigr.A1nbr.
429 1698 512 1728 Exc.
532 1697 678 1727 Lucens.
697 1699 813 1736 piu—9
836 1697 1000 1736 expediam
1029 1697 1124 1728 Med.
1154 1706 1223 1726 sec.
1260 1695 1429 1736 expediant
1454 1701 1523 1726 tres

56 1743 153 1773 Vati.
172 1740 275 1772 Hafu.
293 1742 387 1772 Roit.
413 1740 520 1771 Oisel.
537 1740 621 1770 Exc.
639 1739 738 1770 Laeti.
762 1739 909 1778 expediat
926 1739 1044 1771 Ambr.
1078 1749 1131 1779 pr.
1155 1739 1300 1778 experiar
1317 1737 1525 1777 conjiciebat

56 1784 176 1816 Heins.
199 1793 379 1823 cognoscere
396 1792 455 1822 pro
471 1782 650 1821 cognomine
665 1781 782 1812 Ambr.
807 1785 973 1813 tem—11
998 1792 1057 1812 non
1074 1782 1206 1812 candida
1224 1781 1327 1812 Hafn.
1346 1781 1442 1811 Rott.
1459 1781 1526 1811 inc.

57 1827 174 1858 Heius.
197 1827 276 1858 Put.
298 1827 415 1857 Petav.
436 1835 486 1865 pr.
510 1826 643 1856 Bonon.
667 1825 732 1855 duo
751 1823 871 1855 Ambr.
899 1825 1025 1856 Moret.
1052 1834 1104 1865 pr.
1136 1824 1266 1855 Buslid.
1294 1823 1378 1854 Cod.
1409 1823 1527 1862 Epigr.

57 1869 175 1901 Ambr.
200 1870 283 1900 Exc.
313 1869 458 1899 Lucens.
487 1878 538 1908 pr.
556 1867 637 1898 Ald.
652 1867 796 1907 Raphei.
814 1867 897 1898 Var.
914 1868 982 1898 LL.
998 1877 1016 1898 e
1033 1877 1137 1907 marg.
1167 1867 1281 1898 Parm.
1306 1876 1360 1897 nec
1389 1866 1522 1896 candida

58 1911 171 1944 oxon.
186 1922 254 1944 see.
268 1922 326 1943 non
338 1915 462 1951 pectora
476 1910 610 1949 virginis
624 1913 715 1940 ornat
727 1910 808 1940 Vat.
824 1920 875 1950 pr.
891 1909 997 1941 Oisel.
1021 1920 1079 1941 non
1094 1910 1226 1941 candida
1238 1908 1374 1947 virginis
1385 1918 1438 1937 ora
1458 1908 1527 1937 Col-

57 1955 85 1985 lo
100 1965 154 1986 nec
166 1955 245 1986 Vat.
264 1964 331 1985 sec.
349 1954 499 1985 Florent.
514 1954 638 1984 Petav.
665 1962 734 1983 sec.
758 1962 812 1983 ora
832 1961 893 1993 pro
910 1956 1003 1984 ornat
1020 1954 1099 1984 Vat.
1117 1958 1196 1984 tert.
1217 1951 1434 1982 Buslid.—12
1460 1951 1527 1980 De·
1576 1965 1579 1968 ⁴

58 2001 110 2028 est
126 1997 180 2028 hic
197 2007 311 2028 versus
329 1998 407 2028 Vat.
436 2006 490 2037 pr.
515 2001 550 2026 et
567 1995 674 2026 Oisel.
697 1996 858 2035 splendent
888 1996 1016 2027 Moret.
1034 2005 1085 2036 pr.
1108 1996 1235 2034 singula
1262 1994 1328 2025 duo
1346 1994 1442 2024 Vatt.
1462 1993 1528 2023 Bo-

58 2048 135 2070 non.
151 2040 281 2070 Buslid.
295 2040 408 2070 Oxou.
423 2049 490 2070 sec.
514 2048 631 2068 morsus
646 2038 884 2069 Florent.-—13
900 2038 1013 2076 jubeas
1028 2038 1177 2068 miracula
1194 2038 1412 2071 Bonum-14
1440 2036 1526 2066 Tunc

60 2087 128 2113 tres
144 2082 238 2113 Vati.
257 2081 359 2112 Hafn.
387 2082 464 2112 Tum
478 2081 601 2111 Petav.
619 2090 688 2111 sec.
712 2083 839 2121 superat
851 2081 998 2121 pulchros
1026 2082 1108 2112 Exc.
1127 2080 1224 2111 Laeti.
1244 2079 1390 2120 pulchros
1403 2080 1528 2118 superat

60 2124 212 2155 Florent.
230 2123 325 2155 Med.
341 2133 409 2154 sec.
428 2124 494 2154 inc.
522 2122 645 2153 Heius.
664 2123 745 2154 Put.
774 2123 841 2154 duo
865 2123 990 2155 Petav.
1018 2124 1152 2154 Bonon.
1166 2123 1233 2154 duo
1257 2121 1378 2153 Ambr.
1395 2120 1528 2152 Buslid.

58 2167 185 2198 Moret.
205 2176 254 2207 pr.
271 2167 387 2198 Oxou.
406 2175 475 2197 sec.
492 2165 577 2197 Cod.
596 2165 714 2206 Epigr.
730 2165 851 2197 Ambr.
866 2167 951 2198 Exc.
970 2167 1114 2198 Lucens.
1129 2176 1182 2207 pr.
1200 2166 1283 2197 Var.
1300 2165 1369 2196 LL.
1385 2173 1403 2194 e
1420 2172 1526 2204 marg·

729 2260 760 2291 N
768 2260 868 2292 OTAE

103 2338 122 2367 7
147 2336 263 2367 Tenent
285 2334 394 2375 nubes]
442 2335 530 2366 Sunt
558 2333 769 2374 Philosophi,
824 2335 917 2366 culta
934 2335 1042 2367 videri
1057 2336 1178 2376 possit.

62 2387 119 2428 qui
135 2387 250 2417 dicant
276 2385 418 2416 fulmina
445 2389 480 2416 et
508 2385 661 2415 tonitrua
684 2384 768 2414 nihil

64 2437 152 2469 aliud
167 2447 240 2468 esse
257 2447 357 2478 quam
375 2437 513 2468 nubium
530 2434 722 2467 conflictus.

107 2489 249 2528 Floreat]
268 2489 308 2518 ln
321 2489 413 2520 Iride
430 2494 508 2520 sunt
526 2488 608 2518 varii
625 2489 770 2528 colores,

65 2538 151 2570 utin
167 2536 319 2570 floribus,

107 2592 127 2620 8
149 2588 220 2619 Hoc
241 2589 317 2619 milii
343 2588 508 2629 quoeremi]
542 2588 769 2628 Philosophus

65 2637 200 2679 aliquis,
226 2640 276 2669 vel
304 2649 366 2679 ego
395 2644 512 2679 potero
530 2638 681 2669 mihimet
708 2639 771 2679 ipsi

67 2687 239 2727 explicare
264 2699 381 2720 causas
410 2699 520 2720 rerum
546 2690 678 2720 illarum
695 2700 703 2726 ;
735 2693 770 2720 at

68 2745 134 2768 non
147 2741 213 2768 tam
227 2737 324 2770 facile
341 2740 535 2780 explicatur
551 2739 650 2780 lapis,
664 2749 773 2779 cogno·

68 2786 151 2819 mine
165 2796 302 2830 magnes,
315 2789 411 2830 cujus
427 2790 478 2822 vis
494 2789 544 2821 ita
558 2790 647 2822 latet
661 2793 700 2822 ut
716 2798 772 2821 oc·

867 2389 887 2417 9
911 2387 1062 2427 Magnes]
1085 2387 1141 2418 Sic
1155 2386 1281 2418 dicitur
1293 2395 1312 2416 a
1325 2384 1473 2427 populis,
1487 2393 1529 2415 ex

824 2437 997 2469 Lucretio.

869 2491 910 2518 10
935 2487 1083 2527 Decolor]
1120 2486 1292 2518 Candidus
1317 2486 1419 2517 etiam
1436 2485 1532 2525 Mag-

825 2547 885 2569 nes
904 2537 1088 2577 reperitur‚
1105 2537 1165 2568 sed
1182 2546 1270 2568 raro.

868 2588 1046 2628 Repexam]
1081 2588 1196 2628 Caput
1221 2588 1308 2619 bene
1325 2596 1460 2628 pexum,
1475 2593 1530 2615 ca·

825 2638 1066 2670 lamistratum.

868 2692 908 2720 12
932 2689 997 2719 Per
1009 2687 1151 2728 cingula]
1187 2687 1227 2718 In
1241 2685 1376 2725 balteis,
1391 2684 1424 2715 in
1437 2681 1528 2714 zonis

825 2747 891 2771 non
908 2737 1020 2780 fulget
1039 2746 1188 2779 magnes.
