<?xml version="1.0" encoding="UTF-8"?>
<!DOCTYPE html PUBLIC "-//W3C//DTD XHTML 1.0 Transitional//EN"
    "http://www.w3.org/TR/xhtml1/DTD/xhtml1-transitional.dtd">
<html xmlns="http://www.w3.org/1999/xhtml" xml:lang="en" lang="en">
 <head>
  <title>
</title>
<meta http-equiv="Content-Type" content="text/html;charset=utf-8" />
  <meta name='ocr-system' content='tesseract 3.04.00' />
  <meta name='ocr-capabilities' content='ocr_page ocr_carea ocr_par ocr_line ocrx_word'/>
</head>
<body>
  <div class='ocr_page' id='page_1' title='image "./operaomniaexedit03clauuoft_0336.png"; bbox 0 0 1851 3213; ppageno 0'>
   <div class='ocr_carea' id='block_1_1' title="bbox 306 205 420 248">
    <p class='ocr_par' dir='ltr' id='par_1_1' title="bbox 306 205 420 248">
     <span class='ocr_line' id='line_1_1' title="bbox 306 205 420 248; baseline 0.018 -2"><span class='ocrx_word' id='word_1_1' title='bbox 306 205 420 248; x_wconf 72' lang='lat'>1308</span> 
     </span>
    </p>
   </div>
   <div class='ocr_carea' id='block_1_2' title="bbox 549 217 1077 248">
    <p class='ocr_par' dir='ltr' id='par_1_2' title="bbox 549 217 1077 248">
     <span class='ocr_line' id='line_1_2' title="bbox 549 217 1077 248; baseline 0.002 -1"><span class='ocrx_word' id='word_1_2' title='bbox 549 217 691 248; x_wconf 86' lang='lat' dir='ltr'>NOTAE</span> <span class='ocrx_word' id='word_1_3' title='bbox 724 217 948 248; x_wconf 83' lang='lat' dir='ltr'>VARIORU</span> <span class='ocrx_word' id='word_1_4' title='bbox 958 218 991 247; x_wconf 83' lang='lat' dir='ltr'><strong>M</strong></span> <span class='ocrx_word' id='word_1_5' title='bbox 1026 218 1077 248; x_wconf 80' lang='grc' dir='ltr'>ΙΝ</span> 
     </span>
    </p>
   </div>
   <div class='ocr_carea' id='block_1_3' title="bbox 1113 218 1522 251">
    <p class='ocr_par' dir='ltr' id='par_1_3' title="bbox 1113 218 1522 251">
     <span class='ocr_line' id='line_1_3' title="bbox 1113 218 1522 251; baseline -0.002 -2"><span class='ocrx_word' id='word_1_6' title='bbox 1113 219 1187 250; x_wconf 82' lang='lat' dir='ltr'>CL.</span> <span class='ocrx_word' id='word_1_7' title='bbox 1221 218 1403 250; x_wconf 75' lang='lat' dir='ltr'>CLAUD.</span> <span class='ocrx_word' id='word_1_8' title='bbox 1438 219 1522 251; x_wconf 82' lang='lat' dir='ltr'>vu.</span> 
     </span>
    </p>
   </div>
   <div class='ocr_carea' id='block_1_4' title="bbox 980 440 1092 483">
    <p class='ocr_par' dir='ltr' id='par_1_4' title="bbox 980 440 1092 483">
     <span class='ocr_line' id='line_1_4' title="bbox 980 440 1092 483; baseline 0.009 -1"><span class='ocrx_word' id='word_1_9' title='bbox 980 440 1092 483; x_wconf 87' lang='lat' dir='ltr'>VII.</span> 
     </span>
    </p>
   </div>
   <div class='ocr_carea' id='block_1_5' title="bbox 404 584 1661 634">
    <p class='ocr_par' dir='ltr' id='par_1_5' title="bbox 404 584 1661 634">
     <span class='ocr_line' id='line_1_5' title="bbox 404 584 1661 634; baseline 0.002 -3"><span class='ocrx_word' id='word_1_10' title='bbox 404 584 504 631; x_wconf 90' lang='lat' dir='ltr'>DE</span> <span class='ocrx_word' id='word_1_11' title='bbox 545 584 812 632; x_wconf 84' lang='lat' dir='ltr'>TERTIO</span> <span class='ocrx_word' id='word_1_12' title='bbox 854 584 1276 634; x_wconf 83' lang='lat' dir='ltr'>CONSULATU</span> <span class='ocrx_word' id='word_1_13' title='bbox 1320 585 1661 634; x_wconf 84' lang='lat' dir='ltr'>HONORII.</span> 
     </span>
    </p>
   </div>
   <div class='ocr_carea' id='block_1_6' title="bbox 280 718 1006 2815">
    <p class='ocr_par' dir='ltr' id='par_1_6' title="bbox 302 718 1006 801">
     <span class='ocr_line' id='line_1_6' title="bbox 347 718 1006 760; baseline 0.006 -13"><span class='ocrx_word' id='word_1_14' title='bbox 347 718 546 751; x_wconf 77' lang='lat' dir='ltr'><em>Consulatum</em></span> <span class='ocrx_word' id='word_1_15' title='bbox 569 720 798 760; x_wconf 78' lang='lat' dir='ltr'>ingredientes</span> <span class='ocrx_word' id='word_1_16' title='bbox 813 720 913 750; x_wconf 76' lang='lat' dir='ltr'>moris</span> <span class='ocrx_word' id='word_1_17' title='bbox 930 723 1006 751; x_wconf 77' lang='lat' dir='ltr'>crat</span> 
     </span>
     <span class='ocr_line' id='line_1_7' title="bbox 302 768 962 801; baseline 0.003 -3"><span class='ocrx_word' id='word_1_18' title='bbox 302 768 432 800; x_wconf 86' lang='lat' dir='ltr'>laudari</span> <span class='ocrx_word' id='word_1_19' title='bbox 450 775 485 800; x_wconf 85' lang='lat' dir='ltr'>et</span> <span class='ocrx_word' id='word_1_20' title='bbox 502 771 674 801; x_wconf 86' lang='lat' dir='ltr'>admoneri</span> <span class='ocrx_word' id='word_1_21' title='bbox 691 770 818 801; x_wconf 87' lang='lat' dir='ltr'>Officii.</span> <span class='ocrx_word' id='word_1_22' title='bbox 847 770 962 800; x_wconf 75' lang='lat' dir='ltr'>Barth.</span> 
     </span>
    </p>

    <p class='ocr_par' dir='ltr' id='par_1_7' title="bbox 297 819 1006 1112">
     <span class='ocr_line' id='line_1_8' title="bbox 345 819 1006 860; baseline -0.002 -10"><span class='ocrx_word' id='word_1_23' title='bbox 345 823 361 850; x_wconf 93' lang='lat'>1</span> <span class='ocrx_word' id='word_1_24' title='bbox 384 820 506 859; x_wconf 77' lang='lat' dir='ltr'>Tertia]</span> <span class='ocrx_word' id='word_1_25' title='bbox 546 820 633 851; x_wconf 75' lang='lat' dir='ltr'>Haec</span> <span class='ocrx_word' id='word_1_26' title='bbox 652 821 837 860; x_wconf 79' lang='lat' dir='ltr'>Panegyris</span> <span class='ocrx_word' id='word_1_27' title='bbox 855 820 888 850; x_wconf 92' lang='lat' dir='ltr'>in</span> <span class='ocrx_word' id='word_1_28' title='bbox 908 819 1006 850; x_wconf 86' lang='lat' dir='ltr'>terti-</span> 
     </span>
     <span class='ocr_line' id='line_1_9' title="bbox 300 870 1005 909; baseline 0 -9"><span class='ocrx_word' id='word_1_29' title='bbox 300 878 356 900; x_wconf 81' lang='lat' dir='ltr'>um</span> <span class='ocrx_word' id='word_1_30' title='bbox 387 870 533 900; x_wconf 80' lang='lat' dir='ltr'>Honorii</span> <span class='ocrx_word' id='word_1_31' title='bbox 561 870 649 909; x_wconf 89' lang='lat' dir='ltr'>Imp.</span> <span class='ocrx_word' id='word_1_32' title='bbox 679 870 896 900; x_wconf 79' lang='lat' dir='ltr'>Consulatum</span> <span class='ocrx_word' id='word_1_33' title='bbox 919 870 1005 900; x_wconf 89' lang='lat' dir='ltr'>reci-</span> 
     </span>
     <span class='ocr_line' id='line_1_10' title="bbox 299 921 1005 961; baseline 0.003 -11"><span class='ocrx_word' id='word_1_34' title='bbox 299 923 373 950; x_wconf 88' lang='lat' dir='ltr'>tata</span> <span class='ocrx_word' id='word_1_35' title='bbox 386 924 439 950; x_wconf 87' lang='lat' dir='ltr'>est</span> <span class='ocrx_word' id='word_1_36' title='bbox 455 931 473 950; x_wconf 83' lang='lat' dir='ltr'>a</span> <span class='ocrx_word' id='word_1_37' title='bbox 491 921 678 951; x_wconf 86' lang='lat' dir='ltr'>Claudiano</span> <span class='ocrx_word' id='word_1_38' title='bbox 694 931 808 951; x_wconf 80' lang='lat' dir='ltr'>coram</span> <span class='ocrx_word' id='word_1_39' title='bbox 826 921 897 961; x_wconf 82' lang='lat' dir='ltr'>ipso</span> <span class='ocrx_word' id='word_1_40' title='bbox 916 922 1005 961; x_wconf 90' lang='lat' dir='ltr'>priu-</span> 
     </span>
     <span class='ocr_line' id='line_1_11' title="bbox 298 969 1003 1011; baseline 0.007 -12"><span class='ocrx_word' id='word_1_41' title='bbox 298 969 387 1009; x_wconf 78' lang='lat' dir='ltr'>ripe‚</span> <span class='ocrx_word' id='word_1_42' title='bbox 405 970 438 1000; x_wconf 87' lang='lat' dir='ltr'>in</span> <span class='ocrx_word' id='word_1_43' title='bbox 466 971 594 1010; x_wconf 86' lang='lat' dir='ltr'>palatio</span> <span class='ocrx_word' id='word_1_44' title='bbox 628 972 889 1011; x_wconf 78' lang='lat' dir='ltr'>Mediolanensi,</span> <span class='ocrx_word' id='word_1_45' title='bbox 915 982 1003 1004; x_wconf 90' lang='lat' dir='ltr'>anno</span> 
     </span>
     <span class='ocr_line' id='line_1_12' title="bbox 298 1019 1002 1064; baseline 0.009 -15"><span class='ocrx_word' id='word_1_46' title='bbox 298 1019 434 1051; x_wconf 87' lang='lat' dir='ltr'>Domini</span> <span class='ocrx_word' id='word_1_47' title='bbox 460 1024 534 1053; x_wconf 84' lang='lat'>396.</span> <span class='ocrx_word' id='word_1_48' title='bbox 580 1022 751 1063; x_wconf 84' lang='lat' dir='ltr'>Collegam</span> <span class='ocrx_word' id='word_1_49' title='bbox 769 1033 849 1054; x_wconf 88' lang='lat' dir='ltr'>vero</span> <span class='ocrx_word' id='word_1_50' title='bbox 874 1024 1002 1064; x_wconf 82' lang='lat' dir='ltr'>habuit,</span> 
     </span>
     <span class='ocr_line' id='line_1_13' title="bbox 297 1071 902 1112; baseline 0.008 -12"><span class='ocrx_word' id='word_1_51' title='bbox 297 1071 355 1101; x_wconf 73' lang='lat' dir='ltr'>sed</span> <span class='ocrx_word' id='word_1_52' title='bbox 375 1071 536 1112; x_wconf 84' lang='lat' dir='ltr'>priorem,</span> <span class='ocrx_word' id='word_1_53' title='bbox 554 1072 753 1106; x_wconf 89' lang='lat' dir='ltr'>Arcadium.</span> <span class='ocrx_word' id='word_1_54' title='bbox 779 1075 902 1106; x_wconf 77' lang='lat' dir='ltr'>Claver.</span> 
     </span>
    </p>

    <p class='ocr_par' dir='ltr' id='par_1_8' title="bbox 293 1121 1002 1414">
     <span class='ocr_line' id='line_1_14' title="bbox 340 1121 1002 1163; baseline 0.008 -11"><span class='ocrx_word' id='word_1_55' title='bbox 340 1121 498 1162; x_wconf 80' lang='lat' dir='ltr'>Romulei]</span> <span class='ocrx_word' id='word_1_56' title='bbox 524 1123 682 1163; x_wconf 86' lang='lat' dir='ltr'>Romani,</span> <span class='ocrx_word' id='word_1_57' title='bbox 712 1125 743 1155; x_wconf 87' lang='lat' dir='ltr'>in</span> <span class='ocrx_word' id='word_1_58' title='bbox 771 1126 846 1156; x_wconf 87' lang='lat' dir='ltr'>loco</span> <span class='ocrx_word' id='word_1_59' title='bbox 871 1125 929 1156; x_wconf 91' lang='lat' dir='ltr'>ubi</span> <span class='ocrx_word' id='word_1_60' title='bbox 945 1126 1002 1157; x_wconf 90' lang='lat' dir='ltr'>do-</span> 
     </span>
     <span class='ocr_line' id='line_1_15' title="bbox 295 1171 1000 1215; baseline 0.009 -14"><span class='ocrx_word' id='word_1_61' title='bbox 295 1171 441 1203; x_wconf 85' lang='lat' dir='ltr'>minatus</span> <span class='ocrx_word' id='word_1_62' title='bbox 455 1174 625 1206; x_wconf 81' lang='lat' dir='ltr'>Romulus.</span> <span class='ocrx_word' id='word_1_63' title='bbox 671 1175 891 1215; x_wconf 81' lang='lat' dir='ltr'>Majestatem</span> <span class='ocrx_word' id='word_1_64' title='bbox 906 1186 1000 1207; x_wconf 87' lang='lat' dir='ltr'>suam</span> 
     </span>
     <span class='ocr_line' id='line_1_16' title="bbox 295 1224 999 1265; baseline 0.006 -13"><span class='ocrx_word' id='word_1_65' title='bbox 295 1231 423 1253; x_wconf 84' lang='lat' dir='ltr'>summo</span> <span class='ocrx_word' id='word_1_66' title='bbox 455 1224 623 1264; x_wconf 86' lang='lat' dir='ltr'>quondam</span> <span class='ocrx_word' id='word_1_67' title='bbox 662 1225 753 1255; x_wconf 89' lang='lat' dir='ltr'>civili</span> <span class='ocrx_word' id='word_1_68' title='bbox 785 1225 999 1265; x_wconf 79' lang='lat' dir='ltr'>magistratui</span> 
     </span>
     <span class='ocr_line' id='line_1_17' title="bbox 294 1272 999 1316; baseline 0.007 -14"><span class='ocrx_word' id='word_1_69' title='bbox 294 1272 482 1304; x_wconf 73' lang='lat' dir='ltr'>reddidisse</span> <span class='ocrx_word' id='word_1_70' title='bbox 526 1274 715 1305; x_wconf 89' lang='lat' dir='ltr'>Honorium</span> <span class='ocrx_word' id='word_1_71' title='bbox 748 1275 873 1315; x_wconf 83' lang='lat' dir='ltr'>jactat,</span> <span class='ocrx_word' id='word_1_72' title='bbox 909 1276 999 1316; x_wconf 83' lang='lat' dir='ltr'>quod</span> 
     </span>
     <span class='ocr_line' id='line_1_18' title="bbox 296 1323 999 1363; baseline 0.009 -11"><span class='ocrx_word' id='word_1_73' title='bbox 296 1330 373 1353; x_wconf 86' lang='lat' dir='ltr'>eum</span> <span class='ocrx_word' id='word_1_74' title='bbox 404 1323 434 1352; x_wconf 90' lang='lat' dir='ltr'>in</span> <span class='ocrx_word' id='word_1_75' title='bbox 459 1323 550 1354; x_wconf 88' lang='lat' dir='ltr'>Arce</span> <span class='ocrx_word' id='word_1_76' title='bbox 576 1324 662 1363; x_wconf 85' lang='lat' dir='ltr'>ipsa,</span> <span class='ocrx_word' id='word_1_77' title='bbox 689 1325 784 1356; x_wconf 87' lang='lat' dir='ltr'>Urbe</span> <span class='ocrx_word' id='word_1_78' title='bbox 801 1325 933 1357; x_wconf 86' lang='lat' dir='ltr'>scilicet</span> <span class='ocrx_word' id='word_1_79' title='bbox 948 1336 999 1357; x_wconf 87' lang='lat' dir='ltr'>re-</span> 
     </span>
     <span class='ocr_line' id='line_1_19' title="bbox 293 1375 734 1414; baseline 0.009 -11"><span class='ocrx_word' id='word_1_80' title='bbox 293 1382 364 1404; x_wconf 88' lang='lat' dir='ltr'>rum</span> <span class='ocrx_word' id='word_1_81' title='bbox 381 1375 548 1414; x_wconf 77' lang='lat' dir='ltr'>principe,</span> <span class='ocrx_word' id='word_1_82' title='bbox 565 1376 734 1408; x_wconf 80' lang='lat' dir='ltr'>sumserit.</span> 
     </span>
    </p>

    <p class='ocr_par' dir='ltr' id='par_1_9' title="bbox 290 1423 998 1556">
     <span class='ocr_line' id='line_1_20' title="bbox 335 1423 998 1467; baseline 0.009 -14"><span class='ocrx_word' id='word_1_83' title='bbox 335 1423 472 1454; x_wconf 77' lang='lat' dir='ltr'>Sumant</span> <span class='ocrx_word' id='word_1_84' title='bbox 492 1425 634 1466; x_wconf 69' lang='lat' dir='ltr'>eccm-dia]</span> <span class='ocrx_word' id='word_1_85' title='bbox 670 1425 805 1457; x_wconf 88' lang='lat' dir='ltr'>Annum</span> <span class='ocrx_word' id='word_1_86' title='bbox 822 1427 998 1467; x_wconf 84' lang='lat' dir='ltr'>inchoent,</span> 
     </span>
     <span class='ocr_line' id='line_1_21' title="bbox 293 1475 998 1520; baseline 0.01 -16"><span class='ocrx_word' id='word_1_87' title='bbox 293 1475 384 1514; x_wconf 91' lang='lat' dir='ltr'>quod</span> <span class='ocrx_word' id='word_1_88' title='bbox 406 1475 491 1506; x_wconf 85' lang='lat' dir='ltr'>scite</span> <span class='ocrx_word' id='word_1_89' title='bbox 515 1476 646 1507; x_wconf 85' lang='lat' dir='ltr'>Plinius</span> <span class='ocrx_word' id='word_1_90' title='bbox 671 1478 758 1508; x_wconf 82' lang='lat' dir='ltr'>dixit</span> <span class='ocrx_word' id='word_1_91' title='bbox 784 1489 898 1510; x_wconf 81' lang='lat' dir='ltr'>annum</span> <span class='ocrx_word' id='word_1_92' title='bbox 927 1489 998 1520; x_wconf 81' lang='lat' dir='ltr'>ape-</span> 
     </span>
     <span class='ocr_line' id='line_1_22' title="bbox 290 1533 366 1556; baseline 0.039 -3"><span class='ocrx_word' id='word_1_93' title='bbox 290 1533 366 1556; x_wconf 85' lang='lat' dir='ltr'>rzre.</span> 
     </span>
    </p>

    <p class='ocr_par' dir='ltr' id='par_1_10' title="bbox 286 1575 996 1970">
     <span class='ocr_line' id='line_1_23' title="bbox 333 1575 996 1619; baseline 0.006 -12"><span class='ocrx_word' id='word_1_94' title='bbox 333 1579 353 1607; x_wconf 87' lang='grc'>2</span> <span class='ocrx_word' id='word_1_95' title='bbox 380 1575 496 1617; x_wconf 81' lang='lat' dir='ltr'>Terque</span> <span class='ocrx_word' id='word_1_96' title='bbox 524 1588 596 1609; x_wconf 83' lang='lat' dir='ltr'>suus</span> <span class='ocrx_word' id='word_1_97' title='bbox 623 1578 732 1619; x_wconf 80' lang='lat' dir='ltr'>ducat]</span> <span class='ocrx_word' id='word_1_98' title='bbox 769 1580 824 1611; x_wconf 85' lang='lat' dir='ltr'>Sic</span> <span class='ocrx_word' id='word_1_99' title='bbox 855 1590 874 1611; x_wconf 91' lang='lat' dir='ltr'>e</span> <span class='ocrx_word' id='word_1_100' title='bbox 909 1580 996 1611; x_wconf 85' lang='lat' dir='ltr'>libro</span> 
     </span>
     <span class='ocr_line' id='line_1_24' title="bbox 291 1626 995 1669; baseline 0.004 -11"><span class='ocrx_word' id='word_1_101' title='bbox 291 1626 490 1658; x_wconf 86' lang='lat' dir='ltr'>Claverius:</span> <span class='ocrx_word' id='word_1_102' title='bbox 521 1629 689 1669; x_wconf 86' lang='lat' dir='ltr'>quomodo</span> <span class='ocrx_word' id='word_1_103' title='bbox 717 1635 751 1660; x_wconf 86' lang='lat' dir='ltr'>et</span> <span class='ocrx_word' id='word_1_104' title='bbox 779 1631 995 1661; x_wconf 88' lang='lat' dir='ltr'>Florentinus</span> 
     </span>
     <span class='ocr_line' id='line_1_25' title="bbox 290 1676 996 1720; baseline 0.007 -14"><span class='ocrx_word' id='word_1_105' title='bbox 290 1676 322 1707; x_wconf 89' lang='lat' dir='ltr'>S.</span> <span class='ocrx_word' id='word_1_106' title='bbox 340 1677 461 1708; x_wconf 87' lang='lat' dir='ltr'>Marci.</span> <span class='ocrx_word' id='word_1_107' title='bbox 498 1679 610 1719; x_wconf 84' lang='lat' dir='ltr'>Vulgo</span> <span class='ocrx_word' id='word_1_108' title='bbox 634 1683 715 1710; x_wconf 78' lang='lat' dir='ltr'>tuas.</span> <span class='ocrx_word' id='word_1_109' title='bbox 758 1681 815 1711; x_wconf 86' lang='lat' dir='ltr'>Ter</span> <span class='ocrx_word' id='word_1_110' title='bbox 841 1691 900 1720; x_wconf 90' lang='lat' dir='ltr'>pro</span> <span class='ocrx_word' id='word_1_111' title='bbox 930 1686 996 1711; x_wconf 89' lang='lat' dir='ltr'>ter-</span> 
     </span>
     <span class='ocr_line' id='line_1_26' title="bbox 289 1725 995 1761; baseline 0.01 -6"><span class='ocrx_word' id='word_1_112' title='bbox 289 1725 384 1756; x_wconf 89' lang='lat' dir='ltr'>tium.</span> <span class='ocrx_word' id='word_1_113' title='bbox 414 1727 514 1758; x_wconf 80' lang='lat' dir='ltr'>Forte</span> <span class='ocrx_word' id='word_1_114' title='bbox 533 1733 646 1759; x_wconf 89' lang='lat' dir='ltr'>tamen</span> <span class='ocrx_word' id='word_1_115' title='bbox 671 1730 796 1760; x_wconf 87' lang='lat' dir='ltr'>rectius</span> <span class='ocrx_word' id='word_1_116' title='bbox 822 1731 995 1761; x_wconf 74' lang='lat' dir='ltr'>Oxonien-</span> 
     </span>
     <span class='ocr_line' id='line_1_27' title="bbox 286 1776 993 1821; baseline 0.008 -15"><span class='ocrx_word' id='word_1_117' title='bbox 286 1776 332 1806; x_wconf 83' lang='lat' dir='ltr'>sis</span> <span class='ocrx_word' id='word_1_118' title='bbox 351 1777 396 1807; x_wconf 81' lang='lat' dir='ltr'>Et</span> <span class='ocrx_word' id='word_1_119' title='bbox 411 1777 549 1817; x_wconf 79' lang='lat' dir='ltr'>triplices</span> <span class='ocrx_word' id='word_1_120' title='bbox 564 1780 673 1809; x_wconf 78' lang='lat' dir='ltr'>ducac.-</span> <span class='ocrx_word' id='word_1_121' title='bbox 685 1790 797 1820; x_wconf 76' lang='lat' dir='ltr'>pompa</span> <span class='ocrx_word' id='word_1_122' title='bbox 814 1781 915 1811; x_wconf 85' lang='lat' dir='ltr'>etiam</span> <span class='ocrx_word' id='word_1_123' title='bbox 933 1791 993 1821; x_wconf 88' lang='lat' dir='ltr'>pro</span> 
     </span>
     <span class='ocr_line' id='line_1_28' title="bbox 288 1825 994 1870; baseline 0.01 -15"><span class='ocrx_word' id='word_1_124' title='bbox 288 1825 391 1856; x_wconf 80' lang='lat' dir='ltr'>Roma</span> <span class='ocrx_word' id='word_1_125' title='bbox 407 1828 575 1858; x_wconf 83' lang='lat' dir='ltr'>meliores.</span> <span class='ocrx_word' id='word_1_126' title='bbox 617 1830 787 1860; x_wconf 67' lang='lat' dir='ltr'>Caeterum</span> <span class='ocrx_word' id='word_1_127' title='bbox 807 1832 915 1870; x_wconf 88' lang='lat' dir='ltr'>primo</span> <span class='ocrx_word' id='word_1_128' title='bbox 930 1833 994 1862; x_wconf 82' lang='lat' dir='ltr'>Va-</span> 
     </span>
     <span class='ocr_line' id='line_1_29' title="bbox 287 1877 993 1921; baseline 0.008 -13"><span class='ocrx_word' id='word_1_129' title='bbox 287 1877 403 1908; x_wconf 86' lang='lat' dir='ltr'>ticano</span> <span class='ocrx_word' id='word_1_130' title='bbox 419 1879 473 1909; x_wconf 90' lang='lat' dir='ltr'>hic</span> <span class='ocrx_word' id='word_1_131' title='bbox 501 1882 725 1921; x_wconf 78' lang='lat' dir='ltr'>panegyricus</span> <span class='ocrx_word' id='word_1_132' title='bbox 746 1893 845 1913; x_wconf 88' lang='lat' dir='ltr'>manu</span> <span class='ocrx_word' id='word_1_133' title='bbox 864 1884 993 1914; x_wconf 74' lang='lat' dir='ltr'>recenti</span> 
     </span>
     <span class='ocr_line' id='line_1_30' title="bbox 288 1928 804 1970; baseline 0.01 -12"><span class='ocrx_word' id='word_1_134' title='bbox 288 1933 364 1959; x_wconf 84' lang='lat' dir='ltr'>erat</span> <span class='ocrx_word' id='word_1_135' title='bbox 381 1928 588 1970; x_wconf 86' lang='lat' dir='ltr'>adscriptus.</span> <span class='ocrx_word' id='word_1_136' title='bbox 627 1932 671 1963; x_wconf 92' lang='lat' dir='ltr'>D.</span> <span class='ocrx_word' id='word_1_137' title='bbox 693 1933 804 1963; x_wconf 76' lang='lat' dir='ltr'>Heius.</span> 
     </span>
    </p>

    <p class='ocr_par' dir='ltr' id='par_1_11' title="bbox 281 1979 992 2513">
     <span class='ocr_line' id='line_1_31' title="bbox 331 1979 992 2024; baseline 0.009 -16"><span class='ocrx_word' id='word_1_138' title='bbox 331 1979 448 2019; x_wconf 79' lang='lat' dir='ltr'>Terque</span> <span class='ocrx_word' id='word_1_139' title='bbox 477 1991 548 2011; x_wconf 83' lang='lat' dir='ltr'>suas</span> <span class='ocrx_word' id='word_1_140' title='bbox 584 1983 676 2013; x_wconf 75' lang='lat' dir='ltr'>ducat</span> <span class='ocrx_word' id='word_1_141' title='bbox 712 1983 860 2014; x_wconf 74' lang='lat' dir='ltr'>bellatrix</span> <span class='ocrx_word' id='word_1_142' title='bbox 881 1993 992 2024; x_wconf 80' lang='lat' dir='ltr'>pompa</span> 
     </span>
     <span class='ocr_line' id='line_1_32' title="bbox 285 2030 991 2072; baseline 0.008 -13"><span class='ocrx_word' id='word_1_143' title='bbox 285 2030 419 2070; x_wconf 78' lang='lat' dir='ltr'>curules]</span> <span class='ocrx_word' id='word_1_144' title='bbox 444 2031 627 2062; x_wconf 82' lang='lat' dir='ltr'>Militarem</span> <span class='ocrx_word' id='word_1_145' title='bbox 642 2042 798 2072; x_wconf 82' lang='lat' dir='ltr'>pompam</span> <span class='ocrx_word' id='word_1_146' title='bbox 816 2034 900 2064; x_wconf 84' lang='lat' dir='ltr'>dicit</span> <span class='ocrx_word' id='word_1_147' title='bbox 924 2034 991 2064; x_wconf 90' lang='lat' dir='ltr'>Im-</span> 
     </span>
     <span class='ocr_line' id='line_1_33' title="bbox 286 2081 992 2123; baseline 0.008 -15"><span class='ocrx_word' id='word_1_148' title='bbox 286 2081 454 2118; x_wconf 88' lang='lat' dir='ltr'>peratoris</span> <span class='ocrx_word' id='word_1_149' title='bbox 473 2081 714 2113; x_wconf 85' lang='lat' dir='ltr'>Consularibus</span> <span class='ocrx_word' id='word_1_150' title='bbox 730 2084 890 2123; x_wconf 70' lang='lat' dir='ltr'>auspiciis</span> <span class='ocrx_word' id='word_1_151' title='bbox 909 2094 992 2123; x_wconf 72' lang='lat' dir='ltr'>prze-</span> 
     </span>
     <span class='ocr_line' id='line_1_34' title="bbox 286 2131 990 2175; baseline 0.009 -16"><span class='ocrx_word' id='word_1_152' title='bbox 286 2133 430 2169; x_wconf 82' lang='lat' dir='ltr'>sentem,</span> <span class='ocrx_word' id='word_1_153' title='bbox 446 2136 481 2162; x_wconf 90' lang='lat' dir='ltr'>et</span> <span class='ocrx_word' id='word_1_154' title='bbox 503 2131 698 2172; x_wconf 89' lang='lat' dir='ltr'>Principem</span> <span class='ocrx_word' id='word_1_155' title='bbox 724 2134 856 2174; x_wconf 80' lang='lat' dir='ltr'>Togato</span> <span class='ocrx_word' id='word_1_156' title='bbox 881 2135 990 2175; x_wconf 82' lang='lat' dir='ltr'>Magi-</span> 
     </span>
     <span class='ocr_line' id='line_1_35' title="bbox 284 2182 989 2225; baseline 0.01 -17"><span class='ocrx_word' id='word_1_157' title='bbox 284 2182 394 2210; x_wconf 84' lang='lat' dir='ltr'>stratu</span> <span class='ocrx_word' id='word_1_158' title='bbox 412 2182 631 2222; x_wconf 88' lang='lat' dir='ltr'>conspicuum</span> <span class='ocrx_word' id='word_1_159' title='bbox 654 2183 887 2222; x_wconf 82' lang='lat' dir='ltr'>comitantem,</span> <span class='ocrx_word' id='word_1_160' title='bbox 900 2186 989 2225; x_wconf 86' lang='lat' dir='ltr'>quod</span> 
     </span>
     <span class='ocr_line' id='line_1_36' title="bbox 284 2229 989 2273; baseline 0.013 -15"><span class='ocrx_word' id='word_1_161' title='bbox 284 2229 421 2269; x_wconf 83' lang='lat' dir='ltr'>privato</span> <span class='ocrx_word' id='word_1_162' title='bbox 453 2233 579 2263; x_wconf 89' lang='lat' dir='ltr'>nemini</span> <span class='ocrx_word' id='word_1_163' title='bbox 617 2234 762 2273; x_wconf 79' lang='lat' dir='ltr'>licuerit,</span> <span class='ocrx_word' id='word_1_164' title='bbox 788 2237 821 2265; x_wconf 92' lang='lat' dir='ltr'>in</span> <span class='ocrx_word' id='word_1_165' title='bbox 852 2237 989 2267; x_wconf 69' lang='lat' dir='ltr'>Caesare</span> 
     </span>
     <span class='ocr_line' id='line_1_37' title="bbox 284 2284 989 2325; baseline 0.011 -17"><span class='ocrx_word' id='word_1_166' title='bbox 284 2285 396 2310; x_wconf 86' lang='lat' dir='ltr'>autem</span> <span class='ocrx_word' id='word_1_167' title='bbox 413 2284 647 2320; x_wconf 76' lang='lat' dir='ltr'>spectaculum</span> <span class='ocrx_word' id='word_1_168' title='bbox 671 2287 823 2325; x_wconf 85' lang='lat' dir='ltr'>praebeat</span> <span class='ocrx_word' id='word_1_169' title='bbox 840 2287 989 2317; x_wconf 83' lang='lat' dir='ltr'>luculen-</span> 
     </span>
     <span class='ocr_line' id='line_1_38' title="bbox 285 2330 988 2375; baseline 0.009 -15"><span class='ocrx_word' id='word_1_170' title='bbox 285 2330 463 2361; x_wconf 88' lang='lat' dir='ltr'>tissimum.</span> <span class='ocrx_word' id='word_1_171' title='bbox 511 2334 642 2365; x_wconf 86' lang='lat' dir='ltr'>Alludit</span> <span class='ocrx_word' id='word_1_172' title='bbox 659 2335 778 2366; x_wconf 88' lang='lat' dir='ltr'>eodem</span> <span class='ocrx_word' id='word_1_173' title='bbox 792 2336 866 2366; x_wconf 83' lang='lat' dir='ltr'>aliis</span> <span class='ocrx_word' id='word_1_174' title='bbox 883 2336 988 2375; x_wconf 85' lang='lat' dir='ltr'>libris,</span> 
     </span>
     <span class='ocr_line' id='line_1_39' title="bbox 283 2379 988 2416; baseline 0.006 -5"><span class='ocrx_word' id='word_1_175' title='bbox 283 2379 342 2411; x_wconf 87' lang='lat' dir='ltr'>ubi</span> <span class='ocrx_word' id='word_1_176' title='bbox 380 2381 527 2412; x_wconf 80' lang='lat' dir='ltr'>Martem</span> <span class='ocrx_word' id='word_1_177' title='bbox 567 2389 603 2413; x_wconf 87' lang='lat' dir='ltr'>et</span> <span class='ocrx_word' id='word_1_178' title='bbox 645 2385 824 2415; x_wconf 80' lang='lat' dir='ltr'>Quirinum</span> <span class='ocrx_word' id='word_1_179' title='bbox 862 2386 988 2416; x_wconf 88' lang='lat' dir='ltr'>ducere</span> 
     </span>
     <span class='ocr_line' id='line_1_40' title="bbox 281 2429 986 2475; baseline 0.01 -15"><span class='ocrx_word' id='word_1_180' title='bbox 281 2429 390 2461; x_wconf 89' lang='lat' dir='ltr'>fasces</span> <span class='ocrx_word' id='word_1_181' title='bbox 431 2430 616 2472; x_wconf 87' lang='lat' dir='ltr'>Augustos,</span> <span class='ocrx_word' id='word_1_182' title='bbox 666 2434 782 2475; x_wconf 89' lang='lat' dir='ltr'>eisque</span> <span class='ocrx_word' id='word_1_183' title='bbox 828 2436 986 2466; x_wconf 85' lang='lat' dir='ltr'>ornandis</span> 
     </span>
     <span class='ocr_line' id='line_1_41' title="bbox 283 2479 580 2513; baseline 0.01 -3"><span class='ocrx_word' id='word_1_184' title='bbox 283 2479 400 2511; x_wconf 87' lang='lat' dir='ltr'>adesse</span> <span class='ocrx_word' id='word_1_185' title='bbox 419 2486 580 2513; x_wconf 78' lang='lat' dir='ltr'>autumat.</span> 
     </span>
    </p>

    <p class='ocr_par' dir='ltr' id='par_1_12' title="bbox 280 2532 985 2815">
     <span class='ocr_line' id='line_1_42' title="bbox 325 2532 985 2572; baseline 0.005 -8"><span class='ocrx_word' id='word_1_186' title='bbox 325 2532 447 2572; x_wconf 74' lang='lat' dir='ltr'>Ducat]</span> <span class='ocrx_word' id='word_1_187' title='bbox 483 2534 671 2564; x_wconf 87' lang='lat' dir='ltr'>Comitetur</span> <span class='ocrx_word' id='word_1_188' title='bbox 694 2544 735 2565; x_wconf 85' lang='lat' dir='ltr'>ex</span> <span class='ocrx_word' id='word_1_189' title='bbox 759 2535 891 2566; x_wconf 86' lang='lat' dir='ltr'>Palatio</span> <span class='ocrx_word' id='word_1_190' title='bbox 915 2537 985 2568; x_wconf 86' lang='lat' dir='ltr'>sive</span> 
     </span>
     <span class='ocr_line' id='line_1_43' title="bbox 282 2582 985 2617; baseline 0.001 -2"><span class='ocrx_word' id='word_1_191' title='bbox 282 2582 372 2615; x_wconf 86' lang='lat' dir='ltr'>Aula</span> <span class='ocrx_word' id='word_1_192' title='bbox 385 2584 417 2615; x_wconf 91' lang='lat' dir='ltr'>in</span> <span class='ocrx_word' id='word_1_193' title='bbox 436 2584 584 2615; x_wconf 85' lang='lat' dir='ltr'>Curiam.</span> <span class='ocrx_word' id='word_1_194' title='bbox 630 2585 685 2615; x_wconf 87' lang='lat' dir='ltr'>De</span> <span class='ocrx_word' id='word_1_195' title='bbox 702 2585 879 2616; x_wconf 71' lang='lat' dir='ltr'>domiciliis</span> <span class='ocrx_word' id='word_1_196' title='bbox 896 2586 985 2617; x_wconf 82' lang='lat' dir='ltr'>enim</span> 
     </span>
     <span class='ocr_line' id='line_1_44' title="bbox 282 2633 984 2674; baseline 0.003 -10"><span class='ocrx_word' id='word_1_197' title='bbox 282 2633 350 2664; x_wconf 88' lang='lat' dir='ltr'>suis</span> <span class='ocrx_word' id='word_1_198' title='bbox 383 2635 658 2674; x_wconf 77' lang='lat' dir='ltr'>producebantur</span> <span class='ocrx_word' id='word_1_199' title='bbox 682 2636 714 2665; x_wconf 93' lang='lat' dir='ltr'>in</span> <span class='ocrx_word' id='word_1_200' title='bbox 739 2635 884 2666; x_wconf 76' lang='lat' dir='ltr'>Senatus</span> <span class='ocrx_word' id='word_1_201' title='bbox 907 2646 984 2666; x_wconf 91' lang='lat' dir='ltr'>cou-</span> 
     </span>
     <span class='ocr_line' id='line_1_45' title="bbox 281 2684 984 2726; baseline 0.006 -12"><span class='ocrx_word' id='word_1_202' title='bbox 281 2684 415 2724; x_wconf 83' lang='lat' dir='ltr'>gregati</span> <span class='ocrx_word' id='word_1_203' title='bbox 432 2684 620 2717; x_wconf 89' lang='lat' dir='ltr'>Concilium</span> <span class='ocrx_word' id='word_1_204' title='bbox 639 2686 715 2716; x_wconf 81' lang='lat' dir='ltr'>novi</span> <span class='ocrx_word' id='word_1_205' title='bbox 733 2686 909 2726; x_wconf 84' lang='lat' dir='ltr'>Consules,</span> <span class='ocrx_word' id='word_1_206' title='bbox 927 2688 984 2718; x_wconf 88' lang='lat' dir='ltr'>sti-</span> 
     </span>
     <span class='ocr_line' id='line_1_46' title="bbox 282 2734 984 2777; baseline 0.003 -12"><span class='ocrx_word' id='word_1_207' title='bbox 282 2738 385 2774; x_wconf 84' lang='lat' dir='ltr'>pante</span> <span class='ocrx_word' id='word_1_208' title='bbox 426 2734 602 2765; x_wconf 86' lang='lat' dir='ltr'>clientium</span> <span class='ocrx_word' id='word_1_209' title='bbox 636 2735 891 2777; x_wconf 84' lang='lat' dir='ltr'>amicorumque</span> <span class='ocrx_word' id='word_1_210' title='bbox 929 2747 984 2777; x_wconf 86' lang='lat' dir='ltr'>ag-</span> 
     </span>
     <span class='ocr_line' id='line_1_47' title="bbox 280 2793 380 2815; baseline 0 0"><span class='ocrx_word' id='word_1_211' title='bbox 280 2793 380 2815; x_wconf 80' lang='lat' dir='ltr'>mine.</span> 
     </span>
    </p>
   </div>
   <div class='ocr_carea' id='block_1_7' title="bbox 1035 719 1763 2827">
    <p class='ocr_par' dir='ltr' id='par_1_13' title="bbox 1103 719 1747 761">
     <span class='ocr_line' id='line_1_48' title="bbox 1103 719 1747 761; baseline -0.002 -10"><span class='ocrx_word' id='word_1_212' title='bbox 1103 721 1244 761; x_wconf 68' lang='lat' dir='ltr'>Carales]</span> <span class='ocrx_word' id='word_1_213' title='bbox 1266 721 1391 752; x_wconf 80' lang='lat' dir='ltr'>Solium</span> <span class='ocrx_word' id='word_1_214' title='bbox 1409 721 1609 752; x_wconf 83' lang='lat' dir='ltr'>consulare.</span> <span class='ocrx_word' id='word_1_215' title='bbox 1631 719 1747 751; x_wconf 71' lang='lat' dir='ltr'>Barth.</span> 
     </span>
    </p>

    <p class='ocr_par' dir='ltr' id='par_1_14' title="bbox 1057 770 1763 912">
     <span class='ocr_line' id='line_1_49' title="bbox 1100 770 1763 813; baseline -0.002 -11"><span class='ocrx_word' id='word_1_216' title='bbox 1100 774 1118 802; x_wconf 85' lang='lat'><strong>3</strong></span> <span class='ocrx_word' id='word_1_217' title='bbox 1136 772 1274 813; x_wconf 68' lang='lat' dir='ltr'>festior]</span> <span class='ocrx_word' id='word_1_218' title='bbox 1285 772 1487 810; x_wconf 82' lang='lat' dir='ltr'>Jucundior,</span> <span class='ocrx_word' id='word_1_219' title='bbox 1502 770 1763 802; x_wconf 87' lang='lat' dir='ltr'>Sanctior.Om-</span> 
     </span>
     <span class='ocr_line' id='line_1_50' title="bbox 1057 821 1760 863; baseline 0 -11"><span class='ocrx_word' id='word_1_220' title='bbox 1057 822 1112 852; x_wconf 87' lang='lat' dir='ltr'>nia</span> <span class='ocrx_word' id='word_1_221' title='bbox 1143 826 1299 862; x_wconf 84' lang='lat' dir='ltr'>tempora</span> <span class='ocrx_word' id='word_1_222' title='bbox 1327 828 1394 854; x_wconf 88' lang='lat' dir='ltr'>tam</span> <span class='ocrx_word' id='word_1_223' title='bbox 1425 822 1581 863; x_wconf 82' lang='lat' dir='ltr'>generosi</span> <span class='ocrx_word' id='word_1_224' title='bbox 1605 821 1760 853; x_wconf 86' lang='lat' dir='ltr'>Consulis</span> 
     </span>
     <span class='ocr_line' id='line_1_51' title="bbox 1058 872 1716 912; baseline 0.003 -11"><span class='ocrx_word' id='word_1_225' title='bbox 1058 872 1245 912; x_wconf 82' lang='lat' dir='ltr'>auspicium</span> <span class='ocrx_word' id='word_1_226' title='bbox 1260 872 1428 903; x_wconf 82' lang='lat' dir='ltr'>felicitate</span> <span class='ocrx_word' id='word_1_227' title='bbox 1445 877 1604 904; x_wconf 86' lang='lat' dir='ltr'>secutura</span> <span class='ocrx_word' id='word_1_228' title='bbox 1620 872 1716 903; x_wconf 88' lang='lat' dir='ltr'>dicit.</span> 
     </span>
    </p>

    <p class='ocr_par' dir='ltr' id='par_1_15' title="bbox 1055 922 1762 1005">
     <span class='ocr_line' id='line_1_52' title="bbox 1098 922 1762 963; baseline 0.002 -11"><span class='ocrx_word' id='word_1_229' title='bbox 1098 922 1223 962; x_wconf 80' lang='lat' dir='ltr'>Annus]</span> <span class='ocrx_word' id='word_1_230' title='bbox 1262 923 1478 962; x_wconf 83' lang='lat' dir='ltr'>Consulatus,</span> <span class='ocrx_word' id='word_1_231' title='bbox 1517 923 1611 963; x_wconf 88' lang='lat' dir='ltr'>cujus</span> <span class='ocrx_word' id='word_1_232' title='bbox 1650 931 1762 954; x_wconf 85' lang='lat' dir='ltr'>annua</span> 
     </span>
     <span class='ocr_line' id='line_1_53' title="bbox 1055 973 1736 1005; baseline 0.001 -1"><span class='ocrx_word' id='word_1_233' title='bbox 1055 973 1228 1004; x_wconf 75' lang='lat' dir='ltr'>Potestas.</span> <span class='ocrx_word' id='word_1_234' title='bbox 1733 1002 1736 1005; x_wconf 90' lang='lat'>.</span> 
     </span>
    </p>

    <p class='ocr_par' dir='ltr' id='par_1_16' title="bbox 1051 1021 1762 1308">
     <span class='ocr_line' id='line_1_54' title="bbox 1100 1021 1762 1064; baseline -0.002 -9"><span class='ocrx_word' id='word_1_235' title='bbox 1100 1023 1243 1064; x_wconf 79' lang='lat' dir='ltr'>Cinctus]</span> <span class='ocrx_word' id='word_1_236' title='bbox 1281 1022 1452 1054; x_wconf 86' lang='lat' dir='ltr'>Vestitum</span> <span class='ocrx_word' id='word_1_237' title='bbox 1465 1032 1598 1054; x_wconf 89' lang='lat' dir='ltr'>omnem</span> <span class='ocrx_word' id='word_1_238' title='bbox 1614 1032 1680 1053; x_wconf 89' lang='lat' dir='ltr'>vox</span> <span class='ocrx_word' id='word_1_239' title='bbox 1695 1021 1762 1054; x_wconf 79' lang='lat' dir='ltr'>ista</span> 
     </span>
     <span class='ocr_line' id='line_1_55' title="bbox 1054 1073 1762 1105; baseline -0.003 0"><span class='ocrx_word' id='word_1_240' title='bbox 1054 1079 1162 1105; x_wconf 86' lang='lat' dir='ltr'>notat.</span> <span class='ocrx_word' id='word_1_241' title='bbox 1207 1075 1292 1105; x_wconf 85' lang='lat' dir='ltr'>Cum</span> <span class='ocrx_word' id='word_1_242' title='bbox 1323 1075 1413 1105; x_wconf 89' lang='lat' dir='ltr'>enim</span> <span class='ocrx_word' id='word_1_243' title='bbox 1443 1074 1471 1104; x_wconf 88' lang='lat' dir='ltr'>is</span> <span class='ocrx_word' id='word_1_244' title='bbox 1498 1073 1673 1104; x_wconf 88' lang='lat' dir='ltr'>veteribus</span> <span class='ocrx_word' id='word_1_245' title='bbox 1689 1073 1762 1104; x_wconf 88' lang='lat' dir='ltr'>lon-</span> 
     </span>
     <span class='ocr_line' id='line_1_56' title="bbox 1053 1125 1761 1166; baseline -0.003 -10"><span class='ocrx_word' id='word_1_246' title='bbox 1053 1126 1125 1165; x_wconf 83' lang='lat' dir='ltr'>gior</span> <span class='ocrx_word' id='word_1_247' title='bbox 1139 1125 1369 1166; x_wconf 87' lang='lat' dir='ltr'>prolixiorque</span> <span class='ocrx_word' id='word_1_248' title='bbox 1386 1125 1490 1163; x_wconf 84' lang='lat' dir='ltr'>foret,</span> <span class='ocrx_word' id='word_1_249' title='bbox 1506 1133 1605 1165; x_wconf 82' lang='lat' dir='ltr'>quam</span> <span class='ocrx_word' id='word_1_250' title='bbox 1621 1127 1659 1155; x_wconf 88' lang='lat' dir='ltr'>ut</span> <span class='ocrx_word' id='word_1_251' title='bbox 1670 1133 1761 1155; x_wconf 87' lang='lat' dir='ltr'>com-</span> 
     </span>
     <span class='ocr_line' id='line_1_57' title="bbox 1052 1174 1759 1213; baseline -0.001 -7"><span class='ocrx_word' id='word_1_252' title='bbox 1052 1177 1149 1208; x_wconf 87' lang='lat' dir='ltr'>mode</span> <span class='ocrx_word' id='word_1_253' title='bbox 1181 1186 1221 1207; x_wconf 89' lang='lat' dir='ltr'>eo</span> <span class='ocrx_word' id='word_1_254' title='bbox 1252 1175 1380 1206; x_wconf 88' lang='lat' dir='ltr'>fluente</span> <span class='ocrx_word' id='word_1_255' title='bbox 1417 1174 1651 1213; x_wconf 86' lang='lat' dir='ltr'>incederetur‚</span> <span class='ocrx_word' id='word_1_256' title='bbox 1685 1183 1759 1205; x_wconf 82' lang='lat' dir='ltr'>suc-</span> 
     </span>
     <span class='ocr_line' id='line_1_58' title="bbox 1053 1223 1760 1267; baseline -0.003 -11"><span class='ocrx_word' id='word_1_257' title='bbox 1053 1227 1191 1267; x_wconf 86' lang='lat' dir='ltr'>cingere</span> <span class='ocrx_word' id='word_1_258' title='bbox 1223 1236 1299 1258; x_wconf 88' lang='lat' dir='ltr'>eum</span> <span class='ocrx_word' id='word_1_259' title='bbox 1329 1235 1406 1256; x_wconf 86' lang='lat' dir='ltr'>usus</span> <span class='ocrx_word' id='word_1_260' title='bbox 1424 1224 1540 1265; x_wconf 77' lang='lat' dir='ltr'>jussit.</span> <span class='ocrx_word' id='word_1_261' title='bbox 1588 1223 1686 1255; x_wconf 89' lang='lat' dir='ltr'>Unde</span> <span class='ocrx_word' id='word_1_262' title='bbox 1702 1224 1760 1254; x_wconf 88' lang='lat' dir='ltr'>ha·</span> 
     </span>
     <span class='ocr_line' id='line_1_59' title="bbox 1051 1275 1578 1308; baseline -0.006 -1"><span class='ocrx_word' id='word_1_263' title='bbox 1051 1277 1160 1308; x_wconf 88' lang='lat' dir='ltr'>bitum</span> <span class='ocrx_word' id='word_1_264' title='bbox 1174 1286 1307 1308; x_wconf 87' lang='lat' dir='ltr'>omnem</span> <span class='ocrx_word' id='word_1_265' title='bbox 1321 1280 1419 1306; x_wconf 87' lang='lat' dir='ltr'>notat</span> <span class='ocrx_word' id='word_1_266' title='bbox 1439 1275 1578 1306; x_wconf 80' lang='lat' dir='ltr'>Cinctus.</span> 
     </span>
    </p>

    <p class='ocr_par' dir='ltr' id='par_1_17' title="bbox 1043 1324 1759 2074">
     <span class='ocr_line' id='line_1_60' title="bbox 1097 1324 1756 1367; baseline -0.003 -10"><span class='ocrx_word' id='word_1_267' title='bbox 1097 1327 1250 1367; x_wconf 82' lang='lat' dir='ltr'>Gabinos]</span> <span class='ocrx_word' id='word_1_268' title='bbox 1278 1325 1457 1364; x_wconf 72' lang='lat' dir='ltr'>Pacificos,</span> <span class='ocrx_word' id='word_1_269' title='bbox 1479 1324 1652 1363; x_wconf 83' lang='lat' dir='ltr'>Urbanos,</span> <span class='ocrx_word' id='word_1_270' title='bbox 1673 1333 1756 1365; x_wconf 88' lang='lat' dir='ltr'>quos</span> 
     </span>
     <span class='ocr_line' id='line_1_61' title="bbox 1052 1374 1756 1415; baseline -0.003 -8"><span class='ocrx_word' id='word_1_271' title='bbox 1052 1376 1171 1408; x_wconf 83' lang='lat' dir='ltr'>Gabiis</span> <span class='ocrx_word' id='word_1_272' title='bbox 1190 1376 1263 1407; x_wconf 88' lang='lat' dir='ltr'>urbi</span> <span class='ocrx_word' id='word_1_273' title='bbox 1287 1376 1401 1407; x_wconf 86' lang='lat' dir='ltr'>illatos</span> <span class='ocrx_word' id='word_1_274' title='bbox 1421 1375 1565 1415; x_wconf 86' lang='lat' dir='ltr'>populus</span> <span class='ocrx_word' id='word_1_275' title='bbox 1585 1374 1756 1405; x_wconf 89' lang='lat' dir='ltr'>Romanus</span> 
     </span>
     <span class='ocr_line' id='line_1_62' title="bbox 1050 1424 1757 1467; baseline -0.003 -10"><span class='ocrx_word' id='word_1_276' title='bbox 1050 1426 1156 1458; x_wconf 81' lang='lat' dir='ltr'>festos</span> <span class='ocrx_word' id='word_1_277' title='bbox 1175 1426 1405 1467; x_wconf 82' lang='lat' dir='ltr'>pacificosque</span> <span class='ocrx_word' id='word_1_278' title='bbox 1421 1425 1581 1456; x_wconf 83' lang='lat' dir='ltr'>servavit.</span> <span class='ocrx_word' id='word_1_279' title='bbox 1629 1424 1757 1456; x_wconf 90' lang='lat' dir='ltr'>Consul</span> 
     </span>
     <span class='ocr_line' id='line_1_63' title="bbox 1050 1475 1759 1515; baseline -0.003 -7"><span class='ocrx_word' id='word_1_280' title='bbox 1050 1482 1164 1508; x_wconf 86' lang='lat' dir='ltr'>autem</span> <span class='ocrx_word' id='word_1_281' title='bbox 1183 1479 1352 1508; x_wconf 86' lang='lat' dir='ltr'>Romanus</span> <span class='ocrx_word' id='word_1_282' title='bbox 1367 1477 1430 1508; x_wconf 90' lang='lat' dir='ltr'>hoc</span> <span class='ocrx_word' id='word_1_283' title='bbox 1446 1476 1564 1507; x_wconf 84' lang='lat' dir='ltr'>habitu</span> <span class='ocrx_word' id='word_1_284' title='bbox 1583 1475 1759 1515; x_wconf 82' lang='lat' dir='ltr'>utebatur,</span> 
     </span>
     <span class='ocr_line' id='line_1_64' title="bbox 1049 1525 1755 1568; baseline 0 -11"><span class='ocrx_word' id='word_1_285' title='bbox 1049 1537 1127 1559; x_wconf 91' lang='lat' dir='ltr'>cum</span> <span class='ocrx_word' id='word_1_286' title='bbox 1143 1528 1255 1568; x_wconf 83' lang='lat' dir='ltr'>magni</span> <span class='ocrx_word' id='word_1_287' title='bbox 1270 1527 1395 1568; x_wconf 84' lang='lat' dir='ltr'>aliquid</span> <span class='ocrx_word' id='word_1_288' title='bbox 1414 1525 1575 1557; x_wconf 85' lang='lat' dir='ltr'>facinoris</span> <span class='ocrx_word' id='word_1_289' title='bbox 1599 1525 1755 1558; x_wconf 86' lang='lat' dir='ltr'>conficie-</span> 
     </span>
     <span class='ocr_line' id='line_1_65' title="bbox 1049 1578 1755 1620; baseline -0.004 -8"><span class='ocrx_word' id='word_1_290' title='bbox 1049 1581 1117 1612; x_wconf 82' lang='lat' dir='ltr'>bat.</span> <span class='ocrx_word' id='word_1_291' title='bbox 1141 1580 1261 1620; x_wconf 81' lang='lat' dir='ltr'>Virgil.</span> <span class='ocrx_word' id='word_1_292' title='bbox 1277 1588 1343 1610; x_wconf 83' lang='lat' dir='ltr'>vn.</span> <span class='ocrx_word' id='word_1_293' title='bbox 1366 1581 1375 1597; x_wconf 91' lang='lat'>‘</span> <span class='ocrx_word' id='word_1_294' title='bbox 1393 1579 1473 1619; x_wconf 88' lang='lat' dir='ltr'>Ipse</span> <span class='ocrx_word' id='word_1_295' title='bbox 1496 1578 1664 1611; x_wconf 81' lang='lat' dir='ltr'>Quirinali</span> <span class='ocrx_word' id='word_1_296' title='bbox 1687 1582 1755 1609; x_wconf 89' lang='lat' dir='ltr'>tra-</span> 
     </span>
     <span class='ocr_line' id='line_1_66' title="bbox 1048 1628 1752 1671; baseline -0.003 -10"><span class='ocrx_word' id='word_1_297' title='bbox 1048 1631 1124 1671; x_wconf 88' lang='lat' dir='ltr'>bea,</span> <span class='ocrx_word' id='word_1_298' title='bbox 1152 1631 1336 1670; x_wconf 85' lang='lat' dir='ltr'>cinctuque</span> <span class='ocrx_word' id='word_1_299' title='bbox 1355 1629 1516 1661; x_wconf 84' lang='lat' dir='ltr'>Gabino.&#39;</span> <span class='ocrx_word' id='word_1_300' title='bbox 1555 1629 1676 1660; x_wconf 81' lang='lat' dir='ltr'>Manil.</span> <span class='ocrx_word' id='word_1_301' title='bbox 1694 1628 1752 1660; x_wconf 92' lang='lat' dir='ltr'>lib.</span> 
     </span>
     <span class='ocr_line' id='line_1_67' title="bbox 1048 1679 1754 1721; baseline -0.004 -9"><span class='ocrx_word' id='word_1_302' title='bbox 1048 1691 1097 1712; x_wconf 85' lang='lat' dir='ltr'>lv.</span> <span class='ocrx_word' id='word_1_303' title='bbox 1119 1681 1256 1712; x_wconf 76' lang='lat' dir='ltr'>Astron.</span> <span class='ocrx_word' id='word_1_304' title='bbox 1281 1683 1289 1698; x_wconf 91' lang='lat'>‘</span> <span class='ocrx_word' id='word_1_305' title='bbox 1309 1681 1445 1721; x_wconf 88' lang='lat' dir='ltr'>rituque</span> <span class='ocrx_word' id='word_1_306' title='bbox 1467 1680 1602 1711; x_wconf 87' lang='lat' dir='ltr'>Gabino</span> <span class='ocrx_word' id='word_1_307' title='bbox 1626 1679 1754 1710; x_wconf 85' lang='lat' dir='ltr'>Moenia</span> 
     </span>
     <span class='ocr_line' id='line_1_68' title="bbox 1047 1728 1753 1762; baseline -0.004 0"><span class='ocrx_word' id='word_1_308' title='bbox 1047 1732 1243 1762; x_wconf 87' lang='lat' dir='ltr'>succinctus</span> <span class='ocrx_word' id='word_1_309' title='bbox 1273 1740 1378 1761; x_wconf 89' lang='lat' dir='ltr'>curvo</span> <span class='ocrx_word' id='word_1_310' title='bbox 1409 1729 1581 1760; x_wconf 84' lang='lat' dir='ltr'>describat</span> <span class='ocrx_word' id='word_1_311' title='bbox 1615 1728 1753 1760; x_wconf 64' lang='lat' dir='ltr'>aratro!</span> 
     </span>
     <span class='ocr_line' id='line_1_69' title="bbox 1046 1778 1751 1820; baseline -0.001 -8"><span class='ocrx_word' id='word_1_312' title='bbox 1046 1781 1171 1812; x_wconf 85' lang='lat' dir='ltr'>Gabini</span> <span class='ocrx_word' id='word_1_313' title='bbox 1199 1781 1285 1810; x_wconf 82' lang='lat' dir='ltr'>enim</span> <span class='ocrx_word' id='word_1_314' title='bbox 1311 1785 1448 1810; x_wconf 85' lang='lat' dir='ltr'>arantes</span> <span class='ocrx_word' id='word_1_315' title='bbox 1473 1778 1657 1820; x_wconf 85' lang='lat' dir='ltr'>quondam,</span> <span class='ocrx_word' id='word_1_316' title='bbox 1674 1788 1751 1811; x_wconf 86' lang='lat' dir='ltr'>cum</span> 
     </span>
     <span class='ocr_line' id='line_1_70' title="bbox 1046 1829 1752 1870; baseline -0.001 -9"><span class='ocrx_word' id='word_1_317' title='bbox 1046 1831 1086 1862; x_wconf 84' lang='lat' dir='ltr'>ab</span> <span class='ocrx_word' id='word_1_318' title='bbox 1116 1832 1267 1862; x_wconf 75' lang='lat' dir='ltr'>hostibus</span> <span class='ocrx_word' id='word_1_319' title='bbox 1295 1830 1408 1861; x_wconf 86' lang='lat' dir='ltr'>forent</span> <span class='ocrx_word' id='word_1_320' title='bbox 1431 1840 1472 1860; x_wconf 84' lang='lat' dir='ltr'>ex</span> <span class='ocrx_word' id='word_1_321' title='bbox 1489 1830 1672 1870; x_wconf 85' lang='lat' dir='ltr'>improviso</span> <span class='ocrx_word' id='word_1_322' title='bbox 1695 1829 1752 1860; x_wconf 81' lang='lat' dir='ltr'>de-</span> 
     </span>
     <span class='ocr_line' id='line_1_71' title="bbox 1044 1879 1748 1921; baseline -0.001 -10"><span class='ocrx_word' id='word_1_323' title='bbox 1044 1881 1214 1921; x_wconf 82' lang='lat' dir='ltr'>prehensi,</span> <span class='ocrx_word' id='word_1_324' title='bbox 1230 1881 1336 1921; x_wconf 66' lang='lat' dir='ltr'>Togis</span> <span class='ocrx_word' id='word_1_325' title='bbox 1360 1889 1399 1911; x_wconf 90' lang='lat' dir='ltr'>eo</span> <span class='ocrx_word' id='word_1_326' title='bbox 1423 1880 1543 1911; x_wconf 82' lang='lat' dir='ltr'>habitu</span> <span class='ocrx_word' id='word_1_327' title='bbox 1564 1879 1748 1911; x_wconf 85' lang='lat' dir='ltr'>succinctis</span> 
     </span>
     <span class='ocr_line' id='line_1_72' title="bbox 1044 1930 1748 1973; baseline -0.004 -9"><span class='ocrx_word' id='word_1_328' title='bbox 1044 1934 1221 1964; x_wconf 83' lang='lat' dir='ltr'>victoriam</span> <span class='ocrx_word' id='word_1_329' title='bbox 1236 1936 1441 1971; x_wconf 80' lang='lat' dir='ltr'>tenuerunt3</span> <span class='ocrx_word' id='word_1_330' title='bbox 1474 1932 1590 1973; x_wconf 87' lang='lat' dir='ltr'>itaque</span> <span class='ocrx_word' id='word_1_331' title='bbox 1610 1930 1748 1962; x_wconf 83' lang='lat' dir='ltr'>urbanis</span> 
     </span>
     <span class='ocr_line' id='line_1_73' title="bbox 1043 1980 1749 2023; baseline -0.001 -10"><span class='ocrx_word' id='word_1_332' title='bbox 1043 1984 1147 2013; x_wconf 81' lang='lat' dir='ltr'>sacris</span> <span class='ocrx_word' id='word_1_333' title='bbox 1173 1983 1351 2023; x_wconf 84' lang='lat' dir='ltr'>festisque,</span> <span class='ocrx_word' id='word_1_334' title='bbox 1381 1992 1421 2013; x_wconf 89' lang='lat' dir='ltr'>eo</span> <span class='ocrx_word' id='word_1_335' title='bbox 1446 1981 1573 2020; x_wconf 90' lang='lat' dir='ltr'>cinctu,</span> <span class='ocrx_word' id='word_1_336' title='bbox 1591 1986 1627 2012; x_wconf 81' lang='lat' dir='ltr'>ut</span> <span class='ocrx_word' id='word_1_337' title='bbox 1644 1980 1749 2022; x_wconf 83' lang='lat' dir='ltr'>felici,</span> 
     </span>
     <span class='ocr_line' id='line_1_74' title="bbox 1043 2031 1575 2074; baseline -0.006 -10"><span class='ocrx_word' id='word_1_338' title='bbox 1043 2032 1257 2074; x_wconf 83' lang='lat' dir='ltr'>postmodum</span> <span class='ocrx_word' id='word_1_339' title='bbox 1275 2036 1353 2063; x_wconf 89' lang='lat' dir='ltr'>sunt</span> <span class='ocrx_word' id='word_1_340' title='bbox 1368 2032 1432 2062; x_wconf 81' lang='lat' dir='ltr'>usi.</span> <span class='ocrx_word' id='word_1_341' title='bbox 1458 2031 1575 2062; x_wconf 81' lang='lat' dir='ltr'>Barth.</span> 
     </span>
    </p>

    <p class='ocr_par' dir='ltr' id='par_1_18' title="bbox 1041 2082 1746 2215">
     <span class='ocr_line' id='line_1_75' title="bbox 1084 2082 1746 2124; baseline -0.003 -9"><span class='ocrx_word' id='word_1_342' title='bbox 1084 2087 1103 2115; x_wconf 83' lang='grc'>4</span> <span class='ocrx_word' id='word_1_343' title='bbox 1130 2083 1289 2124; x_wconf 78' lang='lat' dir='ltr'>Purpura]</span> <span class='ocrx_word' id='word_1_344' title='bbox 1315 2082 1477 2114; x_wconf 87' lang='lat' dir='ltr'>Gentium</span> <span class='ocrx_word' id='word_1_345' title='bbox 1494 2092 1662 2113; x_wconf 84' lang='lat' dir='ltr'>consensu</span> <span class='ocrx_word' id='word_1_346' title='bbox 1679 2082 1746 2113; x_wconf 88' lang='lat' dir='ltr'>Re·</span> 
     </span>
     <span class='ocr_line' id='line_1_76' title="bbox 1041 2133 1746 2174; baseline -0.001 -9"><span class='ocrx_word' id='word_1_347' title='bbox 1041 2134 1105 2174; x_wconf 82' lang='lat' dir='ltr'>giae</span> <span class='ocrx_word' id='word_1_348' title='bbox 1128 2135 1310 2174; x_wconf 82' lang='lat' dir='ltr'>potestatis</span> <span class='ocrx_word' id='word_1_349' title='bbox 1340 2133 1484 2173; x_wconf 85' lang='lat' dir='ltr'>insigne.</span> <span class='ocrx_word' id='word_1_350' title='bbox 1528 2133 1584 2164; x_wconf 88' lang='lat' dir='ltr'>Sic</span> <span class='ocrx_word' id='word_1_351' title='bbox 1606 2142 1746 2173; x_wconf 86' lang='lat' dir='ltr'>usurpa-</span> 
     </span>
     <span class='ocr_line' id='line_1_77' title="bbox 1041 2182 1722 2215; baseline -0.003 0"><span class='ocrx_word' id='word_1_352' title='bbox 1041 2191 1112 2215; x_wconf 89' lang='lat' dir='ltr'>tum</span> <span class='ocrx_word' id='word_1_353' title='bbox 1125 2185 1228 2215; x_wconf 88' lang='lat' dir='ltr'>etiam</span> <span class='ocrx_word' id='word_1_354' title='bbox 1247 2183 1447 2214; x_wconf 90' lang='lat' dir='ltr'>Consulibus</span> <span class='ocrx_word' id='word_1_355' title='bbox 1466 2183 1636 2214; x_wconf 88' lang='lat' dir='ltr'>Romanis.</span> <span class='ocrx_word' id='word_1_356' title='bbox 1671 2182 1722 2213; x_wconf 83' lang='lat' dir='ltr'>Id.</span> 
     </span>
    </p>

    <p class='ocr_par' dir='ltr' id='par_1_19' title="bbox 1035 2233 1745 2624">
     <span class='ocr_line' id='line_1_78' title="bbox 1083 2233 1742 2274; baseline -0.005 -8"><span class='ocrx_word' id='word_1_357' title='bbox 1083 2235 1182 2266; x_wconf 75' lang='lat' dir='ltr'>Dives</span> <span class='ocrx_word' id='word_1_358' title='bbox 1212 2233 1403 2274; x_wconf 76' lang='lat' dir='ltr'>Hydaspoez&#39;s</span> <span class='ocrx_word' id='word_1_359' title='bbox 1432 2235 1579 2271; x_wconf 70' lang='lat' dir='ltr'>aug-escae</span> <span class='ocrx_word' id='word_1_360' title='bbox 1601 2242 1742 2272; x_wconf 79' lang='lat' dir='ltr'>purpura</span> 
     </span>
     <span class='ocr_line' id='line_1_79' title="bbox 1035 2282 1745 2324; baseline 0 -10"><span class='ocrx_word' id='word_1_361' title='bbox 1035 2285 1180 2324; x_wconf 83' lang='lat' dir='ltr'>gemmis]</span> <span class='ocrx_word' id='word_1_362' title='bbox 1204 2284 1361 2323; x_wconf 85' lang='lat' dir='ltr'>Purpura</span> <span class='ocrx_word' id='word_1_363' title='bbox 1377 2283 1584 2322; x_wconf 87' lang='lat' dir='ltr'>Consularis,</span> <span class='ocrx_word' id='word_1_364' title='bbox 1596 2282 1745 2324; x_wconf 87' lang='lat' dir='ltr'>alioquin</span> 
     </span>
     <span class='ocr_line' id='line_1_80' title="bbox 1039 2333 1743 2374; baseline -0.001 -9"><span class='ocrx_word' id='word_1_365' title='bbox 1039 2335 1297 2374; x_wconf 79' lang='lat' dir='ltr'>pretiosissima,</span> <span class='ocrx_word' id='word_1_366' title='bbox 1317 2333 1572 2372; x_wconf 64' lang='lat' dir='ltr'>pretiosioribus</span> <span class='ocrx_word' id='word_1_367' title='bbox 1590 2334 1743 2374; x_wconf 83' lang='lat' dir='ltr'>gemmis,</span> 
     </span>
     <span class='ocr_line' id='line_1_81' title="bbox 1038 2384 1743 2425; baseline 0.001 -10"><span class='ocrx_word' id='word_1_368' title='bbox 1038 2385 1266 2425; x_wconf 86' lang='lat' dir='ltr'>Imperatorio</span> <span class='ocrx_word' id='word_1_369' title='bbox 1281 2384 1436 2414; x_wconf 84' lang='lat' dir='ltr'>nimirum</span> <span class='ocrx_word' id='word_1_370' title='bbox 1453 2384 1571 2414; x_wconf 81' lang='lat' dir='ltr'>habitu</span> <span class='ocrx_word' id='word_1_371' title='bbox 1588 2385 1628 2415; x_wconf 89' lang='lat' dir='ltr'>iis</span> <span class='ocrx_word' id='word_1_372' title='bbox 1646 2394 1743 2416; x_wconf 83' lang='lat' dir='ltr'>exor-</span> 
     </span>
     <span class='ocr_line' id='line_1_82' title="bbox 1038 2433 1742 2475; baseline 0.001 -10"><span class='ocrx_word' id='word_1_373' title='bbox 1038 2440 1130 2472; x_wconf 81' lang='lat' dir='ltr'>nato,</span> <span class='ocrx_word' id='word_1_374' title='bbox 1148 2440 1292 2473; x_wconf 76' lang='lat' dir='ltr'>augetur</span> <span class='ocrx_word' id='word_1_375' title='bbox 1314 2433 1435 2474; x_wconf 83' lang='lat' dir='ltr'>pretio.</span> <span class='ocrx_word' id='word_1_376' title='bbox 1481 2434 1662 2475; x_wconf 86' lang='lat' dir='ltr'>Hydaspes</span> <span class='ocrx_word' id='word_1_377' title='bbox 1685 2435 1742 2466; x_wconf 89' lang='lat' dir='ltr'>In·</span> 
     </span>
     <span class='ocr_line' id='line_1_83' title="bbox 1037 2483 1745 2523; baseline 0.001 -8"><span class='ocrx_word' id='word_1_378' title='bbox 1037 2485 1101 2515; x_wconf 76' lang='lat' dir='ltr'>diae</span> <span class='ocrx_word' id='word_1_379' title='bbox 1118 2483 1252 2520; x_wconf 88' lang='lat' dir='ltr'>fluvius,</span> <span class='ocrx_word' id='word_1_380' title='bbox 1269 2484 1365 2514; x_wconf 89' lang='lat' dir='ltr'>dives</span> <span class='ocrx_word' id='word_1_381' title='bbox 1392 2493 1411 2513; x_wconf 89' lang='lat' dir='ltr'>a</span> <span class='ocrx_word' id='word_1_382' title='bbox 1438 2484 1591 2523; x_wconf 84' lang='lat' dir='ltr'>gemmis,</span> <span class='ocrx_word' id='word_1_383' title='bbox 1607 2484 1745 2516; x_wconf 84' lang='lat' dir='ltr'>nobilis-</span> 
     </span>
     <span class='ocr_line' id='line_1_84' title="bbox 1036 2533 1742 2572; baseline 0.003 -8"><span class='ocrx_word' id='word_1_384' title='bbox 1036 2537 1120 2564; x_wconf 81' lang='lat' dir='ltr'>simo</span> <span class='ocrx_word' id='word_1_385' title='bbox 1137 2533 1245 2564; x_wconf 81' lang='lat' dir='ltr'>Indiae</span> <span class='ocrx_word' id='word_1_386' title='bbox 1263 2537 1442 2572; x_wconf 88' lang='lat' dir='ltr'>proventu.</span> <span class='ocrx_word' id='word_1_387' title='bbox 1479 2533 1626 2565; x_wconf 84' lang='lat' dir='ltr'>Seneca:</span> <span class='ocrx_word' id='word_1_388' title='bbox 1651 2536 1660 2552; x_wconf 80' lang='lat'><strong><em>⁴</em></strong></span> <span class='ocrx_word' id='word_1_389' title='bbox 1677 2535 1742 2566; x_wconf 86' lang='lat' dir='ltr'>Ru-</span> 
     </span>
     <span class='ocr_line' id='line_1_85' title="bbox 1036 2583 1741 2624; baseline 0.003 -10"><span class='ocrx_word' id='word_1_390' title='bbox 1036 2594 1141 2624; x_wconf 81' lang='lat' dir='ltr'>raque</span> <span class='ocrx_word' id='word_1_391' title='bbox 1158 2583 1252 2613; x_wconf 83' lang='lat' dir='ltr'>dives</span> <span class='ocrx_word' id='word_1_392' title='bbox 1268 2584 1381 2618; x_wconf 61' lang='lat' dir='ltr'>cingat</span> <span class='ocrx_word' id='word_1_393' title='bbox 1398 2583 1603 2624; x_wconf 86' lang='lat' dir='ltr'>Hydaspes.’</span> <span class='ocrx_word' id='word_1_394' title='bbox 1643 2585 1741 2617; x_wconf 76' lang='lat' dir='ltr'>Idem.</span> 
     </span>
    </p>

    <p class='ocr_par' dir='ltr' id='par_1_20' title="bbox 1036 2634 1742 2827">
     <span class='ocr_line' id='line_1_86' title="bbox 1078 2634 1741 2675; baseline 0.002 -10"><span class='ocrx_word' id='word_1_395' title='bbox 1078 2639 1096 2665; x_wconf 89' lang='lat'><strong><em>5</em></strong></span> <span class='ocrx_word' id='word_1_396' title='bbox 1121 2634 1290 2665; x_wconf 79' lang='lat' dir='ltr'>Succedunt</span> <span class='ocrx_word' id='word_1_397' title='bbox 1321 2634 1417 2664; x_wconf 85' lang='lat' dir='ltr'>armis</span> <span class='ocrx_word' id='word_1_398' title='bbox 1443 2634 1571 2675; x_wconf 78' lang='lat' dir='ltr'>lrabeae]</span> <span class='ocrx_word' id='word_1_399' title='bbox 1598 2636 1741 2666; x_wconf 78' lang='lat' dir='ltr'>Senatus</span> 
     </span>
     <span class='ocr_line' id='line_1_87' title="bbox 1036 2685 1742 2726; baseline 0 -10"><span class='ocrx_word' id='word_1_400' title='bbox 1036 2686 1312 2726; x_wconf 80' lang='lat' dir='ltr'>conjunctionem</span> <span class='ocrx_word' id='word_1_401' title='bbox 1331 2695 1407 2715; x_wconf 88' lang='lat' dir='ltr'>cum</span> <span class='ocrx_word' id='word_1_402' title='bbox 1434 2685 1609 2725; x_wconf 86' lang='lat' dir='ltr'>Principe,</span> <span class='ocrx_word' id='word_1_403' title='bbox 1626 2690 1662 2716; x_wconf 86' lang='lat' dir='ltr'>et</span> <span class='ocrx_word' id='word_1_404' title='bbox 1681 2686 1742 2716; x_wconf 87' lang='lat' dir='ltr'>mi-</span> 
     </span>
     <span class='ocr_line' id='line_1_88' title="bbox 1036 2734 1739 2782; baseline 0 -16"><span class='ocrx_word' id='word_1_405' title='bbox 1036 2737 1131 2766; x_wconf 88' lang='lat' dir='ltr'>litem</span> <span class='ocrx_word' id='word_1_406' title='bbox 1150 2742 1283 2776; x_wconf 81' lang='lat' dir='ltr'>utrique</span> <span class='ocrx_word' id='word_1_407' title='bbox 1310 2735 1516 2782; x_wconf 72' lang='lat' dir='ltr'>servientem</span> <span class='ocrx_word' id='word_1_408' title='bbox 1533 2734 1638 2774; x_wconf 80' lang='lat' dir='ltr'>facit3</span> <span class='ocrx_word' id='word_1_409' title='bbox 1663 2745 1739 2767; x_wconf 90' lang='lat' dir='ltr'>raro</span> 
     </span>
     <span class='ocr_line' id='line_1_89' title="bbox 1037 2784 1738 2827; baseline 0 -11"><span class='ocrx_word' id='word_1_410' title='bbox 1037 2785 1194 2826; x_wconf 86' lang='lat' dir='ltr'>exemplo</span> <span class='ocrx_word' id='word_1_411' title='bbox 1225 2789 1438 2827; x_wconf 87' lang='lat' dir='ltr'>temporum:</span> <span class='ocrx_word' id='word_1_412' title='bbox 1478 2794 1554 2816; x_wconf 89' lang='lat' dir='ltr'>cum</span> <span class='ocrx_word' id='word_1_413' title='bbox 1585 2784 1738 2827; x_wconf 83' lang='lat' dir='ltr'>plerique</span> 
     </span>
    </p>
   </div>
  </div>
 </body>
</html>
