1851 3213
297 215 411 258 1086
526 256 533 264 ,
742 227 815 258 cr..
849 226 1133 259 anuniANt
1170 227 1311 258 xmv.

297 322 572 375 Congeriem,
596 322 848 375 vultumque
869 322 950 362 Dei
970 326 1200 364 veneratus
1221 322 1401 363 herilem

297 390 325 430 J
331 403 402 431 am
423 390 609 430 flammae
634 390 913 430 commendat
933 403 1067 431 onus:
1094 391 1188 443 jam
1212 390 1401 430 destinat
1417 389 1505 429 aris

297 456 477 497 Semina
499 458 787 510 reliquiasque
809 458 892 497 sui.
956 457 1184 510 Myrrhata
1203 459 1394 498 relucent
1700 457 1759 498 95

296 524 494 565 Limina:
528 525 674 564 divino
697 526 866 577 spirant
888 525 1046 565 altaria
1066 525 1205 565 fumo:

295 589 367 639 Et,
389 590 650 631 Pelusiacas
673 590 913 644 productus
935 591 1129 645 adusque
1153 592 1352 645 paludes,

296 657 435 697 Indus
457 658 577 708 odor,
601 663 800 711 penetrat
821 672 962 709 nares,
985 660 1266 713 completque
1286 660 1449 702 salubri

294 723 576 778 Tempestate
596 725 712 765 viros
729 739 739 775 ;
773 730 814 766 et
832 731 1008 767 nectare
1031 727 1200 767 dulcior
1220 740 1329 768 aura

294 791 421 833 Ostia
441 793 648 844 nigrantis
672 791 765 832 Nili
789 796 969 844 septena
989 797 1185 845 vaporat.
1672 792 1758 834 100

294 857 334 898 Ο
354 859 475 908 seliX‚
496 860 725 910 haeresque
747 858 833 898 tui!
866 871 953 911 quo
974 859 1185 899 solvimur
1205 872 1369 910 omnes,

294 925 400 967 Hoc
423 927 501 966 tibi
522 926 782 979 suppeditat
803 927 936 967 vires:
968 928 1188 980 praebetur
1209 928 1331 981 origo

295 993 385 1034 Per
405 993 616 1035 cinerem:
648 994 832 1034 moritur
851 999 893 1035 te
915 1007 1003 1034 non
1026 999 1237 1048 pereunte
1258 997 1474 1036 senectus.

291 1134 392 1165 tradit
409 1134 531 1172 fascem
548 1145 643 1166 suum
660 1135 749 1174 igni:
762 1136 831 1174 jam
846 1140 1002 1166 consecrat
1017 1136 1168 1167 altaribus
1184 1137 1342 1176 principia
1364 1140 1394 1167 et
1415 1136 1562 1177 reliquias
1576 1135 1626 1167 sui
1640 1135 1758 1177 ipsius.

295 1176 453 1217 Templum
481 1179 617 1216 plenum
639 1179 765 1219 myrrha
782 1179 894 1209 micat:
916 1189 979 1209 αντε
1002 1180 1145 1210 emittunt
1167 1179 1295 1217 fumum
1316 1179 1474 1210 divinum:
1498 1183 1529 1210 et
1543 1180 1618 1209 odor
1633 1179 1762 1210 Indicus

289 1219 445 1260 dispersus·
462 1232 553 1261 usque
568 1223 608 1251 acl
619 1223 746 1261 paludes
767 1222 943 1252 Pelusiacas
958 1223 1069 1252 titillat
1085 1232 1186 1259 nares,
1208 1225 1237 1252 et
1252 1221 1412 1262 perfundit
1427 1222 1509 1252 viros
1523 1221 1601 1252 nube
1615 1222 1761 1262 salutari,

290 1265 321 1292 et
336 1273 412 1292 aura
429 1264 542 1293 odoris
559 1266 682 1294 suavior
697 1265 850 1294 ambrosia
866 1265 961 1304 replet
978 1269 1093 1304 septem
1107 1275 1160 1295 ora
1178 1265 1245 1295 Nzli
1260 1265 1356 1303 nigri.
1385 1265 1414 1294 Ο
1427 1265 1571 1295 Phoenix
1581 1264 1761 1304 fortunate,

291 1308 321 1335 et
346 1314 501 1336 successor
533 1307 581 1336 tui
613 1306 742 1346 ipsius!
781 1308 835 1337 hoc
865 1307 968 1337 letum
997 1318 1054 1346 quo
1077 1318 1131 1337 izos
1157 1317 1259 1337 omnes
1283 1307 1490 1343 dissolvimur,
1514 1307 1674 1337 ministrat
1700 1305 1761 1337 tibi

291 1346 451 1387 vigorem:
473 1349 624 1379 nativitas
645 1351 739 1379 datur
763 1349 823 1379 tihi
846 1358 902 1388 per
923 1350 1078 1385 cinerem,·
1099 1353 1237 1380 seneclus
1253 1354 1311 1380 tua
1325 1349 1442 1390 deficit,
1466 1353 1496 1379 te
1510 1359 1572 1379 non
1585 1349 1759 1390 deficiente·

910 1453 1124 1464 eeeeaeeeeeee
1130 1455 1147 1465 e

291 1519 419 1551 Moret.
437 1529 486 1559 pr.
505 1519 616 1551 Oxon.
633 1528 702 1553 sec.
720 1518 852 1551 Buslid.
869 1519 935 1550 duo
953 1519 1075 1551 Petav.
1093 1519 1178 1551 Cod.
1194 1519 1314 1560 Epigr.
1333 1518 1447 1551 Ambr.
1471 1518 1578 1559 patrio
1593 1518 1760 1560 perhibent

292 1562 375 1593 Pnt.
384 1564 466 1593 Var.
479 1562 544 1593 LL.
557 1563 611 1593 ed.
624 1561 816 1594 Antv.-93
833 1564 1009 1602 vultumque
1019 1563 1113 1593 nimis
1125 1563 1255 1593 Buslid.
1270 1566 1432 1593 veneratur
1448 1563 1480 1592 M
1488 1561 1542 1592 ed.
1556 1571 1623 1593 sec.
1634 1571 1762 1594 venera-

289 1609 342 1636 tus
351 1605 475 1636 Sched.
489 1605 581 1636 Gud.
594 1607 757 1635 veneratus
772 1605 827 1635 vel
842 1605 1006 1635 comitatus
1022 1606 1085 1635 inc.
1106 1605 1311 1636 Heius—94
1334 1606 1469 1635 destinat
1490 1606 1570 1635 ultro
1582 1604 1761 1635 Buslid.-—-

290 1650 331 1678 95
347 1649 462 1678 mirata
475 1652 621 1688 quatuor
633 1648 728 1678 Vatt.
740 1652 774 1677 et
788 1646 830 1677 A.
844 1647 951 1678 Hafn.
964 1648 1057 1679 Rott.
1069 1648 1177 1678 0is‹·1.
1191 1647 1304 1678 Oxou.
1317 1657 1383 1678 sec.
1399 1647 1488 1687 quod
1516 1652 1632 1678 tuetur
1643 1647 1759 1679 Barth.

290 1692 376 1721 —96
392 1691 526 1721 Lumina
543 1690 609 1720 (luo
622 1690 716 1720 Vatt.
732 1689 827 1720 Rom.
841 1689 946 1721 Oisel.
964 1691 1117 1721 Florent.
1133 1691 1229 1721 Med.
1243 1700 1308 1721 sec.
1326 1691 1392 1720 inc.
1413 1690 1533 1720 Heius.
1547 1689 1665 1721 Ambr.
1677 1694 1760 1722 tert.

289 1732 371 1764 Put.
389 1732 455 1762 dun
474 1733 594 1763 Pet-av.
611 1732 735 1763 Ruslid.
748 1733 873 1763 Moret.
898 1742 948 1772 pr.
962 1733 1073 1763 Oxon.
1087 1743 1153 1763 sec.
1167 1734 1249 1764 Var.
1261 1733 1327 1763 LL.
1339 1733 1395 1763 ed.
1411 1732 1513 1764 Antv.
1524 1735 1666 1772 spumant
1676 1733 1759 1765 Vat.

290 1780 370 1807 tert.
396 1775 475 1806 Pnt.
499 1776 612 1805 l'hoeho
638 1774 806 1815 prosumo
836 1776 914 1805 Vat.
936 1785 1003 1806 see.
1036 1786 1078 1806 m.
1102 1779 1237 1815 pin—97
1273 1777 1439 1815 perductus
1469 1776 1547 1806 vat.
1570 1775 1612 1807 A.
1635 1775 1757 1808 Ambr.

291 1821 458 1849 terh-(98
485 1819 631 1849 Provenit
645 1818 742 1848 Indus
762 1819 837 1848 odor
853 1819 981 1849 Moret.
1001 1829 1049 1858 pr.
1068 1819 1216 1849 Pervenit
1232 1819 1315 1849 intus
1330 1820 1414 1850 odor.
1447 1820 1524 1850 Vat.
1549 1823 1661 1859 quart.
1677 1818 1757 1849 Per-

289 1861 374 1891 venit
392 1861 486 1891 Indus
501 1863 585 1891 odor.
607 1864 750 1901 penetrat
768 1860 832 1890 duo
850 1861 941 1892 Vatt.
955 1867 989 1891 vt
1004 1861 1046 1892 A.
1062 1860 1169 1892 Hafn.
1191 1863 1282 1893 Rott.
1299 1863 1381 1892 Var.
1400 1862 1468 1893 LL.
1486 1870 1504 1892 e
1522 1871 1628 1900 marg.
1642 1861 1758 1894 Parm.

290 1903 390 1934 Indus
411 1906 484 1933 oam-
506 1907 647 1942 penetrat
670 1913 760 1934 nares
787 1904 864 1934 Vat.
884 1914 932 1942 pr.
950 1905 1043 1935 Med.
1071 1914 1137 1935 sec.
1162 1904 1280 1935 Ambr.
1308 1915 1358 1945 pr.
1382 1904 1562 1936 Exc.Pa1.
1581 1913 1650 1936 rec.
1675 1904 1757 1936 vat.

289 1945 397 1977 Livin.
411 1947 463 1975 ed.
482 1947 708 1977 Parim—100
731 1946 898 1985 migrantis
914 1947 1007 1978 Med.
1021 1957 1088 1978 sec.
1104 1948 1186 1978 Var.
1206 1948 1272 1978 LL.
1292 1947 1344 1978 ed.
1360 1947 1464 1978 Antv.
1479 1952 1514 1977 et
1530 1948 1578 1977 ita
1594 1946 1756 1977 Heinsius

288 1988 427 2029 legebat
450 1991 598 2029 ascripto
620 1990 694 2020 loco
716 1997 763 2020 1v.
788 1989 888 2019 Com.
919 1991 1050 2020 Honor.
1083 1992 1158 2021 483.
1192 1991 1371 2030 stagnantis
1395 1990 1480 2029 legit
1513 1990 1655 2020 Gevart.
1681 1988 1756 2021 MS.

289 2031 332 2062 ad
349 2031 436 2064 Stat.
456 2042 487 2072 p.
506 2035 579 2063 182.
604 2033 658 2063 ed.
676 2033 934 2064 Gronov.—101
958 2033 1089 2063 solvitur
1104 2035 1202 2064 omnis
1219 2034 1406 2064 Fun—102
1431 2033 1524 2070 Hoec,
1549 2031 1608 2062 tibi
1625 2031 1754 2063 Moret-

289 2082 342 2113 pr.
365 2076 565 2115 suppeditant
583 2080 651 2106 tres
680 2076 754 2106 Vat.
773 2074 869 2106 Rott.
888 2076 996 2106 Oisel.
1026 2076 1138 2107 Oxon.
1165 2085 1236 2106 sec.
1259 2076 1384 2107 Moret.
1409 2085 1460 2113 pr.
1485 2075 1662 2115 suppeditat
1686 2074 1754 2106 inc.

289 2116 413 2148 Heius.
430 2117 496 2149 duo
513 2117 633 2149 Ambr.
652 2118 737 2150 Cod.
751 2118 868 2159 Epigr.
884 2117 1002 2150 Ambr.
1028 2119 1113 2150 Exc.
1139 2119 1283 2150 Lucens.
1305 2121 1467 2158 piu—103
1490 2127 1546 2149 nec
1567 2121 1598 2149 te
1619 2116 1755 2148 moritur

950 2236 1090 2268 NOTAE

331 2323 371 2353 95
396 2321 524 2352 Semina
548 2322 750 2363 reliquiasque
765 2322 827 2362 sui]
849 2321 989 2353 Cineres
1043 2332 1146 2353 unum
1155 2332 1196 2354 ex
1208 2320 1756 2360 ostiisNilidiciturPelusiacum.

289 2376 326 2403 et
342 2372 445 2413 ligna,
459 2373 492 2402 in
515 2373 636 2413 quibus
659 2378 737 2403 sunt
756 2373 902 2415 reliquiae
915 2364 989 2404 cor-
1085 2375 1129 2404 99
1146 2371 1356 2412 Tempestate]
1368 2371 1584 2410 Nube‚fum0
1596 2370 1751 2403 odorato.

288 2422 382 2463 poris
411 2424 545 2461 mortni,
575 2428 611 2454 et
639 2424 806 2465 principia
836 2425 989 2466 corporis
1088 2425 1150 2453 100
1169 2422 1340 2461 Nigrantis
1356 2422 1443 2463 Nili]
1468 2422 1610 2462 Pinguis
1635 2421 1680 2453 ob
1701 2422 1754 2453 ni-

288 2472 428 2504 victuri.
1047 2483 1123 2514 gras
1154 2483 1266 2512 aquas.
1285 2473 1472 2513 Virgilius:
1512 2476 1520 2490 ‘
1536 2473 1581 2503 Et
1606 2471 1751 2504 viridem

331 2524 501 2565 Myrrham
518 2525 641 2566 limina]
665 2525 735 2557 Alii
751 2527 883 2567 legunt,
900 2527 993 2558 mira·
1047 2524 1231 2565 AEgyptum
1246 2523 1344 2563 nigra
1359 2522 1535 2554 foecundat
1553 2522 1683 2554 arena!

286 2577 322 2605 ta
347 2575 480 2606 relucent
495 2575 634 2616 Limina,
658 2576 691 2606 id
710 2581 775 2615 est,
801 2577 874 2617 ipse
894 2577 993 2618 ignis,
1094 2574 1246 2616 Vaporae]
1288 2574 1427 2614 Vapore
1463 2572 1611 2614 quodam
1638 2572 1753 2614 tingit,

287 2624 361 2664 ipse
386 2625 560 2656 Vulcanus
577 2626 717 2656 miratur
743 2636 794 2657 res
811 2631 938 2666 tantas,
954 2632 990 2659 et
1048 2630 1237 2657 consecrat.

284 2675 439 2717 pleniore
454 2676 530 2707 luce
553 2677 667 2707 micat.
1088 2680 1149 2710 101
1176 2677 1244 2712 Quo
1259 2674 1422 2716 solvimur]
1445 2674 1553 2715 Mors,
1567 2683 1633 2716 qua
1647 2674 1748 2706 mori-

330 2729 371 2757 97
396 2726 589 2767 Pelusiacas]
613 2726 788 2758 Pelusium
814 2730 867 2758 est
892 2727 989 2768 oppi-
1044 2737 1130 2767 mur,
1162 2726 1390 2767 dissolvimur,
1421 2724 1568 2767 obimus,
1598 2723 1662 2757 tibi
1688 2724 1750 2756 dat

289 2776 370 2809 dum
384 2777 419 2809 in
434 2781 589 2810 extrema
603 2777 747 2819 AEgypti
763 2786 833 2819 ora,
847 2777 937 2809 unde
953 2781 990 2809 et
1043 2778 1145 2810 vires.
