1852 3182
651 372 919 420 XXXVI.

436 580 573 637 CL.
612 579 1121 638 CLAUDIANI

758 722 822 752 DE

107 840 556 916 RAPTU
615 836 1481 915 PROSERPINAE

613 1037 833 1086 LIBER
871 1036 971 1084 ΙΙΙ.

618 1277 715 1309 ARG
724 1277 978 1309 UMENTUM.

110 1363 176 1394 Du
193 1364 393 1404 Jovisjussu
408 1363 451 1394 ab
469 1363 562 1394 Iride
576 1364 750 1395 convocati
765 1363 895 1394 sedent.
935 1362 1021 1392 Tum
1036 1359 1175 1400 Jupiter
1190 1357 1237 1388 ait
1255 1364 1290 1386 se
1305 1353 1417 1385 saeculi
1436 1351 1529 1383 aurei

70 1415 207 1455 pigritia
221 1414 400 1454 offensum,
415 1415 529 1454 fruges
545 1416 693 1447 inat-atas
711 1421 745 1447 et
762 1416 862 1446 mella
879 1414 1057 1451 ademisse,
1076 1411 1118 1442 ad
1133 1408 1347 1442 excitandam
1361 1406 1528 1436 hominum

65 1467 285 1498 industriam:
313 1468 389 1496 hinc
404 1468 554 1496 homines
569 1466 692 1503 glande
706 1466 795 1496 vesci
816 1477 823 1501 ς
848 1467 924 1496 hinc
939 1470 1091 1494 naturam
1103 1463 1198 1502 queri
1214 1472 1222 1497 ;
1240 1461 1380 1499 ideoque
1398 1460 1531 1488 Proser-

70 1521 184 1561 pinam
209 1520 269 1550 dat
292 1518 506 1559 rapiendam,
532 1528 605 1548 eam
630 1522 666 1547 ut
691 1526 847 1557 quaerens
875 1516 977 1546 Ceres
1006 1515 1065 1544 det
1092 1514 1230 1550 frugem
1264 1517 1356 1540 vetat
1384 1522 1424 1540 ui:
1455 1509 1528 1549 quis

72 1578 246 1613 raptorem
273 1571 409 1612 prodat.
456 1570 599 1601 Interim
619 1571 723 1601 Ceres
752 1569 784 1599 in
802 1568 865 1598 Ida
889 1571 1038 1597 terretur
1055 1564 1228 1605 prodigiis,
1246 1562 1393 1600 somniis,
1415 1562 1530 1601 specie

72 1626 177 1666 ipsius
197 1624 415 1664 Proserpinae
428 1622 541 1654 flentis
561 1634 569 1660 ς
595 1632 672 1653 mox
699 1623 791 1652 volat
813 1622 845 1650 in
870 1620 1041 1650 Siciliam:
1067 1618 1120 1647 liic
1137 1616 1248 1647 onmia
1263 1614 1420 1645 confusa:
1447 1613 1534 1653 petit

74 1679 115 1710 ab
133 1679 274 1710 Electra
290 1678 424 1708 nutrice
444 1676 534 1706 unde
553 1675 740 1706 calamitas.
785 1673 937 1704 Tandem
966 1672 1105 1702 Electra
1129 1680 1197 1700 rem
1222 1668 1347 1709 prodit,
1374 1673 1408 1697 et
1424 1666 1535 1696 Vene-

76 1742 158 1771 rem,
183 1731 339 1770 Dianam,
355 1730 534 1760 Palladem
552 1734 713 1760 accusat:
740 1728 891 1767 explicat
921 1726 1014 1756 dolos
1035 1724 1178 1755 Veneris
1201 1721 1382 1753 allicientis
1398 1720 1535 1750 Proser-

76 1786 189 1826 pinam
207 1785 240 1815 in
258 1785 382 1824 sylvas,
399 1784 455 1814 ubi
473 1789 548 1814 orta
566 1788 666 1814 nocte
679 1782 790 1813 subita
803 1786 899 1821 rapta
913 1779 1036 1818 fuerat,
1050 1778 1176 1809 ancillis
1190 1775 1407 1815 fugientibus.
1433 1773 1534 1803 Ceres

74 1838 248 1870 invehitur
263 1838 297 1868 in
316 1842 386 1868 tres
404 1838 508 1869 Deas.
540 1837 637 1867 Petit
655 1842 689 1866 ut
705 1835 824 1866 saltem
842 1834 944 1864 liceat
960 1842 1058 1863 nosse
1077 1841 1169 1862 suain
1184 1829 1421 1861 calamitatem.
1450 1825 1538 1855 Orat
1567 1843 1570 1846 «

77 1894 243 1925 Latonam
263 1896 299 1922 ut
317 1891 379 1921 sibi
397 1890 723 1930 indicem-amorem,
751 1888 809 1918 sed
836 1886 971 1917 frustra.
1017 1886 1107 1924 Ergo
1127 1883 1247 1914 statuit
1266 1890 1416 1922 quarreie
1433 1879 1536 1909 tiliam

79 1955 141 1986 per
157 1955 272 1976 omnes
289 1945 405 1975 mundi
423 1951 550 1984 partes.
595 1943 699 1983 Sylva
723 1941 764 1971 ad
778 1939 917 1971 fluvium
941 1939 1027 1970 Acin
1041 1936 1260 1973 describitur,
1277 1933 1318 1964 ab
1336 1933 1434 1963 arinis
1451 1941 1537 1972 prae-

78 1999 198 2040 liisque
215 1999 326 2036 Jovis,
351 2009 370 2029 a
395 1998 510 2039 spoliis
531 1997 718 2038 gigantum,
746 1995 810 2026 loci
829 1994 1004 2034 religione,
1029 2002 1103 2033 quae
1122 2000 1185 2021 non
1203 1987 1344 2028 impedit
1362 1986 1539 2026 quominus

80 2053 186 2084 Ceres
202 2058 339 2083 evertat
355 2061 537 2092 cupressus
555 2056 589 2082 et
611 2051 729 2081 cedros
747 2049 790 2079 ad
805 2049 911 2080 taedas
924 2046 1097 2078 faciendas
1111 2055 1117 2074 ε
1132 2044 1190 2074 lias
1203 2041 1356 2072 accendit
1372 2040 1402 2069 in
1417 2040 1538 2069 ⁴litua:

80 2106 158 2137 hinc
176 2106 395 2147 progreditur
410 2104 508 2144 flens,
523 2114 736 2146 conquerens
755 2113 791 2134 se
808 2108 951 2141 sontem,
968 2111 1002 2131 se
1020 2099 1173 2141 punitam
1194 2096 1322 2132 dicens,
1344 2093 1540 2133 (impetam,

82 2163 144 2191 otc.
190 2160 278 2191 Nam
296 2157 394 2189 deest
410 2156 497 2188 finis.

84 2295 125 2353 J
133 2323 316 2354 UPITER
337 2312 501 2351 interea
522 2308 716 2349 cinctam
739 2302 1064 2347 Thaumantida
1081 2300 1239 2341 nimbis

127 2412 262 2445 Interim
291 2411 418 2452 Jupiter
444 2410 573 2450 imperat
605 2408 721 2439 Iridcm
747 2407 969 2437 circumdatam
996 2401 1124 2433 nubibus
1148 2399 1341 2437 descendere,
1369 2400 1397 2427 ct
1421 2404 1542 2426 evocare

131 2546 172 2577 In
186 2546 266 2576 Vat.
283 2554 335 2585 pr.
353 2553 419 2574 sec.
448 2547 483 2573 et
509 2541 616 2583 quint.
641 2540 720 2573 Jnn.
744 2549 793 2579 pr.
819 2542 854 2568 et
876 2546 944 2568 sec.
972 2535 1100 2566 duobus
1122 2534 1217 2564 Voss.
1246 2531 1356 2561 Oxou.
1383 2538 1432 2569 pr.
1461 2524 1542 2557 Cod.

750 2606 889 2644 NOTAE

133 2698 150 2726 1
176 2694 316 2729 Interea]
339 2695 432 2724 Dum
456 2693 529 2722 haec
546 2696 693 2731 aguntur
712 2699 791 2721 con·
893 2681 1134 2721 Thaumantida]
1159 2681 1238 2715 lrin,
1264 2688 1337 2718 qum
1361 2676 1545 2704 'slimiman-

95 2745 194 2786 vivia,
211 2745 289 2776 dum
307 2749 426 2776 cantus
443 2747 614 2783 resonant,
629 2743 694 2773 &m
847 2738 888 2769 tis
905 2741 940 2768 et
956 2735 1102 2767 Electrae
1131 2731 1210 2770 filia,
1233 2728 1292 2759 ἀπὸ
1317 2726 1370 2757 τοῦ
1393 2722 1544 2761 θαύματος
