1852 3182
2 2312 3 2315 ’
47 2317 155 2344 morte
172 2312 286 2353 periit.

515 258 577 288 DE
612 258 676 287 lv.

61 365 176 388 omnes
184 354 424 387 dissensionum
438 356 546 382 motus
556 350 764 391 perflabiles,

62 411 162 437 vocat
179 406 279 445 idem,
296 405 351 434 lib.
371 411 455 432 xxx.
481 402 596 431 Barth.

106 456 220 486 Rabies
234 451 410 490 Maur-usia]
434 451 534 481 Firmi
546 451 692 489 scilicet,
704 452 760 492 qui

60 505 168 536 frater
185 504 352 538 Gildonis,
377 502 406 532 ei
423 501 464 531 ad
482 501 697 540 tyrannidem
709 502 760 540 ja-

60 565 160 586 nuam
178 563 294 594 parum
310 552 458 583 feliciter
475 552 623 591 aperuit.

102 610 144 638 40
169 605 298 644 Bocchi]
315 605 367 634 Ab
380 605 442 634 hoc
456 605 552 642 Rege
566 603 622 633 diu
637 612 758 633 nomen

57 656 175 687 habuit
196 656 361 695 Regnum,
389 663 453 685 non
482 654 616 684 minima
635 652 757 684 Africae

57 715 144 745 pars.
168 705 284 735 Barth.

97 756 140 785 42
162 753 308 784 Subdiclit
335 755 492 784 Oceanum
514 752 659 793 sceptris]
691 753 757 783 Pa-

57 813 128 835 cem
146 803 444 843 aTheodosiojam
461 803 622 842 Principe
637 802 758 832 Persas

57 863 116 894 pro
133 863 168 885 re
185 863 308 894 magna
333 854 472 894 petiisse
498 852 678 884 concordia
703 856 756 882 cst

54 906 267 946 scriptorum.
292 906 389 936 Idem.

96 958 137 986 215
164 956 305 991 Quaesita
328 955 469 996 tropoeis]
502 955 640 985 Virtute
667 954 755 984 enim

52 1006 194 1038 militari
220 1012 255 1037 et
281 1007 511 1037 Victoriarum
536 1005 668 1035 nominc
692 1005 757 1034 Im-

52 1058 184 1097 perium
202 1057 344 1097 adeptus
361 1063 412 1087 est
427 1056 646 1087 Theodosius.
676 1056 755 1085 For-

52 1109 235 1138 titudinem
252 1108 370 1138 laudat
386 1106 594 1144 Ammianus,
612 1106 631 1135 Ι.
647 1113 754 1135 xxix.

52 1160 61 1175 ‘
82 1157 262 1197 Expeditae
289 1157 427 1188 virtutis
452 1156 584 1186 Ducem
610 1154 755 1186 vocans!

53 1207 179 1238 Parum
197 1211 309 1237 autem
327 1211 427 1237 caute
441 1206 474 1235 in
486 1204 675 1235 Theodosio
690 1205 755 1235 Pa-

51 1262 103 1288 tre
119 1257 190 1288 haec
208 1255 410 1287 Claudianus
427 1254 654 1293 commendat,
677 1264 753 1295 quae

51 1308 111 1340 filii
129 1308 273 1340 Honorii
292 1309 391 1339 rebus
410 1306 575 1346 officiunt,
599 1308 680 1338 solis
697 1317 754 1338 na-

51 1359 176 1390 talibus
205 1358 246 1389 ad
269 1359 454 1398 Imperium
482 1362 615 1397 evecto,
641 1357 754 1398 obque

50 1418 124 1440 eam
144 1419 215 1440 rem
231 1410 355 1450 saepius
372 1409 451 1439 alibi
470 1408 616 1439 laudato.
657 1408 753 1440 Idem.

93 1462 135 1490 46
160 1460 231 1490 Non
244 1458 411 1489 ambitione
421 1457 553 1499 potitus]
578 1458 658 1496 Alii,
672 1458 755 1498 poti-

49 1512 119 1539 tur.-
143 1509 232 1549 quod
259 1517 436 1549 perperam
464 1512 600 1538 secutus
618 1508 754 1548 Raphe-

49 1560 203 1600 lengius:
227 1560 316 1590 male
344 1559 446 1590 etiam
471 1559 544 1590 haec
572 1559 754 1599 distingue-

49 1609 185 1642 bantur.
208 1610 252 1641 D.
268 1610 380 1641 Heius.

93 1660 166 1690 Non
190 1659 373 1699 ambitione]
409 1659 508 1690 Hanc
538 1658 754 1699 perniciosio-

48 1719 119 1742 rem
132 1711 231 1751 Reip.
255 1710 401 1741 avaritia
419 1714 538 1741 censet
550 1710 752 1741 Plutarchus

49 1761 83 1792 in
101 1761 292 1802 Praeceptis
310 1759 480 1797 Ponticis,
506 1759 633 1799 quippe
651 1759 753 1790 auda-

50 1811 190 1851 ciorem,
212 1820 287 1842 cum
315 1809 453 1842 acribus
480 1809 625 1849 ingeniis
652 1809 754 1840 insita

48 1862 102 1893 sit.
127 1862 242 1893 Barth.

90 1911 286 1952 Ambitione]
308 1909 517 1942 Theodosius
534 1909 624 1940 enim
640 1908 752 1950 Impe-

48 1965 143 1993 rator
169 1961 303 1992 comitis
327 1960 431 2000 filius,
455 1965 555 2000 patre
583 1959 752 1999 adempto,

49 2020 186 2053 sumque
199 2011 304 2051 ipsius
316 2011 416 2041 saluti
430 2009 622 2047 consulem,
633 2008 665 2039 in
676 2009 752 2039 His-

49 2062 184 2102 paniam
202 2070 238 2091 se
254 2061 392 2100 recipit,
416 2060 473 2090 ubi
490 2059 612 2098 ἄμαχος
627 2059 669 2089 ad
686 2059 753 2100 pri-

49 2113 119 2143 vati
136 2111 270 2143 modurn
286 2121 320 2142 se
335 2110 472 2150 redigit.
495 2110 562 2140 Sed
583 2110 658 2140 Deo
675 2110 752 2140 dan-

0 2170 1 2202 ]
47 2167 97 2200 te,
111 2162 317 2193 Theodosius
335 2160 472 2192 tandem
487 2170 506 2189 a
519 2159 686 2190 Gratiano
700 2169 752 2191 ac-

48 2211 136 2243 citus
153 2216 226 2250 est3
251 2216 430 2252 postquam
447 2211 585 2247 Valens,
602 2211 630 2241 ei
646 2209 753 2241 infen-

0 2264 3 2304 ᾗ
49 2271 117 2302 sus,
143 2271 209 2293 non
236 2261 394 2303 equidem
426 2260 510 2299 fato,
542 2261 601 2291 sed
630 2262 753 2293 merita

330 2312 490 2343 Portavit
505 2312 626 2351 jugum
650 2321 752 2352 grave

2 2361 5 2386 '-
47 2362 253 2394 Theodosius
271 2363 498 2402 ajuventute,
513 2362 646 2404 quando
660 2363 689 2393 ei
704 2363 752 2393 in-

4 2428 5 2441 ÷
49 2412 273 2452 aidiabantur,
301 2413 358 2454 qui
383 2417 514 2454 patrem
541 2413 612 2453 ejus
638 2413 751 2443 trium-

4 2471 7 2503 ζ
49 2464 223 2506 phaturem
237 2464 446 2496 occiderant.
474 2465 594 2494 ctae-er.

90 2517 131 2546 4⁷
154 2515 265 2554 Digna
279 2514 341 2554 legi
355 2514 468 2555 virtus]
491 2514 548 2544 Ob
566 2513 670 2543 solam
688 2513 751 2544 vir-

49 2568 156 2596 tutem
169 2564 359 2595 adsumtum
374 2566 508 2594 Summo
522 2563 671 2604 Imperio
685 2567 751 2593 tra-

0 2619 7 2646 l
48 2613 101 2645 dit
130 2623 149 2644 a
179 2614 346 2646 Gratiano
375 2613 614 2652 '1¹lieodosium,
652 2623 749 2644 acce-

0 2672 9 2705 ;=
49 2664 154 2695 dente
169 2665 335 2704 Eligentis
351 2664 565 2696 necessitate.
590 2664 706 2695 Barth.

8 2754 9 2758 Ἰ
92 2714 203 2753 Digna
216 2714 278 2752 legi
293 2713 405 2753 virtus]
435 2715 513 2746 Non
531 2714 650 2745 dubito
667 2714 750 2755 quin

50 2761 233 2801 Ausonias,
256 2763 308 2793 vir
323 2764 448 2803 probus
463 2769 497 2795 et
514 2764 668 2803 illustris,
692 2764 749 2805 qui

0 2834 3 2842 .
51 2818 132 2845 tuuc
148 2812 311 2853 temporis
327 2813 443 2844 consul
468 2818 544 2845 erat
570 2824 646 2846 cum
664 2814 750 2854 Oly-

709 257 847 287 CONS.
880 259 1065 288 HONOR.

1402 253 1514 294 1325

814 353 900 391 brio,
912 352 1057 383 suaserit
1071 353 1238 394 discipulo
1250 363 1322 393 suo,
1335 359 1371 384 ut
1384 359 1511 390 tautum

814 404 920 434 virum
937 404 999 434 sibi
1027 405 1252 441 adsciscerem
1277 414 1380 444 quaro
1406 407 1514 437 'I'lwo-

813 453 924 484 dosius
941 454 1063 494 ipsum,
1086 455 1118 484 ni
1136 454 1245 493 fallor,
1262 460 1439 494 parentem
1458 467 1513 487 vo-

811 504 914 542 cavit,
929 504 1071 545 ejusque
1087 505 1215 544 scripta
1231 514 1304 534 cum
1331 503 1455 535 afli-ctu
1480 511 1513 536 et

811 554 1033 585 admiratione
1051 556 1207 594 perlegit.
1233 556 1354 585 (Vm-rr.

858 604 951 634 Ultro
982 615 1013 634 sit
1041 615 1182 644 purpura
1212 606 1340 645 supplet·
1375 605 1513 646 Obtulit]

811 654 1292 693 Magnalm‘ccommendatio.
1313 657 1513 687 l'acatusdc

809 704 929 734 eodem
947 705 1152 735 Theodosio:
1176 707 1184 721 ‘
1205 705 1367 735 Oblatum
1391 711 1512 745 sponte

811 754 994 794 Imperium
1013 755 1218 795 deprecatus
1234 755 1287 785 es?

852 804 999 844 Purpura
1016 807 1142 845 supplex
1156 805 1294 845 Obtulit]
1319 806 1362 836 Hi
1378 805 1511 836 demum

809 860 983 885 merentur
1010 865 1165 894 regnare,
1190 856 1247 896 qui
1276 865 1416 892 regnum
1445 865 1512 886 non

808 904 1022 936 ambiverunt
1049 915 1208 946 unquam,
1234 912 1268 936 et
1294 911 1512 938 contemnere

809 959 994 993 potuerunt
1010 954 1111 985 etiam
1129 955 1290 985 oblatum.
1318 956 1430 985 Barth.

850 1006 891 1034 48
917 1005 1037 1034 Meruit
1062 1014 1193 1043 regnare
1220 1005 1361 1044 rogatus]
1387 1005 1511 1036 Veram

808 1061 878 1082 rem
896 1051 1028 1083 faciunt
1051 1054 1115 1084 ista
1142 1054 1279 1085 Pacati:
1305 1057 1312 1071 ‘
1333 1055 1420 1085 lllud
1440 1065 1510 1094 prae

807 1103 939 1133 caeteris
955 1104 1089 1140 mirum,
1103 1113 1179 1133 cum
1197 1104 1308 1133 onmia
1325 1102 1456 1133 faceres
1474 1109 1512 1135 ut

808 1151 976 1191 imperare
1004 1152 1161 1191 deberes,
1189 1152 1269 1182 nihil
1294 1151 1444 1182 faciebas
1473 1158 1510 1184 ut

807 1203 998 1243 imperares.
1044 1202 1254 1243 Argumento
1279 1208 1331 1234 est
1353 1203 1424 1234 dics
1441 1203 1510 1243 ille,

807 1253 991 1284 communis
1008 1253 1094 1284 Boni
1119 1258 1252 1291 auctor,
1277 1258 1409 1294 quotu,
1435 1264 1510 1285 cum

805 1303 847 1334 ad
866 1303 1116 1344 suscipiendam
1136 1304 1395 1343 Rompublicam
1414 1314 1512 1335 vocu-

805 1354 908 1393 baris,
934 1355 1085 1385 oblatum
1103 1355 1286 1395 Imperium
1303 1355 1510 1396 deprecatus

806 1403 867 1443 es,'
881 1407 945 1435 ἃς.
970 1405 1066 1436 Idem.

848 1457 889 1485 49
915 1456 997 1486 Nam
1013 1466 1082 1486 cum
1100 1456 1270 1487 Barbaries
1291 1457 1415 1497 penitus
1429 1467 1508 1488 com-

806 1505 903 1545 mota]
928 1506 1153 1537 Consentiunt
1172 1507 1202 1536 in
1221 1507 1283 1537 lioc
1301 1516 1414 1536 onmes
1431 1507 1509 1537 His-

806 1557 905 1587 torici
935 1562 970 1587 et
1001 1557 1218 1594 Clirouoloei‚
1260 1561 1297 1586 ut
1336 1556 1507 1587 Barbaros

804 1607 934 1638 amoliri
973 1611 1098 1647 posset,
1138 1607 1305 1637 adscitum
1340 1606 1507 1638 Gratiano

803 1657 1042 1688 Theodosium.
1066 1658 1162 1687 Idem.

847 1707 1033 1747 Barbaries]
1066 1707 1182 1738 Habes
1209 1707 1326 1736 luorum
1352 1706 1509 1736 barbaro-

804 1766 876 1787 rum
891 1756 1026 1787 nomina
1039 1756 1129 1796 apud
1145 1755 1319 1786 Sidonium
1334 1755 1366 1784 in
1380 1754 1509 1794 Paneg.

804 1806 1002 1847 Majoriani,
1030 1806 1088 1837 sed
1115 1815 1234 1836 vereor
1262 1813 1305 1835 ne
1332 1809 1507 1846 corrupta.

803 1857 926 1888 Delrz'o.

847 1911 888 1938 50
913 1906 1096 1947 Rhodopen]
1119 1906 1160 1937 In
1172 1905 1314 1937 Thracia
1331 1905 1410 1936 caesi
1423 1905 1508 1936 Bar-

804 1956 891 1995 bari,
918 1957 1062 1997 primum
1079 1956 1210 1986 facinus
1238 1954 1406 1995 Hispania
1429 1964 1507 1986 evo-

803 2008 872 2038 cati
888 2007 1102 2047 Imperioque
1119 2005 1248 2039 admoti
1265 2004 1454 2035 Theodosii.

848 2059 956 2089 Mixto
980 2056 1118 2096 turbine]
1157 2056 1234 2087 Non
1257 2055 1347 2085 enim
1373 2058 1506 2085 tantum

804 2118 870 2139 una
896 2107 974 2147 fuit,
1003 2107 1064 2138 sed
1090 2106 1250 2138 colluvies
1277 2105 1444 2135 victarum
1470 2109 1508 2136 et

804 2159 1023 2190 vincentium.
1047 2157 1164 2188 Barth.

847 2209 955 2239 Mixto
981 2207 1103 2239 turbine
1125 2205 1245 2245 gentis]
1278 2205 1333 2236 Sic
1360 2206 1506 2236 Lucens.

804 2263 839 2290 et
866 2258 1023 2289 undecim
1051 2257 1129 2288 alii:
1164 2255 1332 2297 quomodo
1359 2255 1509 2286 scriben-

803 2310 882 2340 dum
914 2318 1033 2340 sensus
1062 2308 1223 2349 postulat.
1255 2306 1355 2346 vulgo
1383 2309 1506 2345 gentes.

805 2361 852 2391 D.
873 2360 991 2390 Heius.

845 2412 884 2440 51
908 2409 1036 2449 Arctos]
1070 2409 1177 2449 Plaga
1201 2407 1415 2448 populusque
1437 2416 1506 2438 om-

802 2461 852 2492 nis
865 2460 1159 2501 Septentrionalis.
1184 2458 1298 2489 Barth.

845 2515 887 2542 52
916 2511 1094 2551 Vomerent]
1120 2509 1246 2547 Insigni
1264 2507 1507 2548 inconditaque

801 2563 911 2603 copia.
955 2562 1072 2592 Maro:
1095 2562 1104 2578 ⁴
1120 2561 1222 2591 Mane
1236 2559 1441 2589 salutantum
1456 2563 1506 2588 to·

801 2614 844 2643 tis
859 2612 965 2644 vomit
981 2611 1111 2643 aedibus
1127 2609 1273 2641 undam.'
1298 2609 1395 2639 Idem.

842 2665 883 2693 53
909 2663 987 2693 Cum
1001 2659 1257 2699 Geticisingens]
1282 2660 1372 2689 Puto
1388 2658 1504 2696 lugens,

801 2713 954 2754 quamvis
980 2713 1058 2743 libri
1085 2721 1150 2742 nou
1168 2711 1314 2751 juvent:
1347 2708 1395 2738 sic
1421 2709 1429 2724 ‘
1448 2716 1503 2746 ge-

800 2767 950 2794 mentem
988 2760 1185 2800 Rhodopen’
1222 2763 1302 2791 ante
1345 2756 1501 2787 dixerat:

801 2814 809 2830 ‘
827 2813 918 2844 mille
934 2810 1103 2853 gementis
1120 2810 1230 2841 Italia:
1248 2807 1386 2846 clades,·
1402 2806 1501 2838 Bello
