1852 3182
508 203 558 234 lN
594 204 829 235 RUFINUM
863 206 958 237 LIB.
992 207 1024 238 1.

46 297 158 328 truci.’

91 347 265 388 Fraxinus]
302 347 485 379 Hastarum
516 357 613 379 omne
637 358 741 388 genus

45 397 144 428 unius
170 407 283 429 earum
311 406 368 427 usu
394 397 593 428 excellentis
615 398 742 429 arboris

47 448 171 489 posuit.
214 446 390 488 PapiniuS,
435 447 496 477 lib.
526 456 602 478 vn:
635 449 742 479 ‘belli

46 503 170 540 potura
181 505 314 528 cruores
327 495 516 527 Fraxinus!
541 499 656 530 Barth.

88 551 151 580 219
175 547 246 578 Non
261 550 368 577 ventus
388 550 526 587 quateret
546 549 676 590 puppes]
699 549 743 581 Α-

45 599 166 630 varitia
202 597 411 637 excogitavit
458 599 567 630 maria
604 601 743 641 navigiis

44 648 244 688 transgredi,
259 653 459 680 mereaturae
477 651 595 689 gratim
610 661 618 688 3
643 660 742 692 quam

43 697 133 729 inter
155 707 290 729 caussas
315 698 463 730 turhatae
486 699 564 730 vitae
587 700 742 732 humanae

43 747 214 789 ponebant
227 750 279 779 vel
293 750 472 780 maximam
485 755 628 782 veteres.
647 752 742 783 Idem.

85 800 149 829 220
174 799 337 830 Crescebat
353 801 503 831 scelerata
527 801 611 841 sitis]
638 801 743 832 Paca-

42 850 98 879 tus
113 848 154 878 de
167 848 284 879 eadem
299 850 509 889 cupiditate:
536 852 544 866 ‘
559 852 746 891 8110510101-

43 898 117 930 haec
147 900 239 930 nulla
266 900 435 940 praedonis
469 902 650 941 explendi:
682 913 744 934 uec

45 948 147 986 enim,
164 952 201 979 ut
218 954 339 980 natura
352 948 427 987 fert,
443 952 577 991 copiam
604 953 744 983 satietas

45 998 274 1039 sequebatur:
299 1000 474 1031 crescebat
498 1002 606 1032 indies
623 1002 746 1033 haben-

44 1050 78 1081 di
95 1049 214 1088 fames,
232 1056 266 1082 et
284 1052 422 1090 parandi
444 1053 571 1083 rabiem
591 1058 688 1093 parta
705 1055 745 1084 ir-

43 1100 215 1131 ritabant.’
263 1101 329 1132 Qui
356 1100 444 1130 idem
472 1111 548 1132 mox
572 1103 744 1143 Charybdi

45 1156 234 1192 comparat,
263 1156 300 1182 ut
324 1158 442 1183 noster
468 1163 568 1194 supra
607 1155 745 1195 Pelasgo.

43 1200 155 1232 AEtnae
170 1201 350 1232 Boethius:
369 1203 377 1219 ‘
391 1203 458 1233 Sed
473 1205 595 1235 saevior
612 1206 745 1245 ignibus

44 1249 153 1281 AEtnae
171 1251 319 1282 Fervens
342 1251 448 1283 Amor
464 1253 562 1284 ardet
579 1254 748 1285 habendi?

44 1299 230 1331 Scelerutam
246 1302 333 1332 silim
355 1302 492 1342 impiam
515 1309 548 1334 et
565 1304 746 1335 abhorren-

46 1355 114 1381 tem
132 1360 151 1381 a
167 1351 334 1382 communi
350 1352 421 1383 vita
438 1357 548 1383 vocat.
573 1354 671 1385 Idem.

87 1403 148 1432 221
175 1402 322 1442 Petendi]
355 1401 384 1433 A
407 1403 569 1444 Principe
593 1404 747 1435 nimirum

47 1450 206 1483 Arcadio.
231 1452 326 1483 Idem.

88 1505 152 1534 222
178 1502 340 1542 Periuria]
369 1503 552 1534 Hominem
574 1504 749 1544 Reipubli-

47 1561 96 1583 cae
115 1552 147 1583 in
165 1557 263 1592 parte
281 1553 345 1583 sibi
363 1554 540 1584 commissa
565 1554 749 1594 praesiden-

45 1607 116 1633 tem
134 1603 277 1633 maxime
291 1603 354 1634 11οο
367 1613 471 1643 genus
485 1603 638 1635 dedecet.
652 1604 749 1636 Idem.

89 1653 238 1692 PerJuria
265 1654 359 1684 nectit
389 1653 580 1693 Blanditiis]
618 1654 674 1685 Ita
691 1654 748 1685 Al-

47 1702 118 1741 dus,
135 1708 170 1734 et
186 1712 301 1735 omnes
319 1703 450 1744 scripti,
467 1713 531 1734 uno
548 1705 676 1736 Moreti
693 1714 748 1736 ex·

47 1758 160 1795 cepto,
177 1754 210 1784 in
239 1764 305 1795 quo
321 1755 435 1785 nutrit.
483 1754 605 1796 Vulgo,
632 1756 748 1787 miscet.

47 1804 105 1836 Sic
129 1804 221 1846 apud
246 1805 407 1843 Statium,
434 1805 542 1836 Theb.
566 1814 617 1836 xz:
641 1806 650 1822 ‘
668 1806 748 1846 quid

47 1854 148 1894 longa
169 1855 264 1886 malis
285 1855 428 1886 exordia
443 1856 569 1887 necto!
588 1857 661 1888 Lib.
678 1866 748 1889 lx.:

46 1904 56 1920 ‘
74 1904 188 1936 Graiis
216 1904 430 1946 Sidoniisque
466 1906 562 1936 simul
588 1907 752 1938 nectebat

48 1953 169 1986 funera
193 1955 357 1986 Mavors.'
396 1955 469 1987 Lib.
496 1965 577 1987 vul.
597 1967 604 1987 :
629 1957 638 1974 ‘
659 1958 753 1988 Talia

50 2005 251 2043 nectebant,
270 2005 383 2037 subito
401 2016 477 2037 cum
493 2006 590 2046 pigra
608 2008 753 2038 tumultu

51 2054 203 2094 Expavit
219 2053 337 2085 domus
351 2054 371 2084 τ’
389 2055 434 2085 ita
451 2057 607 2087 meliores
622 2057 754 2097 scripti,

50 2105 295 2143 nonjuctabant.
326 2105 536 2138 Achilleidos
552 2117 576 2138 1.
591 2118 640 2140 vs.
656 2112 729 2140 185.
744 2120 752 2139 ε

50 2157 60 2173 ‘
77 2156 165 2187 Tum
182 2156 288 2187 libare
305 2157 412 2196 dapes
434 2158 660 2198 Baccheaque
685 2168 755 2189 mu-

50 2216 135 2238 nera
165 2207 289 2239 Chiron
318 2208 419 2247 Orat,
436 2214 469 2239 et
487 2210 645 2240 attonitae
662 2211 756 2240 varia

52 2257 283 2289 oblectamina
310 2262 464 2298 nectens,
483 2259 585 2290 Elicit
599 2264 754 2291 extremo

53 2305 177 2347 chelyn
191 2306 212 2337 :’
234 2307 282 2338 ita
299 2307 517 2347 castigatam,
544 2308 632 2348 quod
651 2309 684 2339 iu
702 2319 756 2339 ve-

52 2355 119 2388 teri
145 2356 264 2387 codice
292 2356 604 2396 deprehendissem,
639 2358 755 2388 attoni-

53 2407 119 2436 tam
132 2405 221 2436 varia
232 2406 433 2437 oblectamina
449 2410 582 2444 nectens,
598 2417 673 2438 cum
688 2408 755 2439 vidi

53 2463 107 2485 me
135 2460 346 2496 praeventum
372 2462 470 2497 gustu
489 2457 644 2488 Statiano
670 2458 757 2490 Gro-

53 2505 142 2536 11ονἰί
172 2507 288 2537 nostri.
332 2507 457 2547 Vulgo,
478 2508 645 2539 attonitam
669 2509 756 2539 varin

55 2555 253 2587 oblectamine
278 2557 431 2588 mulcens:
463 2558 551 2598 quod
580 2557 662 2589 ferri
691 2569 757 2590 non

57 2607 184 2642 potest,
197 2615 270 2636 cum
285 2610 410 2646 pectora
422 2608 553 2639 mulcens
566 2609 666 2649 paulo
679 2615 757 2640 ante

57 2655 306 2693 praecessisset:
338 2657 387 2687 sic
415 2658 578 2689 ‘nectere
611 2658 758 2691 frandes’

59 2703 152 2743 Silio,
172 2704 180 2720 ‘
198 2711 337 2737 nectere
367 2708 473 2739 dolos'
507 2709 620 2749 Livio,
654 2711 663 2728 ‘
682 2721 760 2742 nec-

60 2759 133 2786 tere
163 2754 270 2786 nefas'
295 2757 372 2788 Val.
401 2759 546 2791 Flacco:
575 2764 610 2791 et
627 2761 760 2792 similia.

1380 206 1489 250 1251

792 299 954 339 Sequenti
974 310 1072 331 versu
1092 301 1204 334 Oxon.
1221 308 1255 334 et
1274 305 1397 345 Regius
1411 311 1492 348 peri-

791 353 970 389 turas‚nou
988 353 1150 392 perituro:
1173 356 1261 395 quod
1285 366 1349 387 11011
1378 359 1492 399 displi-

793 406 867 432 cet:
904 411 1013 443 neque
1040 403 1141 434 aliter
1172 405 1269 444 prim.
1304 406 1491 441 Vaticanus

793 461 812 481 a
841 462 939 483 manu
967 454 1126 486 secunda.
1170 456 1314 487 Versum
1343 459 1493 498 proxime

793 508 989 542 sequentem
1016 514 1080 534 11011
1113 505 1283 537 immerito
1300 514 1494 548 suspectum

792 554 894 584 habet
910 555 1082 587 Barthius.
1107 558 1149 588 D.
1168 558 1281 589 Heius.

835 606 897 634 223
926 605 1053 636 Foedere
1070 607 1212 647 ‹lca-tras]
1232 609 1368 649 Manus,
1385 615 1422 642 ut
1439 621 1495 642 no-

794 654 871 685 stris
882 656 1030 686 moribus
1042 656 1151 694 hodie,
1165 658 1211 687 sic
1227 658 1346 698 priscis
1361 670 1496 702 quoqne

792 705 928 746 seculis,
944 706 1022 737 fidei
1047 711 1081 737 et
1105 708 1261 739 amicitiae
1280 710 1494 748 sponsionem

794 755 888 788 facit.
938 758 1064 788 Foedera
1089 757 1144 789 hic
1171 758 1254 790 dicit
1278 760 1497 802 Claudianus,

794 807 1078 847 quiajnramenta
1096 808 1250 839 inanibus
1276 810 1364 841 datis
1387 812 1500 843 couci-

795 858 987 897 piebantur.
1026 859 1140 889 Barth.

838 910 898 938 224
923 907 1038 948 Semel]
1077 909 1284 950 Aliquando.
1309 912 1496 952 Virgilius:

796 958 931 989 ‘Semel
959 958 1135 990 informem
1165 966 1258 992 vasto
1286 963 1409 995 vidisse
1435 965 1497 995 sub

796 1012 893 1038 antro
935 1009 1103 1048 Scyllam!
1139 1011 1231 1041 Tanti
1268 1017 1320 1044 tot
1351 1014 1500 1055 signant.

796 1057 894 1088 Idem.

838 1109 901 1137 220
926 1108 1005 1142 Qua’
1029 1108 1073 1138 sic
1098 1110 1206 1140 Getuli
1224 1110 1346 1151 jaculo]
1386 1112 1500 1145 Getnlo

796 1156 951 1195 legebam
968 1157 1070 1188 olim:
1103 1168 1189 1189 nunc
1218 1161 1329 1200 placet
1355 1162 1500 1193 Bononi-

802 1208 889 1238 ensis
927 1208 1004 1239 libri
1043 1210 1157 1250 lectio,
1191 1213 1317 1249 gentili.
1377 1215 1502 1245 Getulis

798 1258 1147 1300 Rotteudorphiamis.
1173 1262 1333 1294 Juvenal.
1355 1264 1426 1296 Sat.
1446 1275 1501 1296 111.

799 1307 841 1339 (10
861 1308 1006 1348 Oronte,
1027 1313 1035 1326 ⁸
1050 1311 1189 1350 gentilia
1208 1318 1370 1353 tympana
1386 1324 1500 1344 50011111

801 1359 929 1389 Υολ113
978 1360 1109 1390 Seneca
1141 1361 1294 1393 Hercule
1325 1364 1402 1394 Fur.
1426 1366 1499 1396 ‘Te

798 1417 910 1439 ramus
927 1409 1010 1439 oleae
1035 1409 1155 1440 fronde
1171 1412 1289 1449 gentili
1306 1416 1402 1452 tegat
1413 1414 1499 1445 The-

799 1458 892 1490 scuz’
913 1460 1057 1499 populari
1089 1461 1233 1491 Ovidius
1264 1461 1435 1494 dixisset:
1465 1470 1502 1495 ut

800 1510 857 1540 1111.
874 1518 937 1540 vn.
954 1510 1040 1540 Met.
1067 1510 1109 1540 ‹le
1135 1511 1307 1550 Cephalo:
1335 1512 1344 1528 ‘
1359 1522 1502 1543 ramum-

799 1569 863 1600 que
880 1559 992 1590 ferens
1019 1561 1191 1600 popularis
1218 1561 1338 1592 oliva‘!
1371 1562 1503 1594 Glossae

800 1610 964 1651 Stephani
1001 1611 1101 1650 bene,
1152 1612 1303 1651 Gentilis,
1349 1613 1505 1650 ὁμοεθνὴς.

801 1661 1025 1693 Nemesianus
1062 1663 1285 1702 Cynegetico,
1324 1665 1333 1680 ‘
1356 1665 1408 1695 Sit
1439 1666 1502 1696 tibi

799 1716 970 1751 praeterea
998 1712 1144 1752 sonipes,
1175 1712 1372 1744 Maurusica
1401 1716 1502 1746 tellus

801 1761 911 1792 Quem
941 1761 1060 1800 mittit,
1090 1761 1191 1792 modo
1213 1763 1257 1793 sit
1281 1765 1400 1803 gentili
1429 1775 1504 1795 san·

802 1810 1045 1851 guiuefirmus.’
1068 1811 1279 1851 Ammianus,
1294 1813 1379 1844 libro
1393 1822 1480 1845 xvn.
1496 1826 1503 1845 τ

802 1862 810 1878 ‘
830 1860 1056 1902 Occupat-unt
1086 1862 1229 1893 latibula
1260 1863 1503 1905 Sarmatarum,

803 1921 886 1952 quos
898 1912 1097 1952 repentinus
1109 1911 1233 1943 fefellit
1243 1919 1416 1954 aspectus,
1428 1925 1507 1955 gen·

804 1961 882 1992 tiles
899 1962 1026 1992 lembos
1043 1968 1078 1993 et
1089 1962 1227 2002 remigia
1241 1965 1504 2004 conspicantes!

805 2013 814 2028 ‘
833 2012 972 2043 Gentile
987 2011 1122 2044 fretmn'
1155 2013 1286 2044 Statius
1309 2016 1508 2046 Surrentino

805 2061 928 2092 Pollii:
959 2067 993 2092 et
1024 2062 1177 2093 Hercule
1205 2063 1416 2102 Surrentino,
1438 2066 1445 2080 ‘
1463 2066 1505 2094 ri-

806 2111 933 2152 detque
958 2112 1104 2153 benigna
1134 2114 1352 2153 Parthenope
1379 2115 1506 2153 gentile

806 2161 972 2193 sacrumz’
1010 2163 1089 2203 quia
1127 2163 1232 2194 Graia
1266 2163 1507 2205 Parthenope:

804 2211 938 2250 gentiles
963 2215 1055 2243 terrae
1078 2212 1268 2243 homiuibus
1286 2218 1444 2254 respectu
1468 2225 1510 2245 ae-

806 2262 919 2300 quoris
946 2261 1188 2303 Propemptieo
1227 2263 1327 2294 Meni
1355 2264 1506 2295 Celeris:

805 2310 972 2350 ‘Smyrna
990 2311 1051 2342 tibi
1069 2312 1195 2351 gentile
1222 2313 1341 2344 solum’
1372 2313 1510 2344 Pietate

807 2360 943 2391 Etrusci
956 2371 965 2399 ;
979 2366 1083 2402 atque
1098 2362 1144 2393 ita
1160 2362 1215 2393 ille
1231 2363 1371 2394 infinitis
1388 2374 1510 2404 prope-

807 2408 941 2441 modum
960 2411 1054 2443 locis.
1100 2413 1314 2453 Calpurnius,
1342 2415 1511 2455 Eclog.11.

809 2460 818 2477 ‘
833 2470 900 2490 non
917 2461 1060 2501 gentilia
1076 2463 1184 2502 poma'
1209 2469 1321 2503 vocat,
1337 2474 1411 2504 qna·
1425 2467 1433 2481 ⁶
1454 2464 1509 2493 ad-

808 2511 1016 2553 optiva'ssnon
1034 2522 1097 2543 uno
1112 2513 1185 2544 loco
1211 2513 1368 2553 Ovidius,
1381 2515 1440 2545 hoc
1457 2518 1510 2544 est

810 2561 960 2601 insitiva,
988 2568 1081 2594 etex
1098 2563 1219 2594 arbore
1236 2564 1269 2594 in
1292 2574 1355 2605 qna
1372 2573 1512 2594 nascun-

810 2616 867 2642 tur
903 2613 1066 2653 originem
1098 2625 1162 2645 non
1196 2615 1364 2646 ducentia.
1401 2617 1409 2632 ‘
1433 2614 1510 2645 Non

811 2663 920 2693 minus
945 2670 1019 2694 arte
1048 2674 1123 2695 mea
1147 2665 1318 2696 mutabilis
1335 2664 1446 2694 induit
1461 2673 1512 2694 ar-

814 2712 875 2742 bor
901 2713 1043 2752 Ignotas
1070 2713 1209 2744 frondes
1233 2718 1267 2743 et
1291 2722 1356 2742 non
1373 2711 1513 2752 gentilia

813 2763 936 2803 poma!
982 2763 1037 2794 Ita
1053 2764 1141 2794 enim
1159 2761 1373 2794 scribendum
1397 2772 1439 2793 ex
1457 2771 1513 2793 au-
