1852 3182
412 219 462 248 IN
499 217 787 249 RU'rRm‘tUM
827 220 918 249 LIB-
952 220 1002 251 11.
1038 222 1253 254 PRAEFA'P.

102 310 251 342 Consule
269 319 385 350 poenas
402 310 535 341 dedisse
553 311 614 350 ait,
641 311 803 343 videlicet

100 365 273 402 utcunque
290 361 393 392 etiam
411 361 441 390 ei
459 361 619 401 dignitati
637 362 804 402 admotus,

98 415 212 442 tamen
229 420 296 441 non
314 411 388 451 ejus
401 417 475 442 crat
490 421 594 451 capax
611 412 804 450 ullomodo,

97 461 142 492 ob
173 462 325 501 crimina,
356 461 595 501 conditionem,
626 469 661 494 et
691 464 803 494 Eunu—

98 511 275 552 chismum,
314 512 469 543 omnibus
507 513 661 544 virilibus
685 514 803 545 officiis

97 562 342 602 ineptissimus.
380 563 501 594 Barth.

142 615 179 642 ll
207 612 385 651 Infaustam
409 614 547 653 populis]
584 614 802 645 Contamina-

95 666 150 692 rat
165 661 349 692 infaustum
379 663 571 703 prodigium
599 665 710 695 omnia
733 666 801 695 suis

95 715 256 746 ominosis
273 716 468 747 honoribus,
677 718 679 720 '

137 765 176 795 In
192 775 224 796 se
239 765 371 805 qaoque]
396 765 589 805 Contigisse
608 776 690 806 crgo
715 766 800 798 vidit

96 815 187 856 quod
213 826 316 856 supra
344 821 506 846 voverat:
532 819 539 833 ‘
562 818 706 847 Consule
738 818 800 848 lus-

94 865 207 896 trandi
224 866 348 906 fasces,
373 867 516 908 ipsoque
531 867 696 898 litandum
715 869 799 898 Pro-

95 915 215 956 digiol
238 916 356 947 Barth.

139 966 178 997 In
195 977 226 998 se
242 977 353 1007 qaoque
374 969 506 998 rerlitar
520 968 620 1008 maen]
639 968 674 998 111
687 978 719 998 se
731 979 800 999 cou-

91 1017 227 1048 rertitar
257 1018 447 1049 junianus:
487 1024 523 1048 ut
552 1019 641 1058 apud
673 1018 800 1049 Lucan.

96 1068 106 1083 ‘
117 1067 158 1097 ln
177 1077 237 1098 sua
250 1068 383 1099 victrici
396 1078 578 1099 conversus
593 1069 722 1099 viscera
735 1068 799 1099 fer-

94 1117 154 1148 r0.'
192 1117 367 1149 D.Heins.

135 1169 174 1198 13
201 1167 313 1198 Ablato
338 1168 476 1207 nomine]
511 1169 617 1198 Eraso
645 1167 800 1197 omnibus

91 1217 334 1256 monumentis,
351 1217 453 1247 etiam
478 1217 590 1247 Fastis
609 1216 801 1247 Consulari-

92 1269 166 1300 bus.
190 1268 307 1299 Barth.

134 1322 174 1350 14
207 1319 325 1359 Vomit]
349 1320 452 1350 Velut
470 1319 698 1360 periculosum
716 1319 799 1351 vita-

89 1369 177 1401 libus
193 1370 297 1409 virus,
314 1375 372 1402 aut
383 1370 594 1402 fastidiosam
614 1371 799 1411 petionem,

89 1430 270 1461 perperam
288 1421 485 1454 obductam.
527 1422 626 1452 Idem.

133 1473 174 1501 16
200 1471 396 1512 Procumbit]
413 1471 523 1503 Recte
542 1476 613 1502 tres
626 1471 700 1502 libri
718 1472 798 1502 Pro·

90 1520 248 1552 cumbunt.
274 1522 318 1553 D.
336 1522 458 1553 Heius.

136 1571 212 1602 Tota
228 1571 349 1612 cohors]
388 1573 629 1604 Eunncliorum
646 1573 798 1613 manipu-

90 1621 139 1652 los
157 1631 259 1662 supra
275 1623 386 1654 dixit:
410 1623 419 1639 ‘
433 1623 588 1663 peditum
615 1624 738 1654 vexilla
750 1634 800 1654 se-

85 1677 238 1713 quuntur
262 1674 306 1704 Et
324 1678 444 1704 turmae
460 1674 586 1705 similes
616 1675 796 1706 Eunucho—

91 1733 236 1764 rumque
255 1724 423 1764 manipli.’
447 1724 560 1755 Barth.

130 1776 169 1805 17
195 1774 269 1804 Non
297 1774 446 1804 seditione
472 1773 585 1812 coacti]
629 1774 798 1804 Deditione

87 1829 234 1866 quatuor
263 1824 408 1865 scripti:
455 1825 544 1854 alter
571 1824 701 1855 Moreti
727 1825 795 1855 sab-

84 1875 158 1906 acti.
183 1873 265 1904 ΑΜ.
285 1880 320 1904 et
338 1879 504 1914 excerpta
528 1874 719 1914 Puteanea,
745 1875 795 1905 ob-

84 1925 204 1956 sidione
226 1924 335 1955 coacti.
369 1925 460 1964 Lege
482 1924 638 1955 deditione
664 1925 796 1965 subacti,

86 1975 142 2006 vel
173 1975 277 2006 etiam
303 1975 481 2012 obsianum
503 1976 544 2006 ad
569 1976 795 2008 imitationem

87 2025 232 2065 Lucani,
262 2025 322 2056 lib.
364 2034 413 2057 1x.
451 2026 642 2056 ‘meruistis
676 2026 794 2067 judice

84 2077 189 2108 vitam
217 2077 370 2116 Caesare,
391 2086 456 2107 non
472 2078 587 2116 armis,
614 2087 680 2109 non
707 2078 797 2109 obsi—

88 2127 191 2159 dione
228 2127 390 2159 subacti.’
434 2129 517 2159 Mox
557 2129 624 2160 Nec
659 2132 791 2169 pereunt

85 2178 185 2220 prim.
222 2178 336 2210 Vatic.
375 2178 499 2220 aliique
538 2179 701 2211 nonnulli.
747 2179 792 2210 D.

86 2229 199 2261 Heius.

128 2282 169 2310 19
198 2280 328 2311 Vulnere
338 2280 470 2320 chartoe]
495 2279 794 2322 Rescripto‚quod

82 2329 183 2362 modo
198 2330 373 2362 laudatum
387 2336 512 2362 exstat.
548 2332 665 2363 Barth.

126 2384 167 2412 21
194 2381 358 2412 Foemineoe
376 2382 462 2422 arce]
486 2382 595 2424 Supra
611 2382 668 2414 lib.
686 2392 709 2414 1.
734 2382 793 2413 Se-

85 2431 186 2463 mivir
212 2431 246 2462 in
263 2442 379 2463 arcem
402 2442 517 2463 rerum
543 2433 696 2464 sublatus
713 2432 793 2464 dici-

85 2487 152 2514 tnr.
175 2486 214 2512 ut
227 2492 289 2512 arx
306 2482 457 2520 foemz'nea
488 2483 531 2514 sit
558 2484 708 2524 regimen
727 2483 792 2514 dis-

86 2531 193 2567 cincti
209 2541 243 2568 et
259 2538 405 2569 enervis.
433 2539 556 2569 Claver.

123 2586 204 2618 Arte
220 2587 387 2627 tyrannas]
412 2589 495 2618 Arce
512 2588 590 2618 libri
610 2586 792 2618 meliores:

81 2645 187 2674 νει-ες
223 2647 319 2667 arces
348 2637 436 2667 enim
467 2643 690 2677 tyrannorum
715 2647 794 2677 pro-

82 2687 170 2728 'priae
189 2698 196 2718 :
212 2687 256 2718 de
272 2687 313 2718 iis
330 2691 447 2718 noster
459 2687 541 2718 alibi
556 2699 564 2719 z
584 2689 593 2705 ‘
611 2687 793 2727 Ancipites

80 2737 228 2769 habeant
243 2747 353 2780 arces,
370 2737 568 2779 trepidique
598 2736 792 2768 minentur!

85 2789 134 2819 D.
150 2788 266 2820 Heius.

128 2840 170 2871 22
194 2838 241 2871 Et
258 2838 395 2870 thalamo
408 2837 528 2880 pulsus]
549 2838 591 2870 Ut
602 2837 698 2870 malit
709 2837 795 2868 Bar-

441 2912 456 2928 ἱ

1448 215 1557 257 1-177

859 314 969 352 tliins3
995 315 1050 355 qui
1069 324 1246 355 perperam
1279 327 1378 347 vorsu
1404 318 1556 358 proxime

857 365 1066 404 praecedcnti
1084 366 1233 403 ‚tiernium
1251 372 1328 406 arte,
1345 379 1418 407 qnae
1438 369 1557 409 depra-

858 422 1008 446 vatorum
1033 417 1189 447 codicum
1217 418 1389 458 scriptura
1407 425 1471 459 est,
1488 426 1558 450 tue-

857 470 921 496 tur.
970 468 1081 497 Arcem
1109 468 1260 508 tyrannis
1289 470 1425 508 proprie
1455 470 1559 506 assig-

855 517 928 547 nari
946 517 986 547 ad
1004 527 1052 548 ir.
1074 518 1291 548 Consulatum
1311 518 1455 549 Honorii
1469 519 1557 559 Aug.

856 576 907 597 VS.
923 570 996 598 292.
1021 569 1222 599 monuimus.
1251 570 1346 600 Idem.

900 617 943 646 Et
960 618 1093 647 thalamo
1109 618 1226 657 palsas]
1251 619 1377 650 Melius
1403 619 1494 658 legas
1524 624 1554 649 at

854 666 988 696 thalamo
1001 667 1118 705 palsas,
1131 668 1221 697 velut
1239 667 1348 698 officio
1363 678 1420 698 suo
1435 668 1558 699 cedere

848 718 977 756 jussus,
1005 721 1062 746 aut
1081 715 1218 746 divortii
1246 717 1394 749 libellum
1425 724 1557 749 nactus.

855 767 930 797 Hoc
947 767 1035 797 cuim
1056 767 1221 807 intelligit
1240 777 1302 808 per
1312 767 1494 806 fa‘mineam
1509 778 1560 798 ar-

854 820 929 847 tem.
957 817 1072 848 Bai-tii.

895 869 934 896 23
959 865 1012 896 Sic
1043 866 1168 904 juvenis
1202 869 1331 897 nutante
1350 867 1433 908 fide]
1471 867 1558 897 Flui—

852 919 938 946 tante
956 916 1119 947 Mazarin.
1134 922 1169 947 et
1181 922 1345 957 excerpta
1364 918 1555 948 Remensia.

852 967 949 996 Bello
966 966 1060 997 Gild.
1085 967 1268 998 ‘Subsedit
1284 966 1441 998 fluitante
1467 966 1556 998 fide.’

852 1017 1007 1056 Tacitus,
1022 1017 1114 1047 Hist.
1129 1026 1168 1047 11.
1191 1017 1199 1033 ‘
1215 1017 1313 1048 Unde
1328 1017 1470 1057 primum
1486 1026 1557 1047 cre-

853 1067 945 1097 ditur
993 1067 1138 1098 Caecinae
1174 1066 1257 1097 fides
1294 1066 1466 1098 fluitasse!
1512 1067 1554 1097 D.

853 1117 965 1146 Heius.

894 1169 934 1195 25
962 1165 1118 1195 Canitiem
1158 1165 1277 1205 raram]
1322 1165 1430 1205 Supra
1468 1166 1554 1196 enirn

853 1216 964 1247 dixit:
989 1218 997 1232 ‘
1012 1222 1130 1256 turpes
1144 1217 1302 1248 Exedere
1318 1222 1420 1257 caput
1432 1216 1555 1247 tineae!

854 1268 970 1298 Barth.

894 1317 1000 1356 Largo
1015 1318 1051 1347 de
1067 1317 1204 1358 pulvere]
1216 1317 1256 1348 Tb
1269 1318 1305 1348 de
1322 1317 1482 1349 abundat.
1498 1318 1554 1349 Sic

852 1368 1049 1406 Lucretius,
1076 1368 1096 1399 l.
1115 1377 1163 1399 vt.
1181 1368 1223 1398 de
1241 1368 1368 1398 Rerum
1395 1369 1552 1399 Natura:

851 1419 859 1434 ‘
879 1418 990 1450 Quem
1018 1423 1176 1458 magneta
1204 1424 1342 1457 vocant,
1368 1418 1480 1458 patrio
1511 1417 1553 1449 dc

850 1468 999 1508 nomine,
1017 1468 1137 1499 Graii)

893 1520 944 1551 De
957 1521 1081 1560 pulvere
1098 1520 1220 1561 turpat]
1236 1519 1277 1550 Τὸ
1291 1521 1327 1551 dc
1344 1518 1553 1560 superfluum

850 1571 1025 1610 eleganter
1042 1571 1120 1601 addi
1137 1571 1254 1602 multis
1280 1571 1381 1601 (locet
1399 1571 1450 1601 (ΣΙ.
1471 1571 1554 1601 Bar-

851 1621 952 1652 tltins.
998 1621 1065 1651 Sed
1097 1621 1238 1661 Gyrald.
1272 1622 1367 1662 prim.
1396 1621 1555 1651 vatican.

850 1678 885 1702 et
917 1677 1063 1712 quatuor
1089 1672 1159 1710 alii,
1174 1673 1243 1709 jam
1281 1673 1422 1711 pali-erc:
1462 1670 1551 1711 quod

850 1723 978 1762 placet.
1005 1720 1044 1751 τὸ
1058 1723 1096 1752 de
1113 1723 1145 1751 in
1171 1721 1346 1752 Oiseliauo
1366 1725 1441 1750 erat
1456 1719 1554 1750 omis-

852 1783 938 1804 sum.
970 1773 1014 1804 D.
1042 1773 1156 1803 Heius.

890 1826 931 1853 27
956 1822 1050 1861 Piae]
1086 1821 1368 1853 Christianorum.

848 1878 884 1904 et
901 1877 937 1903 tu
954 1873 1040 1904 talis.
1065 1872 1182 1902 Barth.
1218 1894 1222 1896 -

890 1926 931 1954 30
955 1922 1036 1953 Solis
1063 1923 1137 1953 utile
1166 1921 1342 1961 suppliciis]
1386 1921 1552 1961 Exemplo

850 1975 1045 2006 statuendo.
1086 1975 1182 2005 Idem.

889 2029 928 2056 31
957 2025 1133 2057 Obscoem'or
1155 2025 1220 2065 ore]
1259 2023 1307 2055 Os
1339 2027 1444 2055 totam
1462 2023 1546 2063 figu-

847 2086 918 2107 ram
949 2075 1116 2116 designat.
1171 2076 1298 2106 Tamen
1328 2079 1381 2106 est
1414 2074 1551 2106 occulta

847 2126 976 2166 ἆῤῥήτου
987 2126 1148 2158 facinoris
1159 2126 1212 2157 hic
1225 2125 1458 2166 exprobratio,
1470 2134 1550 2166 qua·

847 2179 886 2209 lis
903 2184 938 2209 et
951 2188 1064 2218 supra.
1090 2178 1187 2208 Idem.

889 2233 930 2260 32
955 2230 1009 2260 Ira
1018 2228 1109 2259 dabat
1125 2227 1274 2268 pretium]
1292 2225 1392 2257 Dabit
1404 2227 1549 2256 Lucens.

845 2273 881 2310 et
909 2279 1100 2310 octodecim
1134 2278 1201 2308 alii.
1248 2278 1353 2308 Forte
1382 2276 1438 2307 Ira
1461 2276 1551 2306 addit

842 2330 996 2370 pretium.
1021 2330 1067 2360 D.
1086 2328 1208 2360 Heins.

889 2383 928 2411 35
961 2380 1094 2411 Gemino
1124 2379 1179 2409 sab
1203 2377 1320 2417 sidere]
1357 2376 1554 2415 Sidus‚Sol.

844 2431 932 2462 Vide
949 2431 991 2462 ad
1009 2440 1058 2461 lv.
1079 2430 1179 2461 Cons.
1208 2427 1375 2464 Honorii3
1402 2426 1548 2465 Gemino,

845 2483 924 2524 quia
947 2482 1059 2513 Solem
1086 2481 1258 2512 diversum
1286 2479 1328 2510 ab
1357 2477 1548 2509 Occidente

845 2533 977 2564 faciunt
993 2533 1171 2563 Orientem
1188 2529 1319 2561 Poetae.
1342 2527 1457 2558 Barth.

886 2586 927 2615 38
954 2582 1060 2622 Caeca]
1084 2579 1296 2620 Imprudens.
1322 2576 1418 2605 Idem.

888 2630 1081 2669 39·Fallax]
1132 2627 1267 2659 Somnia
1308 2624 1544 2665 AEgyptiorum

846 2693 949 2725 snpra
967 2690 1100 2721 quoque
1117 2679 1315 2709 memorata.
1341 2675 1438 2705 Idem.

887 2737 928 2765 40
952 2728 1169 2770 Pervigilant]
1194 2727 1246 2759 Ad
1274 2725 1469 2757 merendum
1499 2724 1545 2755 af-

845 2783 972 2815 flatum.
1017 2782 1073 2812 De
1099 2779 1205 2810 Idolis
1231 2775 1426 2816 Pervigiliis
1439 2775 1540 2807 cultis

845 2833 925 2865 vide
942 2832 1061 2865 Electa
1074 2829 1169 2864 Justi
1183 2827 1304 2870 Lipsii.
1338 2826 1436 2857 Idem.

1414 1821 1552 1852 Utinam
