1852 3182
656 214 915 258 mmmmm
1403 217 1508 257 1101

57 330 327 386 Compescit,
346 326 568 378 radiisque
586 324 842 377 potentibus
866 325 1023 363 aestuat
1054 321 1179 371 axis;
1459 323 1515 362 :35

57 398 162 440 Nilo
183 399 334 438 bruma
355 393 475 434 vehit
494 392 713 432 contraria
734 397 934 443 tempora
955 388 1132 435 mundo,

60 465 256 507 Defectis
280 462 455 502 solitum
476 460 664 500 reserens
687 459 931 499 cultoribus
954 469 1122 509 aequor.

59 531 208 573 Effluit
227 529 367 581 AEgeo
388 527 672 579 stagnantior‚
694 526 833 565 acrior
861 525 949 564 alto

58 598 200 646 Ionio,
224 608 410 649 seseque
432 594 689 648 patentibus
712 593 908 645 explicat
929 591 1063 632 arvis.

59 664 266 706 Fluctuat
287 663 427 704 omnis
448 674 572 714 ager:
606 659 735 700 remis
757 670 944 699 sonuere
964 657 1163 698 novales.
1467 657 1522 695 41)

60 731 251 785 Saepius,
275 729 429 771 aestivo
445 729 598 782 jaceat
620 739 720 767 cum
741 725 849 766 forte
871 736 1048 777 sopore,

61 798 208 840 Cernit
228 810 326 839 cum
347 797 531 838 stabulis
550 797 753 836 armenta
773 792 972 833 natantia
990 794 1151 845 pastor.

232 865 259 891 ιε
580 863 606 888 *
925 859 951 884 διε
1250 857 1276 883 ÷o÷

60 987 182 1025 ardore,
197 989 227 1017 et
240 987 346 1017 coelum
355 985 460 1024 ferret
477 984 629 1016 caloribus
644 983 801 1021 violentis,
816 983 909 1013 velut
923 981 1078 1023 quandam
1090 981 1194 1021 hyems
1206 982 1347 1020 apportat
1361 979 1435 1010 Nilo
1451 981 1526 1010 tem-

58 1032 211 1070 pestatem
226 1029 415 1059 contrariam
431 1028 510 1066 orbi,
522 1029 650 1058 reddens
659 1026 806 1065 agricolis
818 1025 1034 1063 languentibus
1045 1033 1166 1063 campos
1176 1026 1320 1053 assuetos.
1335 1023 1418 1052 Tum
1430 1022 1528 1053 Nilus

61 1073 244 1113 expatiatur
260 1072 354 1102 latior
369 1072 478 1109 AEgaeo
501 1070 598 1107 mari,
621 1069 828 1099 vehementior
849 1068 937 1097 Ionio
962 1068 1043 1096 mari
1058 1066 1224 1106 profundo,
1247 1068 1276 1094 et
1291 1064 1426 1104 porrigit
1448 1064 1527 1094 sein

61 1115 150 1153 agris
165 1114 271 1144 vastis.
319 1115 454 1153 Campus
468 1113 565 1143 omnis
577 1113 733 1146 eximetur,-
760 1120 834 1140 arca
853 1113 997 1140 resonant
1013 1110 1125 1139 remis.-
1150 1111 1179 1138 εἰ
1195 1107 1308 1146 saepius
1320 1110 1439 1146 pastor,
1462 1116 1530 1136 cum

55 1157 170 1194 forsan
185 1156 307 1187 recubet
323 1165 425 1187 somno
440 1156 558 1195 aestivo,
573 1154 658 1185 videt
673 1156 813 1184 armenta
829 1162 890 1183 sua
905 1153 1050 1183 natantia
1071 1161 1138 1182 cum
1153 1149 1293 1181 stabulis.
1340 1149 1358 1165 ”⁵
1447 1148 1466 1163 *‘

680 1236 916 1248 eeeeeeeeeeee

64 1295 142 1326 Vnt.
158 1298 240 1326 tert.
276 1304 423 1335 venasque
451 1295 549 1325 calore
580 1294 659 1325 Vat.
687 1303 736 1334 pr.
769 1297 803 1323 et
831 1297 910 1324 tert.
948 1293 1078 1323 calorem
1095 1289 1161 1320 duo
1178 1287 1272 1320 Med.
1307 1287 1436 1318 colorem
1454 1285 1533 1317 Pal.

64 1347 212 1378 canosque
221 1338 335 1368 calores
351 1337 463 1368 Oxou.
481 1347 549 1368 sec.
587 1337 732 1376 varioque
759 1337 859 1367 calore
885 1334 988 1366 Hafn.
1004 1334 1123 1364 Anibr.
1140 1336 1221 1363 tert.
1256 1339 1406 1370 vanosque
1418 1329 1534 1359 calores

67 1380 149 1411 Vat.
179 1390 247 1410 sec.
279 1380 383 1410 Oisel.
408 1379 502 1410 Med.
533 1389 600 1410 sec.
633 1380 697 1409 inc.
724 1378 845 1409 Heius.
867 1378 949 1408 Put.
977 1377 1042 1407 duo
1061 1376 1183 1406 Petav.
1204 1373 1320 1404 Ambr.
1338 1382 1389 1412 pr.
1404 1372 1535 1402 Bonon.

66 1422 195 1453 Moret.
221 1432 273 1462 pr.
297 1422 382 1452 Exc.
405 1422 484 1452 Pat.
502 1431 570 1452 rec.
587 1431 631 1452 m.
655 1430 705 1460 pr.
720 1421 842 1451 Sched.
872 1420 962 1450 Gud.
978 1420 1062 1449 Var.
1084 1418 1153 1448 LL.
1170 1416 1223 1447 ed.
1244 1415 1348 1446 Antv.
1386 1422 1535 1453 venasque

67 1466 169 1496 calore
185 1465 237 1495 vel
254 1474 405 1504 vanosque
432 1465 546 1494 calores
574 1464 755 1494 Rott.—35
780 1462 938 1502 radiisque
962 1461 1042 1491 Put.
1067 1461 1189 1491 Petav.
1205 1468 1271 1488 sec.
1309 1457 1373 1487 am's
1389 1465 1450 1495 pro
1466 1456 1537 1485 axis

68 1507 113 1538 id.
130 1508 340 1538 Petam—36
364 1507 448 1537 rehit
473 1511 542 1536 vet.
572 1506 657 1545 Gyr.
695 1505 780 1535 venit
812 1510 880 1535 tres
911 1505 1007 1534 Vati.
1035 1501 1138 1533 Hafn.
1165 1501 1237 1532 Pal.
1265 1500 1359 1530 Rott.
1385 1498 1537 1528 Oiset—

69 1552 109 1581 37
135 1549 279 1587 Defectis
306 1549 431 1579 solitum
458 1547 594 1585 referens
622 1547 702 1576 Vat.
730 1557 781 1586 pr.
799 1552 834 1577 et
858 1551 938 1577 tert.
955 1547 1034 1575 Vat.
1052 1545 1159 1575 Liviu.
1194 1542 1330 1580 Defectu
1355 1541 1537 1579 solitumque

62 1592 171 1630 ferens
186 1592 269 1621 var.
289 1592 357 1622 LL.
376 1590 429 1621 ed.
448 1589 553 1620 Antv.
591 1588 735 1626 Desectis
757 1589 941 1627 solitumque
957 1587 1068 1624 ferens
1093 1587 1177 1616 Exc.
1211 1585 1356 1614 Lucens.
1384 1593 1436 1623 pr.
1453 1583 1537 1613 Var.

72 1635 141 1666 LL.
159 1643 176 1664 e
190 1644 295 1674 marg.
309 1634 425 1663 Parm.
465 1631 630 1669 Desectam
646 1631 950 1670 solitumqueferens
962 1630 1042 1659 Vat.
1060 1638 1128 1658 sec.
1144 1626 1247 1657 Hafn.
1261 1624 1357 1656 Med.
1375 1635 1440 1655 sec.
1457 1624 1539 1655 Put.

72 1677 138 1708 duo
152 1677 274 1707 Petav.
304 1676 434 1706 Bonou.
461 1674 578 1705 Ambr.
609 1678 688 1704 tert.
719 1672 848 1703 Buslid.
875 1672 1001 1702 Moret.
1023 1681 1075 1711 pr.
1097 1670 1209 1700 Oxon.
1235 1678 1301 1699 sec.
1319 1667 1402 1698 Cod.
1421 1667 1539 1706 Epigr.

73 1719 193 1751 Ambr.
211 1720 297 1750 Exn.
314 1719 393 1749 Pat.
410 1727 479 1748 ree.
497 1717 575 1748 Ald.
612 1715 777 1753 Desectam
792 1716 916 1754 solitam
931 1712 1068 1752 refereris
1086 1712 1204 1743 Ambr.
1224 1721 1276 1751 pr.
1309 1709 1450 1747 deferens
1465 1709 1540 1739 Pal.

73 1761 239 1801 Desectam
254 1761 438 1801 solitumque
445 1760 554 1797 ferens
572 1760 623 1789 vel
634 1768 735 1788 serens
748 1758 815 1789 inc.
830 1757 1036 1788 Heins.—-38
1053 1756 1148 1786 altior
1162 1764 1224 1794 pro
1237 1753 1340 1783 acrior
1353 1751 1470 1782 Ambr.
1490 1761 1541 1791 pr.

73 1807 159 1836 —39
181 1814 245 1835 sese
260 1802 462 1843 pendentibus
488 1802 595 1834 Oisel.
624 1801 720 1832 Med.
736 1810 804 1831 sec.
822 1801 901 1830 Put.
919 1800 1042 1830 Petav.
1065 1808 1131 1828 sec.
1151 1796 1280 1827 Buslid.
1299 1796 1382 1826 Exc.
1398 1795 1542 1824 Lucens.

75 1857 127 1889 pr.
139 1847 223 1878 var.
241 1847 309 1878 LL.
325 1846 379 1877 ed.
408 1844 512 1876 Antv.
539 1854 615 1876 cum
642 1845 750 1885 glossa
778 1843 798 1874 ι’.
815 1853 842 1875 e.
853 1843 969 1883 pronis.
1002 1840 1178 1881 petentibus
1198 1840 1277 1869 Vat.
1295 1848 1346 1877 pr.
1365 1847 1405 1867 m.
1424 1846 1490 1866 sec.
1508 1843 1543 1866 et

75 1894 155 1921 tert.
172 1890 246 1921 Pal.
264 1889 361 1920 Rott.
378 1888 532 1919 Florent.
550 1886 646 1918 Med.
672 1896 724 1927 pr.
753 1886 817 1917 inc.
844 1885 966 1916 Heius.
986 1885 1108 1915 Petav.
1137 1892 1188 1923 pr.
1207 1880 1325 1912 Ambr.
1354 1889 1405 1920 pr.
1432 1879 1542 1909 Oxon.

78 1942 147 1964 sec.
185 1935 296 1963 oestuat
320 1941 382 1972 pro
409 1931 544 1971 explicat
568 1930 690 1960 Petav.
705 1938 756 1969 pr.
785 1928 906 1959 deerat
931 1928 986 1958 hic
1004 1936 1121 1958 versus
1137 1926 1216 1955 Vat.
1233 1933 1302 1954 sec.
1320 1922 1439 1953 Ambr.
1463 1925 1543 1952 tert.

77 1980 114 2006 et
130 1974 348 2015 Cod.Epig1-.
366 1972 697 2010 Ambr.—41jace‹1t
724 1971 836 2002 Oxou.
868 1980 937 2002 sec,
967 1969 1067 2008 jactet
1096 1969 1228 1999 Bonon.
1266 1975 1346 2006 soepe
1375 1974 1436 2005 pro
1456 1963 1544 2001 forte
1580 1962 1582 1965 '

78 2017 207 2091 1Ῑξιιεὶίᾶ.
223 2018 307 2049 Exc.
324 2016 405 2048 Pat.
422 2025 492 2048 rec.
528 2025 634 2056 sapore
650 2014 726 2046 Pal.
761 2024 872 2055 vapore
900 2014 983 2044 Vat.
1011 2014 1167 2043 sem—42
1191 2009 1300 2041 <estiva
1322 2017 1384 2049 pro
1406 2009 1546 2037 armenta

113 2063 203 2091 etav.
222 2069 274 2100 pr.
1199 2066 1203 2068 -

744 2143 776 2174 N
782 2141 884 2173 OTAE

123 2221 165 2250 36
191 2219 360 2250 Contraria
381 2218 534 2259 tempora]
566 2218 675 2249 Velut
700 2227 790 2259 quae-
845 2217 934 2258 piam
952 2216 1050 2247 Nilus
1067 2215 1181 2254 trahit,
1193 2213 1273 2244 hinc
1290 2216 1328 2243 ut
1345 2211 1480 2242 dicatur
1492 2218 1548 2250 pa·

82 2268 157 2300 dam
174 2269 293 2309 hyems
311 2269 391 2300 Nilo
407 2268 522 2300 reddit
544 2273 788 2308 tempestatem
844 2265 986 2307 pyrifer.
1032 2264 1179 2296 Ovidius
1195 2275 1202 2294 ι
1227 2265 1235 2280 ‘
1253 2263 1387 2303 Perque
1411 2259 1549 2301 papyri·

84 2319 250 2361 quandam
276 2319 480 2350 contrariam
508 2318 707 2358 tempestati
737 2329 789 2349 or·
843 2315 908 2347 feri
935 2314 1138 2356 septemflua
1163 2313 1301 2344 flumina
1328 2310 1424 2343 Nili!
1475 2309 1548 2340 Hae

84 2369 154 2408 bis3
171 2370 235 2400 hoc
250 2375 314 2408 est,
329 2370 440 2401 aestati
455 2379 522 2410 qua
532 2368 657 2400 fruitur
673 2374 789 2400 noster
843 2376 977 2407 papyro
1005 2365 1054 2395 usi
1081 2369 1213 2395 veteres
1241 2362 1284 2392 ad
1309 2359 1523 2392 scribendum
1540 2369 1549 2396 ;

84 2420 185 2459 orbis,
200 2430 269 2451 non
292 2430 372 2451 vero
390 2420 589 2450 universus:
616 2419 789 2459 AEthiopia
828 2422 879 2448 ret
910 2416 1061 2457 AE'gyptii
1094 2415 1136 2446 ad
1174 2413 1312 2454 cymbas
1346 2409 1548 2442 struendas:

85 2470 172 2501 enim
188 2475 259 2501 tum
277 2471 431 2511 hyemem
449 2470 554 2500 sentit
579 2479 687 2508 suam,
713 2479 789 2500 cum
845 2468 853 2484 ‘
871 2467 1071 2498 Conseritur
1084 2465 1198 2496 bibula
1213 2462 1414 2504 Memphitis
1429 2459 1552 2501 cymba

86 2520 143 2552 Sol
159 2521 201 2552 ad
220 2522 342 2552 Cancri
361 2522 492 2561 signum
511 2521 681 2560 pervenit.
847 2517 1001 2560 papyro!

129 2573 170 2603 38
193 2572 318 2611 AEgoeo,
336 2571 437 2611 Ionio]
462 2572 516 2601 De
533 2571 584 2600 his
603 2580 714 2611 supra.
891 2567 1040 2607 Novazes]
1066 2566 1208 2598 Novalis
1227 2569 1278 2595 est
1294 2563 1418 2594 fundus
1435 2562 1466 2592 in
1485 2569 1550 2601 quo

129 2622 318 2666 40·Remis]
351 2622 445 2652 Arva
461 2621 660 2661 stagnantia
676 2620 793 2652 ferunt
848 2619 887 2651 fit
902 2618 988 2649 satio
1004 2618 1158 2656 alternis,
1184 2617 1246 2647 hoc
1271 2620 1332 2653 est,
1354 2623 1396 2644 ex
1420 2611 1551 2641 dnobus

91 2671 228 2711 cymbas
253 2682 295 2704 ex
320 2671 539 2703 arundinibus
577 2681 636 2702 seu
663 2681 793 2712 papyro
849 2669 944 2700 annis
962 2669 1048 2699 satio
1077 2667 1181 2698 semei
1206 2665 1409 2697 celebratur.
1452 2658 1556 2690 Acci-

89 2719 210 2753 factas.
259 2723 403 2755 Tantam
430 2722 559 2764 quippe
586 2721 708 2763 papyri
739 2732 794 2754 co·
851 2719 943 2761 pitur
960 2728 1020 2760 pro
1035 2725 1249 2760 quocumque
1266 2722 1359 2754 agro.
